4846 5962
299 294 363 358 aot
1067 274 1327 344 EPISTOLAE
1351 274 1519 340 ecc-306
2223 263 2282 327 208

301 479 382 548 adeo
403 472 556 542 imbecilli
577 479 614 537 ut
635 471 759 536 mirum
775 469 819 534 sit
835 489 888 533 me
907 467 1073 548 hucusque
1091 463 1268 548 perdurare
1319 460 1464 537 ruinam,
1505 458 1598 524 cuius
1645 477 1814 522 successim
1860 461 1894 520 et
1930 453 2092 538 proiectus
2130 449 2283 516 latissime

301 564 451 650 potuisse.
495 558 631 624 Perstiti
659 555 745 638 quod
759 552 799 641 ¹⁰)
828 553 927 636 potui,
954 572 1070 617 verum
1099 550 1163 616 nisi
1191 570 1268 616 mox
1320 543 1521 610 diffunditur.
1567 543 1722 608 Genavae
1744 541 1896 608 vicesimo
1913 539 2050 622 septimo
2072 536 2204 621 Aprilis.

301 647 496 718 accesserint
522 643 577 726 qui
605 643 690 707 hanc
718 641 754 705 in
781 660 856 706 euos
884 639 1038 703 humeros
1066 635 1268 720 provinciam

301 732 482 816 suscipiant
508 739 541 794 et
571 728 789 793 decertantem
815 723 980 802 adiuvent,
1008 741 1206 805 magnopere
1228 721 1268 784 ti-

301 840 375 886 meo
397 839 438 882 ne
460 815 554 881 nobis
571 813 677 878 omnis
698 811 843 876 laborum
866 810 991 874 fructus
1013 816 1133 890 pereat,
1156 813 1189 870 et
1206 805 1268 870 nisi

301 925 355 971 me
367 901 529 969 Dominus
546 897 739 964 mirabiliter
754 896 898 960 fulsisset
915 894 1066 976 auosque
1083 891 1268 968 addidisset,

301 989 429 1075 pridem
456 986 607 1068 imposito
634 983 725 1048 oneri
756 979 1012 1056 succubuissem,
1038 987 1087 1042 tot
1114 985 1147 1043 et
1168 976 1269 1041 tauns
1707 1022 1905 1030 -ss

302 1075 439 1142 obrutus
470 1093 508 1136 ac
546 1070 733 1136 submersus
771 1065 918 1148 negotiis.
973 1065 1042 1130 Vos
1074 1063 1177 1148 igitur
1211 1082 1270 1144 per

304 1159 475 1228 Christum
487 1155 667 1220 Dominum
688 1173 744 1218 oro
761 1173 873 1216 omnes
891 1165 923 1214 et
944 1151 1095 1228 obtestor,
1117 1157 1155 1213 ut
1171 1147 1269 1212 huius

304 1244 458 1318 acclamas
478 1262 591 1308 curam
612 1238 804 1320 suscipiatis,
827 1257 886 1302 nec
908 1257 1000 1302 secus
1027 1245 1156 1300 vestrae
1182 1253 1269 1298 com-
1765 1203 1841 1274 3⁰5·

304 1331 439 1397 missam
461 1326 535 1392 fidei
558 1324 767 1401 arbitremini,
785 1343 882 1405 quam
901 1342 956 1386 eae
969 1319 1084 1404 quibus
1102 1319 1269 1403 praeestis,
1551 1339 1799 1410 BEDROTUS
1822 1338 2058 1406 GRYNAEO·

306 1416 453 1498 detisque
475 1432 606 1494 operam
627 1419 663 1474 ιιι
686 1407 849 1484 Meinas,
879 1415 974 1472 vetus
1001 1405 1090 1470 illius
1118 1403 1270 1470 ecclesiae

330 1509 433 1576 aetor,
462 1497 607 1562 omnium
637 1495 801 1578 suffragiis
833 1501 1016 1570 revocatus,
1049 1511 1087 1556 ao
1119 1483 1271 1554 bmnibns
1410 1515 1592 1581 Novissima
1612 1513 1765 1578 mimam
1796 1512 1947 1589 literaria,
1963 1485 2101 1592 pompm,
2123 1511 2158 1574 5„
2179 1508 2290 1592 quam

305 1525 617 1660 desideratissimus,
645 1589 678 1644 et
708 1579 815 1644 anxiis
842 1576 1013 1662 expitis¹¹)
1048 1576 1208 1658 suspiriis,
1242 1574 1271 1638 ei
1323 1609 1353 1668 ep
1374 1601 1549 1666 Imperia
1572 1598 1696 1664 (palmi
1717 1563 1849 1663 rm
1870 1597 2105 1662 lucubrationes,

306 1671 511 1746 restituatur,
541 1687 604 1749 quo
632 1665 741 1730 nullus
769 1662 865 1728 hodic
892 1663 976 1728 vivit
1004 1663 1060 1743 qni
1082 1661 1155 1744 plus
1176 1661 1212 1726 in
1234 1681 1273 1724 ea

306 1757 411 1842 possit
442 1761 475 1819 et
506 1753 558 1819 cui
591 1759 668 1816 sunt
695 1749 805 1815 omnia
832 1750 866 1812 in
898 1770 937 1848 011
952 1747 1202 1846 exploratiores,
1235 1755 1274 1809 ut
1326 1775 1379 1840 (ux
1396 1779 1509 1840 euagre
1528 1767 1761 1822 totietatem
1778 1769 1878 1820 taviae
1895 1767 1983 1821 ruet
2017 1767 2093 1820 use.
2111 1768 2140 1820 a.
2158 1765 2202 1820 so.
2221 1767 2290 1820 oum.

307 1841 408 1910 simul
435 1839 586 1904 eeclesiae
613 1835 799 1901 consulatur
827 1847 860 1899 et
880 1842 1059 1898 ministerio
1081 1831 1174 1897 verba
1195 1851 1273 1896 suus
1501 1787 1570 1908 hipp.
1589 1839 1618 1890 Τ.
1636 1836 1724 1890 XLV.
1742 1853 1771 1905 p.
1787 1834 1831 1890 38.
1868 1836 1966 1890 eimler
1984 1835 2047 1890 Vol.
2063 1835 2121 1902 49.)

307 1929 498 1994 restituatur
518 1924 630 2000 honos,
659 1921 721 1985 nisi
749 1919 852 1986 videri
881 1919 980 1984 vultis
1005 1919 1151 1984 omnium
1172 1915 1273 1982 ccele-

307 2013 431 2080 eiarum
453 2029 565 2074 comm
585 2007 755 2084 abiecisse,
784 2017 817 2070 et
843 2007 877 2069 in
900 2004 1069 2069 Christum
1098 2000 1213 2086 perfidi
1241 2009 1275 2065 et
1411 2030 1507 2094 Dom·
1530 2025 1658 2092 Simoni
1679 2024 1835 2109 Grynwo
1858 2045 1918 2090 suo
1939 2023 2142 2090 amioissimo,

308 2100 447 2166 fratrum
485 2093 663 2177 proditores
703 2091 759 2174 qui
790 2101 934 2156 vestram
963 2109 1058 2173 opem
1089 2088 1275 2170 implorant,
2050 2126 2200 2191 Rasum

309 2204 408 2268 quam
429 2181 591 2264 denegare
612 2199 678 2242 non
698 2177 843 2259 potestis,
866 2175 928 2240 nisi
952 2175 1042 2240 omni
1060 2173 1197 2239 careatis
1215 2173 1276 2236 hu·
2202 2175 2209 2190 '

308 2267 480 2336 munitatis
501 2287 608 2330 sensu·
662 2265 709 2327 At
746 2262 883 2326 meliora
917 2260 957 2325 de
998 2260 1090 2327 vobis
1126 2259 1276 2324 omnibus
1414 2265 1449 2332 S,
1472 2266 1514 2330 Ι),
1558 2265 1591 2329 A
1611 2263 1777 2346 proximis,
1822 2283 1939 2328 uarum
1967 2262 2009 2326 ad
2031 2271 2063 2326 ts
2084 2263 2158 2328 misi
2187 2283 2295 2326 exem·

310 2373 440 2436 semper
472 2369 603 2433 sperare
635 2347 747 2427 didici,
779 2369 842 2430 quo
870 2348 908 2412 fit
928 2353 965 2410 ιιι
992 2349 1112 2410 iterum
1141 2365 1198 2410 vos
1220 2364 1278 2426 per
1328 2353 1435 2437 plum,
1466 2351 1573 2415 nullas
1601 2349 1726 2413 interea
1754 2284 1915 2412 dederunt
1942 2347 1983 2412 ad
2012 2369 2071 2414 noe
2093 2368 2134 2412 ex
2156 2347 2295 2412 comitiis

310 2459 404 2506 sacra
424 2436 535 2502 omnia
556 2434 701 2500 adiurem
720 2431 957 2514 etobteetor¹²)
976 2445 1013 2495 ut
1030 2431 1134 2514 primo
1152 2449 1278 2513 quoque
1328 2439 1440 2503 nostri.
1484 2435 1524 2500 Id
1545 2457 1603 2501 eur
1625 2434 1745 2500 faciant
1765 2435 1925 2500 miramur
1945 2455 2057 2499 omnes
2075 2433 2295 2498 vehementer.

311 2533 455 2606 tempore
477 2521 553 2586 Ι11110
574 2541 671 2586 00010
684 2521 725 2598 18)
754 2519 882 2602 11θὲ0110
908 2537 1044 2582 manum
1069 2514 1277 2590 admoveatis,
1328 2527 1399 2589 Aut
1419 2522 1503 2586 nihil
1524 2521 1633 2604 agitur
1654 2519 1694 2584 de
1714 2541 1777 2602 quo
1799 2519 1952 2596 scribant,
1976 2529 2034 2583 aut
2055 2519 2168 2584 literae
2195 2519 2295 2584 inter-

311 2631 373 2675 nec
404 2619 550 2672 00011010
583 2605 622 2670 de
649 2605 743 2670 V⁰bi⁸
771 2603 890 2668 fflflflliss
917 2602 1208 2684 ⁰¹⁸P⁰⁰l³t50110mt
1241 2621 1278 2666 00
1329 2610 1503 2692 cipiantur.
1548 2607 1785 2688 Exspectamus
1812 2606 1848 2669 in
1872 2605 2003 2688 singula
2024 2614 2189 2670 momenta
2211 2625 2296 2668 nun·

312 2692 412 2762 simul
432 2693 544 2757 literae
566 2689 762 2756 hortatorias
789 2697 823 2753 et
849 2689 1039 2753 monitorias
1062 2687 1102 2752 ad
1124 2689 1278 2752 honestos
1329 2695 1404 2760 cios.
1451 2692 1614 2758 Garardas
1627 2693 1651 2772 ¹)
1680 2689 1735 2755 ille
1764 2691 1959 2756 secretarius
1981 2691 2128 2754 animum
2154 2711 2234 2773 prae
2263 2711 2296 2755 se

312 2779 475 2847 eoribatis:
504 2786 556 2854 ut,
583 2774 855 2858 quemadmodum
880 2774 917 2838 in
940 2770 1070 2838 Calvino
1098 2770 1278 2838 revocando
1329 2782 1414 2844 ferre
1451 2778 1569 2844 dicitur
1606 2797 1704 2841 verae
1747 2776 1935 2840 concordiae
1967 2775 2165 2858 cupidiorem
2200 2795 2297 2857 quam

312 2865 425 2932 laetati
452 2869 529 2928 eunt
556 2863 646 2944 pium
671 2861 708 2926 in
737 2861 828 2926 verbi
848 2859 1015 2924 ministros
1037 2859 1200 2936 affectum,
1223 2855 1279 2922 de·
1329 2865 1541 2930 Wormatiae.
1600 2863 1652 2926 De
1692 2862 1800 2926 'Parca
1835 2873 2035 2944 sparguntur
2066 2859 2297 2926 diversissima.

313 2956 514 3031 vraruntque
529 2949 568 3026 ¹⁴)
607 2967 719 3011 eorum
754 2945 954 3028 impietatem
986 2953 1019 3010 et
1050 2943 1220 3028 perfidiam
1260 2962 1280 3006 ὓ
1331 2951 1398 3016 Alii
1415 2951 1503 3016 enim
1514 2949 1650 3012 Pestnm
1668 2955 1892 3030 expugnatum
1904 2967 2079 3030 omnesque
2090 2945 2296 3012 Christianos

315 3036 434 3120 001000
460 3043 529 3098 00111
558 3033 698 3115 turpiter
731 3031 854 3096 1001οῑ0
887 3051 999 3109 00080,
1032 3029 1123 3094 nullst
1151 3037 1281 3095 0010000
1331 3037 1448 3102 mieore
1481 3032 1671 3099 trucidatos:
1704 3045 1817 3096 contra
1848 3032 1905 3096 alii
1937 3041 2124 3097 asseverant
2163 3034 2296 3110 Tarans,

313 3121 396 3188 iuris
423 3119 597 3202 religione,
626 3117 738 3184 reiecti
766 3133 842 3182 sunt
870 3117 986 3181 fratres
1015 3117 1173 3197 aquibus
1195 3114 1280 3180 docti
1331 3133 1501 3205 postquam
1521 3131 1574 3184 ter
1593 3120 1715 3184 frustra
1736 3125 1980 3200 oppugnassent
2000 3117 2124 3194 urbem,
2145 3138 2300 3184 caesosa

313 3206 460 3282 fuerant,
488 3205 534 3268 ita
561 3203 598 3268 in
626 3203 698 3268 aliis
724 3223 850 3286 quoque
870 3202 976 3266 facere
997 3211 1145 3284 pergant,
1167 3207 1199 3264 et
1221 3199 1280 3264 ali·
1331 3207 1538 3284 Christianis,
1560 3215 1688 3288 practer
1705 3204 1979 3285 exspectationem
1997 3204 2032 3267 in
2042 3203 2116 3269 illos
2125 3205 2300 3287 eruptione

316 3311 412 3375 qaam
434 3289 576 3354 habeant
596 3288 784 3371 disciplinae
806 3286 1040 3354 ecclesiasticae
1057 3285 1225 3364 rationem,
1248 3291 1282 3348 et
1332 3293 1425 3357 facta.
1480 3291 1564 3356 Utra
1596 3291 1682 3354 fama
1714 3288 1758 3354 eit
1794 3288 1903 3353 verior
1934 3287 2025 3354 brevi
2057 3307 2299 3371 cognoscemus.

315 3374 501 3442 offendiculi
530 3375 645 3457 quovis
676 3383 836 3438 terrarum
868 3373 989 3455 sparsi,
1022 3371 1214 3454 praesertim
1244 3371 1281 3434 in
1333 3377 1463 3442 Ιιιιιιινὶ
1493 3376 1649 3456 scripto'2)
1682 3375 1743 3439 etei
1783 3372 1932 3438 nonnihil
1962 3374 2105 3440 offensus
2139 3395 2231 3452 sum,
2265 3395 2300 3438 eo

318 3460 465 3539 Corddo,
494 3481 591 3542 quem
620 3467 687 3523 tam
715 3457 860 3542 indignis
881 3467 1056 3522 tractmum
1083 3456 1188 3522 modis
1209 3463 1283 3540 poet
1333 3463 1474 3528 maximo
1496 3460 1582 3542 quod
1604 3459 1659 3524 alii
1676 3459 1896 3536 offenduntur,
1917 3458 2058 3524 iucunda
2085 3473 2198 3524 tamen
2222 3458 2302 3524 mihi

317 3545 462 3624 vincula,
481 3545 517 3608 in
539 3544 691 3610 solatium
708 3563 786 3608 suae
804 3543 977 3620 caecitatis,
999 3544 1033 3607 in
1055 3543 1208 3608 exsilium
1229 3562 1282 3606 re·
1333 3549 1421 3613 illius
1442 3547 1537 3611 lectio
1559 3545 1629 3622 fuit,
1651 3555 1783 3628 proptor
1800 3545 1907 3628 capita
1924 3544 2081 3626 quaedam
2098 3557 2190 3610 certa
2211 3565 2302 3610 accu-

317 3629 479 3715 legarunt,
498 3629 590 3692 nulla
610 3631 679 3693 cius
701 3630 899 3711 paupertatis
915 3628 1115 3694 infirmitatis
1136 3637 1169 3693 ct
1185 3629 1282 3692 mise-
1333 3643 1404 3699 rate
1426 3633 1466 3698 ab
1488 3633 1557 3714 ipso
1580 3637 1734 3708 tractata,
1762 3643 1799 3694 ut
1825 3641 1875 3695 est
1903 3629 1943 3694 de
1969 3629 2091 3712 duplici
2111 3631 2253 3697 eeclesia
2272 3635 2304 3696 et

317 3716 442 3782 riarum
462 3713 574 3780 habita
590 3715 722 3792 ratione,
744 3713 1083 3796 etlaborumquibus
1106 3713 1283 3780 virbonus
1334 3720 1502 3800 utriusque
1541 3717 1628 3780 inter
1665 3735 1699 3780 se
1737 3715 1921 3781 collatione:
1967 3715 2104 3781 historia
2141 3715 2185 3780 ad
2226 3717 2305 3780 haee

318 3823 354 3870 ee
375 3801 483 3884 ipsum
503 3819 606 3883 paene
627 3799 831 3866 exhauserat.
865 3799 1059 3865 Pcrscribite
1076 3801 1184 3865 omnia
1201 3819 1283 3881 quae
1334 3802 1537 3870 Lutherismi
1567 3810 1663 3884 atque
1690 3801 1795 3884 origo,
1825 3798 1865 3864 de
1890 3801 2109 3880 restitutione,
2138 3801 2179 3866 de
2210 3823 2248 3867 re
2274 3809 2306 3866 et

318 3887 412 3956 robis
429 3886 501 3951 visa
516 3884 638 3950 fuerint
655 3884 979 3968 cessuraingloriam
990 3884 1122 3950 Christi.
1145 3885 1283 3950 Minime
1335 3909 1557 3974 personarum.
1567 3890 1594 3968 8)
1654 3884 1784 3952 Similia
1823 3885 1961 3970 denique
2003 3887 2102 3952 habet
2144 3886 2307 3970 quaedam

321 3972 454 4039 dubium
492 3980 542 4036 eet
581 3971 661 4052 quin
698 3969 849 4034 lubenter
886 3991 944 4053 per
986 3972 1095 4035 omnia
1137 3980 1283 4036 vestrum
1335 3977 1417 4040 mire
1439 3973 1594 4056 apposita.
1628 3970 1706 4036 Vidi
1724 3971 1774 4037 his
1792 3971 2162 4038 diebusBrausviteaais
2184 3975 2308 4058 eoripta

321 4066 400 4124 eunt
410 4059 452 4132 16)
474 4055 644 4122 mutilium
665 4055 855 4138 amplexari.
900 4055 1026 4133 valeta,
1048 4055 1165 4121 hanes
1187 4055 1284 4120 dileo·
1335 4059 1720 4140 circumpadanae
1773 4057 1860 4134 vidi,
1889 4059 2031 4141 inquam,
2055 4057 2167 4139 modo,
2199 4059 2309 4144 legere

322 4143 440 4209 tissimi
461 4151 493 4206 et
523 4149 632 4224 patres
653 4139 855 4218 observandi,
877 4149 909 4206 et
929 4141 1017 4206 illius
1039 4141 1110 4208 sitis
1132 4140 1285 4207 ecclesiae
1336 4147 1424 4211 enirn
1445 4165 1512 4209 non
1533 4143 1631 4227 potui.
1677 4141 1768 4208 Adeo
1796 4143 1877 4206 mibi
1900 4143 2103 4209 stomachum
2131 4156 2310 4210 moverunt

323 4247 481 4294 memores
513 4228 605 4292 cuius
642 4246 736 4292 casus
768 4247 882 4292 caecam
897 4227 936 4306 ¹5
969 4226 1149 4292 multarum
1183 4227 1286 4292 trahit
1336 4230 1501 4297 horrenda
1531 4227 1718 4308 maledicta,
1747 4227 1863 4310 quibus
1888 4227 2067 4311 proscindit
2088 4231 2241 4295 omnium
2264 4229 2310 4294 bi·

1336 4316 1455 4400 pedum
1478 4315 1696 4398 nequissimus
1724 4321 1758 4378 et
1785 4321 1913 4378 nostroe
1942 4323 1975 4378 et
1996 4335 2127 4380 causam
2149 4325 2309 4380 nostram.

319 4425 524 4460 ·----
1337 4401 1518 4469 Consilium
1528 4400 1626 4466 Pauli
1636 4399 1698 4464 III.
1719 4400 1829 4464 mitto:
1840 4400 1869 4482 ⁶)
1891 4421 1933 4463 ex
1954 4401 2045 4465 euius
2063 4399 2198 4466 officina
2215 4401 2312 4486 prod-

1808 677 1929 741 Veeter
1950 696 1991 740 ex
2012 693 2084 738 asse

2000 761 2120 826 Petrus
2142 757 2284 822 Viretue.

427 4598 472 4736 {ill}
489 4599 672 4738 {pampo
687 4602 743 4658 aa:
761 4603 857 4671 quoae,
875 4602 930 4657 aa:
948 4603 1075 4658 amatia
1091 4603 1252 4672 ereata}
1338 4571 1475 4720 39:523,ss
1488 4569 2313 4727 ss'ffgffifffflffiffi'ffgmpffl

428 4734 473 4802 12)
494 4739 631 4791 obtemp?
1344 4708 1523 4763 Waedemana
1541 4707 1673 4830 (Ecbhp.
1691 4708 1754 4787 dli)
1771 4713 1842 4762 recte
1860 4709 2014 4777 Veltuyck.

429 4805 475 4870 13)
493 4807 587 4858 ,wop
1441 4777 1471 4838 2)
1492 4777 1596 4832 Contra
1645 4789 1769 4832 meam
1785 4777 1936 4831 emata.
1960 4792 1990 4830 eo
2007 4777 2069 4844 ipsc
2086 4783 2207 4844 tempore
2226 4777 2316 4834 edita:

428 4873 474 4938 14)
490 4873 547 4954 sic!
563 4873 624 4928 vide
640 4891 679 4929 art
694 4875 835 4946 lepertdm
851 4875 904 4931 ait:
920 4875 1134 4946 deierarontqm.
1340 4847 1434 4900 Widffl'
1443 4847 1525 4968 3³⁸⁰?
1540 4849 1645 4950 'Wffl'flh

429 4943 474 5011 ιι)
492 4943 550 4996 aar
1461 4917 1577 4992 ιιιι.Ι
1890 4983 1895 4994 1

429 5011 472 5074 16)
491 5011 624 5067 Slmlem
641 5011 706 5065 dm
722 5011 832 5069 ooniiot‘t
847 5013 988 5084 Ιιρειιὰιιιιι
1005 5029 1075 5068 ease:
1094 5031 1191 5068 seeum.
1341 5051 1359 5106 ἶ.
1376 4985 1474 5108 1le
1493 4981 1636 5104 &lm
1663 4981 1722 5036 ⁸⁰⁸3·
1750 4987 1776 5036 ‘l
1803 4983 1969 5052 stillim»
1991 4999 2039 5052 “P-
2067 4982 2219 5038 Hm
2241 4985 2267 5038 Τ
2266 5023 2273 5038 ·
2291 4983 2318 5039 Ι·

1444 5121 1474 5181 b)
1496 5119 1605 5174 Galoirtt'
1625 5120 1759 5188 scriptitat
1781 5118 1971 5192 ψευδώνυμον.
2008 5119 2081 5190 Opp.
2108 5121 2140 5175 T.
2162 5120 2197 5175 V.
2215 5137 2249 5190 p.
2268 5119 2318 5176 461

1344 5204 1380 5244 ιι.
1400 5188 1484 5244 Proll.
1499 5203 1531 5256 p.
1550 5189 1593 5242 ot.
1948 5211 1952 5220 .
