4910 5974
167 327 229 390 tet
1069 329 1149 391 1543
1171 325 1264 392 IAN.
2102 333 2164 396 tas

166 513 242 581 belli
264 511 449 596 sumptibus
471 532 536 578 non
558 533 662 578 unum
682 513 718 578 in
740 534 864 578 annum
885 511 943 580 sed
965 512 1140 580 admodum
1192 514 1276 580 acris
1297 514 1466 600 παρῤιισία,
1495 534 1533 580 ao
1556 515 1691 597 proinde
1719 533 1912 598 responsum
1934 524 2085 599 paratum
2107 539 2168 602 per

167 599 279 684 plnres
299 597 501 682 supputatis:
525 596 656 682 quodsi
675 600 805 676 nonsit,
826 621 892 665 nou
910 607 1015 666 estut
1036 599 1140 665 ullam
1191 622 1245 666 me
1265 601 1380 678 fuerat,
1409 621 1473 684 quo
1496 614 1528 665 et
1555 602 1660 666 nostri
1681 601 1716 664 in
1738 623 1773 666 se
1795 601 1896 666 animi
1919 602 2049 684 plenam
2072 605 2163 669 testi·

167 685 261 752 nobis
283 683 457 768 gloriosam
487 683 658 748 victoriam
679 684 901 767 polliceamur.
945 684 1140 770 Sapientum
1191 687 1384 764 ficationem,
1412 697 1446 750 et
1466 687 1671 752 innocentiae
1690 687 1753 752 hac
1774 686 1904 768 quidem
1924 688 1960 750 in
1980 695 2073 770 parte
2094 689 2164 754 fue-

167 769 297 854 qnidem
320 767 455 846 indicio,
485 771 548 835 nisi
569 769 763 835 miraculose
785 791 845 836 ceu
868 770 1061 838 amachius
1083 769 1140 836 ad·
1192 781 1268 837 rant
1299 773 1452 856 agnituri.
1508 771 1632 836 Verum
1667 794 1709 836 ne
1747 771 1937 854 procederet
1967 772 2163 853 institutum,

167 855 291 942 fulgeat
312 855 450 921 coeleste
471 854 677 938 praesidium.
723 853 790 921 Sed
813 855 854 920 de
875 857 915 921 iis
938 857 1026 922 satis.
1191 858 1268 922 fecit
1285 859 1523 924 communicata
1534 856 1710 922 eorundem
1727 859 1864 922 fratrum
1883 857 1924 922 ad
1935 857 2109 924 arastum
2123 858 2164 944 ¹¹)

254 941 390 1007 (lartum
414 952 464 1005 est
484 941 670 1023 pontificem
685 940 825 1006 Paulum
846 942 1020 1007 concilium
1042 963 1139 1007 suum
1192 943 1342 1025 epistola,
1373 965 1438 1026 qua
1459 951 1546 1009 certe
1574 953 1703 1025 praeter
1724 951 1870 1008 nostram
1889 945 2164 1026 exspectationem

169 1049 273 1110 nuper
294 1046 445 1091 exorsum
468 1030 575 1104 cessit)
598 1027 756 1098 Tridenti.
779 1026 895 1092 duobis
912 1027 1140 1093 Gardinalibus
1192 1031 1238 1094 sic
1265 1029 1396 1106 leniter,
1430 1027 1574 1111 adeoquo
1602 1027 1719 1093 blande
1748 1029 1848 1094 etiam
1877 1049 1951 1095 cum
1973 1051 2010 1094 eo
2032 1031 2165 1096 homine

168 1115 223 1179 illo
241 1113 407 1198 ablegatis,
425 1133 564 1194 quorum
581 1113 663 1176 alter
674 1111 813 1178 Calaber
830 1123 888 1193 est,
906 1114 1137 1198 alterAnglus.
1191 1125 1303 1198 agunt,
1323 1125 1435 1179 utnon
1452 1115 1588 1180 obscure
1606 1113 1926 1196 deprehenderimus,
1945 1114 2034 1180 haud
2051 1116 2163 1181 eodem

168 1201 251 1265 Erat
272 1210 306 1263 et
330 1198 519 1264 Contareocs
541 1219 578 1262 eo
600 1206 760 1264 venturus
782 1219 885 1282 papae
907 1197 1051 1277 decreto,
1082 1197 1140 1263 sed
1190 1199 1308 1264 iudicio
1331 1199 1416 1265 hano
1437 1219 1568 1265 causam
1590 1199 1630 1264 ab
1652 1200 1731 1281 ipsis
1759 1220 1937 1282 expensam
1959 1211 2057 1282 atque
2079 1212 2163 1268 trac·

168 1291 361 1358 venenant
381 1283 531 1360 fertur,⁴)
554 1281 594 1346 de
616 1283 725 1348 medio
754 1283 902 1349 sublatus
923 1292 982 1350 est.
1028 1283 1139 1350 Advo·
1191 1294 1293 1350 tatem
1325 1307 1403 1352 esso.
1448 1285 1534 1350 Nam
1556 1307 1656 1368 quum
1678 1285 1783 1348 obiter
1809 1295 1937 1350 tantum
1970 1295 2004 1351 et
2024 1287 2164 1353 civiliter

168 1371 316 1452 larunt⁶)
339 1370 479 1452 episcopi
502 1369 600 1433 italici
631 1368 757 1445 decem,
788 1379 821 1434 et
842 1391 861 1434 e
882 1370 1063 1436 Germania
1083 1371 1139 1436 ab·
1191 1387 1357 1448 accusent,
1391 1369 1558 1454 neglectae
1579 1371 1880 1436 communicationis
1912 1373 2163 1439 cumfratribus

169 1455 260 1521 bates
289 1454 420 1538 quidam
448 1453 651 1536 nescioqui.
700 1455 856 1520 Pontifex
877 1457 948 1538 ipse
970 1456 1140 1521 Bononiae
1191 1467 1303 1538 aperte
1324 1477 1383 1540 per
1405 1477 1463 1520 nos
1492 1458 1669 1522 excitatum
1691 1454 1778 1520 istud
1799 1457 1987 1521 incendium
2008 1459 2162 1536 fatentur,

169 1551 230 1616 est,
261 1562 303 1606 ex
323 1539 492 1606 Caesareis
513 1541 578 1605 Dn.
605 1540 775 1606 Grcaoello
804 1539 863 1606 tibi
890 1549 1001 1620 notus,
1031 1542 1140 1606 nescio
1192 1543 1243 1606 oui
1266 1541 1495 1625 restinguendo
1517 1542 1572 1606 ille
1599 1540 1733 1605 modum
1763 1542 1928 1607 nonsatis
1958 1542 2164 1609 commodum

168 1627 244 1710 quid
273 1627 314 1692 de
340 1647 419 1710 pace
454 1637 585 1692 acturus
613 1626 699 1691 inter
728 1625 903 1692 Gaesarem
932 1639 966 1692 et
993 1627 1138 1694 Gallum.
1192 1628 1381 1704 observarit,
1403 1627 1480 1693 licet
1501 1626 1541 1692 de
1564 1627 1729 1710 proposito
1750 1627 1887 1692 minime
1908 1626 2060 1695 seditioso
2082 1629 2164 1694 nihil

169 1713 257 1780 Sunt
285 1713 341 1794 qui
369 1719 493 1863 δυωιιι
521 1723 554 1776 et
588 1712 698 1794 ipsum
727 1712 902 1778 Gaesarem
935 1711 977 1778 ad
1009 1713 1141 1778 comitia
1192 1713 1367 1798 ambigant
1412 1713 1545 1796 Itaque,
1576 1723 1611 1776 ut
1632 1733 1748 1777 verum
1768 1713 1888 1790 fatear,
1917 1713 1964 1777 mi
1985 1715 2096 1792 frater,
2122 1713 2163 1779 ad

168 1810 344 1865 venturum
394 1797 531 1876 arolam,
560 1795 616 1861 sed
644 1796 713 1861 falli
741 1797 905 1862 videntur.
956 1799 1026 1863 Aut
1052 1799 1140 1862 enim
1192 1819 1263 1862 rem
1284 1799 1540 1881 inexspectatum
1557 1795 1704 1864 nonnihil
1722 1799 1884 1880 obstupui,
1907 1809 2062 1882 metuque
2084 1821 2163 1866 non·

169 1906 233 1950 non
256 1884 396 1968 attinget
418 1882 473 1946 ille
496 1903 639 1966 unquam
662 1883 873 1950 Germaniam
897 1893 1061 1949 mortuus:
1085 1892 1141 1950 aut
1192 1883 1282 1948 nullo
1304 1883 1471 1966 perculsus
1493 1905 1582 1962 sum,
1611 1905 1677 1948 non
1698 1895 1765 1948 tam
1788 1882 1873 1966 quod
1898 1883 1950 1948 his
1971 1883 2102 1950 videam
2123 1885 2163 1951 il-

170 1971 195 2035 si
217 1977 381 2052 superest,
412 1975 445 2032 et
472 1989 552 2033 aura
580 1967 711 2032 mortali
731 1969 909 2034 etiamnum
931 1970 1078 2036 vescitur
1099 1967 1141 2034 ad
1191 1969 1263 2034 lum
1291 1976 1441 2034 nostrum
1472 1971 1650 2034 animatum
1678 1989 1749 2034 esse
1776 1969 1885 2051 potius
1914 1968 1956 2034 ad
1985 1972 2164 2036 certamina

169 2076 315 2121 mensem
344 2054 491 2138 Aprilem
502 2052 529 2136 ⁰)
564 2055 706 2137 primum
743 2064 800 2119 aut
827 2055 960 2119 Iunium
988 2055 1140 2120 Genuam
1191 2055 1328 2120 minime
1349 2055 1507 2140 frugifera
1523 2055 1639 2138 quibus
1656 2065 1754 2119 natus
1776 2065 1833 2134 est,
1855 2055 1933 2137 quin
1955 2055 2056 2121 latere
2077 2055 2165 2124 hunc

170 2140 309 2225 adpellot
332 2141 457 2206 hostem
480 2140 620 2204 [tuream
647 2139 797 2205 alicunde
806 2141 833 2221 ⁷)
856 2141 1039 2206 invasurus.
1084 2141 1141 2204 ln·
1192 2149 1261 2206 tam
1289 2139 1404 2206 acerba
1430 2142 1465 2204 in
1498 2161 1558 2206 nos
1585 2141 1723 2205 fratrum
1750 2141 1889 2205 invectio
1917 2149 2069 2223 nequeat,
2099 2163 2164 2208 non

169 2229 263 2292 terim
287 2227 396 2290 omnia
425 2225 593 2292 classicum
624 2235 752 2291 sonant.
796 2225 917 2290 Rhaeti
947 2227 1142 2291 immontani
1191 2227 1298 2310 magis
1327 2245 1424 2310 quam
1445 2245 1503 2290 nos
1524 2245 1608 2308 quae
1629 2223 1671 2289 ad
1692 2225 1785 2290 illum
1808 2226 1930 2307 scripta
1955 2233 2041 2306 sunt,
2064 2249 2163 2311 quam

169 2312 209 2378 ad
242 2311 382 2377 dnornm
411 2311 549 2375 millium
584 2331 758 2376 numerum
797 2311 924 2390 selecti,
963 2311 1142 2376 militatum
1193 2311 1280 2395 quod
1301 2313 1487 2377 animorum
1509 2311 1758 2378 disiunctionem
1780 2312 1984 2395 prospiciam,
2008 2313 2071 2378 nisi
2095 2313 2163 2378 Do·

169 2399 275 2463 abiere
299 2397 340 2462 ad
360 2397 586 2462 Marchicnem
617 2395 657 2460 de
678 2397 711 2462 la
736 2397 864 2478 Quarto,
894 2395 1141 2482 gubernatoriss)
1193 2398 1304 2462 minus
1333 2397 1430 2480 plene
1461 2397 1639 2480 abnegatos
1670 2396 1796 2462 animos
1829 2398 2034 2462 concesserit.
2089 2397 2164 2464 Scis

170 2481 254 2566 apud
277 2483 432 2548 insubres
461 2481 659 2546 Caesareum
688 2482 745 2565 qui
773 2491 807 2546 et
833 2481 919 2567 apud
942 2481 1078 2548 Gallum
1108 2483 1141 2546 in
1193 2483 1204 2546 i
1229 2503 1264 2547 se
1285 2503 1348 2566 quo
1370 2483 1573 2566 erumpatin
1600 2489 1694 2547 tanta
1721 2481 1942 2547 teneritudine
1965 2483 2064 2549 semel
2086 2484 2164 2549 insi·

170 2589 248 2654 agro
289 2567 533 2632 Pedcmontano
572 2565 723 2633 cohortes
762 2567 931 2632 hominum
970 2568 1142 2633 minimum
1215 2589 1274 2633 ens
1297 2568 1415 2633 animis
1436 2568 1590 2652 suspicio,
1612 2587 1695 2650 quae
1713 2574 1799 2634 certe
1821 2569 1914 2632 nasci
1931 2570 2036 2651 coepit
2064 2589 2163 2652 quum
2220 2639 2222 2645 ,

171 2655 258 2720 duas.
271 2656 300 2732 9)
356 2654 442 2718 Flam
466 2673 535 2717 rem
564 2654 743 2736 aegerrime
774 2653 885 2718 ferunt
916 2653 1035 2736 reliqui
1067 2653 1142 2738 pagi
1194 2659 1307 2736 aperta
1334 2653 1572 2737 significatione
1606 2653 1785 2731 declarent,
1820 2674 1856 2718 se
1885 2655 1919 2718 in
1946 2675 2006 2720 nos
2035 2663 2164 2720 tantum

170 2740 363 2805 immontani
385 2738 641 2819 Helvetioorum,
665 2739 726 2804 hoc
744 2739 851 2821 ipsum
869 2737 956 2822 quod
974 2761 1026 2804 res
1044 2739 1144 2806 habet
1194 2737 1362 2804 efftmdere
1372 2737 1575 2803 stomachum
1589 2749 1623 2804 et
1639 2759 1709 2802 esse
1721 2737 1833 2804 diserti
1847 2739 2003 2806 voluisse:
2022 2742 2165 2806 maxime

169 2827 420 2910 praesagientes,
454 2834 491 2889 nt
530 2823 607 2888 dum
638 2825 810 2889 contrariis
848 2823 988 2888 dominis
1027 2825 1143 2890 militia
1193 2825 1249 2906 qui
1271 2844 1338 2888 non
1359 2823 1510 2888 dubitent
1530 2844 1609 2907 erga
1637 2824 1877 2906 antagonistam
1905 2847 1964 2890 nos
1997 2847 2068 2892 reos
2113 2847 2164 2892 ro·

170 2911 433 2988 summittitur,⁹)
452 2910 601 2975 simulet
622 2909 703 2974 tides
724 2916 837 2974 nostra
859 2908 1063 2994 dignitasque
1078 2909 1143 2976 col-
1194 2909 1365 2986 nunciare,
1395 2917 1589 2991 autoresque
1615 2908 1713 2972 huius
1740 2915 1808 2972 tam
1829 2911 1948 2976 atrocis
1970 2848 2164 2994 tragoediae.

169 2996 380 3062 labefactetur
402 3006 434 3060 ot
456 2996 671 3078 nosmetipsos
699 2996 735 3060 in
756 3003 872 3060 mutua
893 2995 1019 3060 viscera
1040 2997 1141 3062 hosti·
1193 2993 1289 3060 Adde
1316 2994 1401 3077 quod
1430 2994 1560 3059 audiam
1587 2992 1630 3058 D.
1659 2991 1844 3058 mazeum
1873 3015 1893 3058 a
1925 2995 2027 3060 Vireto
2055 3017 2166 3062 eoram

170 3081 256 3148 libus
284 3082 428 3147 consiliis
455 3102 577 3166 magna
605 3079 793 3146 concordiae
820 3082 917 3146 etiam
947 3079 1142 3148 domesticae
1194 3081 1349 3146 fratribus
1375 3080 1563 3146 uaduotum
1591 3099 1649 3162 per
1670 3080 1928 3158 contentionem,
1957 3101 2062 3162 neque
2083 3081 2165 3146 mihi

171 3167 260 3234 clade
281 3167 414 3232 venales
431 3167 509 3233 facti
531 3169 740 3233 concitemus:
765 3165 898 3250 proinde
921 3174 954 3232 et
977 3169 1016 3234 ab
1039 3168 1079 3233 iis
1101 3165 1143 3232 ad
1194 3167 1294 3231 etiam
1315 3187 1457 3248 parsum.
1503 3163 1711 3249 Quapropter
1733 3184 1772 3229 ea
1800 3165 1836 3228 in
1864 3185 1901 3228 re
1924 3174 1993 3230 tota
2014 3166 2166 3230 nonnihil

171 3253 241 3318 illos
268 3254 414 3338 graviter
435 3253 611 3335 seriptum,
640 3251 761 3317 habitis
790 3273 829 3316 ea
851 3251 948 3317 dere
970 3255 1142 3320 Lacernae
1192 3251 1385 3334 prudentiae
1412 3260 1446 3316 et
1474 3249 1734 3334 aequanimitatis
1756 3249 1792 3314 in
1821 3249 1924 3315 Viretc
1946 3260 2058 3316 nostro
2081 3249 2165 3317 desi·

171 3339 311 3405 comitiis
332 3347 366 3403 et
385 3337 477 3418 alibi,
505 3336 715 3420 adhibitaque
737 3338 878 3416 ratione,
906 3359 969 3421 qua
992 3359 1068 3404 suos
1090 3361 1141 3404 re·
1194 3335 1287 3417 dero,
1316 3353 1353 3402 ut
1382 3359 1448 3402 non
1478 3337 1583 3402 dicam
1613 3335 1764 3402 candoris
1793 3335 1907 3400 etiam:
1941 3357 2038 3419 quem
2065 3337 2166 3402 miror

171 3445 285 3490 vocare
303 3432 336 3489 et
357 3423 393 3488 in
411 3424 510 3490 tantis
532 3445 644 3488 rerum
662 3423 766 3488 turbis
783 3431 816 3487 et
837 3423 978 3490 motibus
1000 3427 1142 3490 retinere
1193 3423 1239 3489 sie
1260 3424 1356 3488 ranis
1378 3421 1593 3488 delationibus
1609 3420 1795 3505 permoveri
1812 3420 1965 3504 potuisse,
1986 3428 2025 3486 nt
2046 3422 2166 3488 amicos

170 3511 303 3594 possint.
338 3512 383 3574 At
404 3529 557 3574 veremur
578 3530 621 3574 ne
643 3509 679 3572 in
701 3508 869 3574 diversum
890 3511 996 3592 rapiat
1016 3511 1141 3576 violen-
1193 3507 1234 3574 de
1253 3529 1288 3574 se
1310 3509 1477 3592 praeclare
1504 3515 1538 3573 et
1564 3507 1733 3591 loquentes
1761 3515 1796 3572 et
1821 3506 1999 3572 sentientes
2020 3509 2166 3590 proscin-

170 3605 220 3661 ter
240 3603 372 3678 pectora
393 3595 464 3660 auri
487 3615 579 3660 saera
599 3594 710 3660 fames.
1194 3593 1270 3658 dero
1289 3595 1448 3671 instituat,
1470 3595 1573 3676 quisi
1592 3592 1765 3658 calumniis
1783 3590 1874 3676 digni
1893 3599 2005 3659 essent
2022 3595 2166 3660 maxime

255 3679 431 3746 Caeterum
464 3679 503 3744 de
533 3680 792 3764 expostulatione
825 3682 963 3746 fratrum
992 3681 1141 3746 Lausan·
1193 3680 1348 3762 indignus
1370 3687 1478 3744 tamen
1499 3680 1554 3744 ille
1576 3688 1646 3744 erat
1667 3680 1723 3760 qni
1745 3679 1852 3744 looum
1873 3679 1913 3743 iis
1934 3680 2063 3745 taceret.
2097 3681 2165 3745 Ita-

170 3767 323 3832 nensium
345 3786 423 3852 erga
444 3787 502 3832 nos
516 3765 557 3852 ¹⁰)
579 3767 773 3848 scripseram
802 3788 906 3850 nuper
933 3767 1043 3831 animo
1072 3765 1140 3851 pla·
1193 3787 1255 3848 que
1278 3763 1364 3848 quod
1385 3785 1490 3830 unum
1517 3767 1552 3830 in
1581 3763 1838 3848 praesentiarum
1864 3785 1924 3848 ego
1946 3785 2077 3848 possum
2100 3767 2167 3830 effi·

169 3852 240 3918 eido
270 3858 435 3934 acceptam
464 3873 483 3916 a
511 3851 619 3931 nobis,
653 3873 757 3935 neque
789 3861 937 3918 moverat
965 3852 1143 3936 quamlibet
1192 3872 1265 3917 cere
1288 3849 1411 3928 studeo,
1439 3872 1481 3915 ne
1503 3871 1600 3934 quam
1620 3849 1849 3915 alienationem
1871 3849 1992 3916 mentis
2015 3849 2167 3916 admittat

1192 3936 1363 4019 quisquam
1386 3945 1548 4016 nostrum,
1578 3935 1656 4000 dum
1683 3953 1792 4000 coram
1815 3933 1975 4000 audiatur.
2019 3935 2060 4000 Id
2080 3935 2166 4018 quod

1193 4022 1245 4087 his
1274 4021 1388 4086 diebus
1402 4084 1409 4092 ,
1422 4021 1570 4086 futurum
1605 4019 1753 4085 arbitror.
1806 4019 2043 4086 scandalorum
2076 4023 2163 4086 enim

272 4144 302 4208 3)
321 4143 383 4198 Hoc
399 4158 503 4212 quoque
512 4142 761 4197 correctedictam.
791 4140 941 4198 Concilium
954 4139 1142 4196 Tridentium
1192 4117 1290 4192 alqlffl
1319 4107 1529 4206 fflnffiqmum
1555 4105 1629 4190 ΡῙΠΒ
1656 4106 1736 4205 ⁵⁸5?
1765 4113 1817 4171 ⁰⁸3
1846 4103 1950 4205 h⁰flfi⁰=
2002 4105 2165 4204 Equidem

165 4227 257 4267 metato
286 4211 389 4264 deorum
416 4209 563 4265 Decembre
592 4207 661 4264 1545
686 4227 747 4264 rere
770 4211 817 4264 ian
856 4214 965 4264 arohtm
988 4215 1033 4275 eet,
1060 4225 1142 4280 ςιιιιηι
1192 4191 1280 4276 quod
1302 4213 1354 4258 me
1376 4198 1495 4258 tibimet
1514 4213 1579 4256 non
1608 4197 1807 4257 committam
1836 4191 1990 4270 arbttror,
2020 4201 2058 4256 ut
2086 4191 2165 4257 alte·

162 4281 243 4336 tona
266 4279 428 4360 indictionis
451 4280 550 4333 emisso
570 4280 656 4346 faerit
678 4295 704 4332 a.
723 4279 748 4333 d.
767 4278 801 4346 ej
841 4279 879 4360 al.
898 4278 960 4331 Iun.
981 4275 1064 4360 lel.⁴
1091 4279 1142 4333 Lt-
1193 4299 1274 4343 num
1296 4279 1427 4360 abipso
1456 4279 1604 4342 animum
1624 4276 1794 4360 quisquam
1822 4275 2000 4360 intelligat,
2028 4276 2084 4359 qui
2106 4277 2164 4343 ho.

158 4351 228 4419 Μ’
243 4351 379 4404 mm
395 4364 430 4401 m.
457 4346 570 4402 ΟΜ
595 4347 758 4404 Garamas
783 4347 923 4413 PW‘M’
948 4347 1095 4401 Mmm
1118 4353 1143 4401 ‘l
1193 4365 1315 4429 minem
1337 4373 1470 4446 propter
1496 4361 1681 4445 praeclaras
1708 4361 1833 4446 ingenii
1856 4360 1947 4427 dotes
1969 4371 2003 4425 et
2024 4361 2164 4428 indeles-

162 4417 321 4544 (limesia
333 4415 1003 4555 {amsfflgngupmosgeaeaphmmm
1028 4432 1092 4470 ”⁶⁷⁰
1118 4421 1144 4470 ‘i
1194 4469 1267 4514 eum
1295 4447 1497 4532 provehendi
1519 4445 1642 4513 Christi
1671 4467 1707 4510 re
1752 4448 1763 4510 i
1792 4445 1935 4512 studium
1964 4447 2070 4512 odisse
2098 4470 2164 4513 nou

271 4552 302 4618 4)
323 4553 443 4608 strides.
457 4570 487 4637 p.
499 4551 564 4635 Ι281.
624 4623 630 4636 ι
783 4623 789 4634 ¹
830 4621 836 4635 ι
1024 4621 1030 4634 ·
1138 4620 1144 4636 .
1193 4555 1341 4635 possum,
1375 4533 1504 4600 etiamsi
1536 4533 1681 4617 graviter
1727 4531 1829 4597 aedat.
1887 4531 1952 4632 Sed
1981 4540 2014 4634 et
2043 4533 2086 4633 de
2112 4533 2165 4625 h}

156 4695 197 4749 de
215 4623 929 4762 mggffiawffligrawtgmdwffi
948 4621 1142 4760 diffidi?
1193 4641 1341 4703 proxime
1359 4619 1467 4718 plura,
1490 4639 1591 4702 quum
1618 4637 1726 4768 walam
1747 4615 2056 4768 fortefflausprealprus
2078 4629 2165 4684 mter

272 4896 302 4966 t)
320 4899 351 4952 ia
369 4897 475 4963 Asrtea
1278 4875 1410 4942 Salutat
1431 4885 1465 4942 te
1486 4875 1551 4942 Dn.
1583 4873 1764 4954 Contractus,
1795 4895 1892 4957 quem
1915 4871 1987 4939 volo
2009 4893 2164 4940 comune-

272 4964 303 5032 8)
320 4968 377 5048 ιιι..
403 4965 448 5021 Dr
475 4966 524 5021 too
549 4966 608 5022 otro
636 4965 766 5048 dramate
792 4963 835 5020 aa
859 4962 966 5046 Grata
989 4963 1072 5032 praa
1094 4961 1144 5020 dot
1194 4959 1358 5028 tissimum
1390 4961 1586 5044 persuadeas
1618 4959 1694 5038 titi,
1728 4957 1807 5026 item
1835 4959 1955 5027 Beatus
1968 4959 2008 5038 ¹²)
2042 4969 2164 5026 noster.

150 5037 390 5168 Brantdfficort
407 5035 454 5090 dee
469 5033 574 5104 moade
592 5041 751 5102 comatus,
769 5038 824 5088 tuor
843 5032 939 5088 Icotttt
955 5037 1001 5087 etc.

255 5172 302 5238 10)
322 5173 355 5227 dt
372 5171 519 5240 disotplt'tto
536 5178 560 5227 rt
578 5171 656 5227 bonit
673 5171 861 5227 maiorm
886 5169 1013 5236 (Rachel
1035 5167 1065 5222 V.
1083 5163 1143 5232 220,
1280 5165 1325 5235 11)
1345 5165 1486 5222 ameum.

148 5241 315 5306 Hmdteb·
331 5259 359 5310 p.
379 5239 451 5307 lte.)
1280 5233 1325 5303 12)
1348 5233 1467 5303 Gerana.

272 5325 384 5382 calcas
400 5340 494 5396 opero.
533 5325 592 5382 Vol.
609 5324 665 5381 xl.

1195 5101 1395 5110 ——.—
