4870 5978
294 287 356 354 ⁶19
1066 282 1328 352 EPIS'POLAE
1348 287 1519 351 tte-459
2228 287 2286 350 520

294 481 363 541 toto
383 495 470 540 nune
490 472 587 540 eorde
615 471 738 558 gratias
884 471 1026 538 Domino
1047 472 1103 556 qui
1123 493 1185 538 nos
1205 492 1265 556 pro
1314 468 1383 539 Sed
1404 471 1536 539 obseero
1559 476 1591 537 te
1611 491 1671 555 per
1688 471 1867 538 Dominum
1887 469 1998 536 Iesum
2019 477 2054 536 et
2073 477 2165 536 tuam
2186 470 2285 570 pieta·

294 581 356 627 sua
383 559 527 624 bonitate
555 492 943 643 roooneiliurenffiatus
974 558 1073 624 fuerit
1101 557 1263 640 utrinque.
1315 565 1381 624 tem
1402 578 1445 624 na
1465 578 1577 624 meum
1598 556 1633 621 in
1655 563 1688 623 te
1710 559 1856 623 animum
1876 557 2027 624 aestimes
2047 575 2089 621 ax
2110 555 2215 622 offiuo
2235 556 2285 624 lit-

293 645 401 712 Penss
422 665 475 710 ma
496 644 597 728 igitur
617 643 701 709 nibil
722 643 804 721 lnoi,
837 663 898 710 neo
918 641 1067 727 putridae
1088 643 1264 710 simultatis
1315 651 1469 720 terarum,
1491 663 1594 726 quum
1612 663 1719 709 meam
1735 644 1816 710 satis
1833 642 1963 710 noveris
1979 641 2223 726 negligentiam,
2245 651 2283 724 et,

293 730 408 796 haeret
429 729 577 812 amplius,
602 728 729 795 Goloioe
749 730 878 812 optime,
901 728 1019 812 quippe
1036 729 1091 812 qui
1109 735 1178 794 tam
1194 749 1264 795 oer-
1315 728 1384 794 sivo
1406 728 1546 796 saribam
1567 727 1609 792 ed
1630 735 1663 793 te
1684 729 1753 796 sive
1776 749 1840 794 non
1861 726 2017 806 scribam
2046 747 2099 792 me
2130 728 2181 792 tui
2203 749 2283 794 nun·

293 821 363 881 tam
384 834 475 898 spem
497 814 537 880 de
558 823 616 880 tua
636 815 837 898 ooneeperim
858 815 924 878 iam
944 816 1089 893 oaritate,
1110 835 1175 898 qua
1195 835 1265 880 em-
1315 835 1414 897 quam
1434 814 1542 897 oapiat
1562 811 1697 894 oblivio,
1724 822 1820 898 teque
1841 833 1952 879 amore
1978 833 2106 878 summo
2130 835 2168 880 ae
2188 833 2283 881 vene·

294 900 436 984 plexeris
464 921 576 966 omnes
607 907 766 983 quotquot
791 901 951 966 sineeram
984 899 1125 984 diligunt
1145 900 1266 964 verite·
1315 899 1443 965 ratione
1463 919 1649 984 prosequar.
1672 900 1895 965 Vehementer
1905 897 2030 983 gaudeo
2041 898 2141 965 Metis
2155 899 2282 967 ianuam

294 995 369 1051 tem.
403 986 453 1050 Ne
475 1007 552 1070 ergo
574 985 729 1062 haesites,
753 985 845 1064 volo,
867 985 1039 1068 quominus
1061 992 1265 1051 oonstantsm
1316 993 1463 1069 apertam
1484 1005 1563 1062 esse,
1582 985 1607 1068 ¹)
1636 984 1694 1050 sed
1722 985 1815 1051 doleo
1836 985 1981 1050 maxime
2002 983 2117 1068 lupum
2139 985 2205 1050 iam
2226 985 2282 1050 ali·

294 1071 462 1136 existimes
482 1091 536 1135 me
557 1071 692 1136 fratrem
712 1070 855 1136 inveniri
877 1079 910 1134 et
931 1071 1070 1136 amioum
1093 1072 1264 1155 integerri-
1315 1069 1451 1156 quem2)
1480 1091 1603 1136 novum
1631 1069 1887 1170 subingressum.
1930 1070 1977 1134 Et
2003 1091 2190 1154 quanquam
2220 1092 2282 1137 uon

294 1175 396 1235 mum,
419 1177 519 1240 quum
540 1154 581 1220 ob
599 1155 633 1220 id
650 1157 793 1220 maxime
810 1154 896 1238 qnod
913 1156 1013 1222 seiam
1030 1155 1125 1221 nobis
1142 1157 1176 1220 in
1195 1158 1266 1239 ipsa
1315 1156 1464 1240 ignorem
1490 1175 1588 1239 quam
1616 1155 1662 1221 sis
1690 1157 1763 1223 istro
1788 1156 1879 1222 utilis
1900 1163 1934 1220 at
1955 1157 2157 1222 neeessarius
2184 1157 2282 1223 eoele-

294 1241 424 1324 pietatis
446 1239 593 1307 doetrina
612 1241 787 1306 eonvenire
808 1240 919 1318 solide,
941 1248 1011 1306 tum
1028 1261 1106 1306 vero
1126 1240 1211 1324 quod
1228 1251 1265 1306 tn
1315 1241 1383 1306 sias
1404 1241 1540 1320 (lhristi,
1563 1262 1715 1325 euperem
1737 1249 1846 1306 tamen
1868 1247 1901 1306 ta
1922 1241 1989 1306 illio
2009 1263 2090 1318 esse,
2112 1242 2140 1306 si
2162 1240 2197 1306 id
2218 1242 2283 1309 ulla

293 1326 576 1494 tltttffllt
597 1326 1265 1495 litttaltttttltlttlt
1315 1327 1695 1478 blitirfilollllit
1708 1325 2281 1496 llttffiblt‘lttttl·

293 1463 466 1562 ministerii
496 1433 625 1562 sorteni)
644 1497 826 1562 luculenter
853 1495 1037 1564 oonoredita
1054 1497 1096 1562 ad
1118 1505 1264 1563 sanatam
1315 1496 1394 1579 quid
1415 1497 1457 1562 ad
1479 1497 1617 1581 gloriam
1627 1496 1762 1562 Domini
1783 1498 1949 1584 pertinere
1970 1497 2172 1564 iudioaveris.
2195 1499 2281 1564 Bon-

295 1582 455 1646 uuitatem
476 1589 510 1646 et
530 1603 737 1648 eommunem
758 1582 911 1648 eoolosiae
922 1583 986 1648 Dei
1008 1582 1264 1650 aedificationem
1314 1602 1392 1647 nam
1424 1583 1624 1649 eonveniunt
1650 1583 1838 1668 episeopum
1867 1581 2077 1650 &loturam
2107 1583 2281 1666 Philippeo,

293 1673 384 1732 tanto
405 1667 541 1733 instruis
562 1688 600 1733 ao
621 1667 776 1752 provehis
797 1666 924 1734 studio:
952 1669 1180 1752 primumque
1202 1669 1264 1752 ipsi
1315 1666 1417 1734 Hodie
1446 1677 1479 1734 ot
1507 1667 1562 1733 alii
1591 1668 1722 1751 quidam
1750 1667 1884 1746 eruditi,
1918 1667 1959 1734 ad
1988 1669 2113 1735 Christi
2145 1691 2280 1755 regnum

289 1751 428 1818 verbnm
449 1753 513 1817 Dei
544 1752 730 1837 intelligant
749 1773 847 1836 pure,
881 1752 997 1818 deinde
1018 1761 1056 1818 ut
1076 1755 1110 1818 in
1129 1753 1264 1820 eeclesia
1338 1752 1608 1838 ropogandum.³)
1631 1753 1696 1818 Hie
1715 1755 1790 1820 vivo
1811 1755 1924 1820 multis
1946 1754 1986 1820 de
2005 1755 2112 1822 oausis
2129 1777 2197 1821 non
2214 1757 2281 1822 sine

291 1835 416 1904 christi
426 1835 460 1901 id
470 1839 578 1920 ipsum
589 1838 776 1921 dispensent
792 1837 941 1916 fideliter,
964 1848 997 1904 et
1018 1838 1150 1904 demum
1171 1861 1264 1906 saera
1313 1775 1424 1904 iibere
1452 1861 1489 1905 ao
1516 1839 1704 1917 molestia,⁴)
1730 1839 1863 1905 tametsi
1889 1840 2009 1924 (gratia
2035 1839 2184 1926 Obristo)
2206 1842 2280 1908 Dux

292 1921 418 1988 Obristi
440 1923 588 2008 symbola
606 1931 745 1989 tractare
768 1923 894 1990 disoant
915 1926 1261 2009 qnamaugustissime.
1316 1922 1552 2005 Obristopborae
1574 1924 1721 1990 animum
1742 1925 1879 2009 pnlehre
1900 1925 2058 2010 adiungat
2079 1925 2121 1992 ad
2143 1949 2280 2011 evange-

291 2006 409 2074 Oertus
436 2029 508 2073 sum
541 2028 627 2093 ergo,
658 2009 758 2074 irater
778 2008 813 2074 iu
834 2009 975 2074 Domino
996 2008 1206 2089 observande,
1228 2010 1262 2075 id
1312 2009 1402 2074 lium.
1439 2007 1577 2075 Caetera
1598 2032 1639 2076 ex
1660 2009 1722 2076 hoe
1744 2011 1864 2076 nunoio
1886 2011 2058 2096 intelliges.
2097 2013 2189 2079 Bene
2211 2013 2280 2080 vale

291 2113 395 2157 unum
425 2093 578 2158 omuibus
609 2093 740 2176 quidem
768 2095 853 2160 votis
880 2095 945 2160 iam
974 2103 1122 2161 aestuare
1149 2104 1262 2180 peetus
1312 2095 1348 2158 in
1362 2095 1500 2160 Domino
1518 2097 1573 2178 qui
1590 2104 1733 2178 tequam
1753 2095 1935 2163 diutissime
1956 2106 2064 2163 servet
2084 2117 2159 2163 oum
2182 2119 2280 2164 uxore

290 2189 394 2258 tuum,
416 2186 454 2242 ut
473 2179 575 2243 semol
595 2179 631 2242 in
653 2201 754 2244 unum
777 2180 993 2246 ooaleseamns
1006 2181 1261 2260 animisensnm,
1313 2187 1346 2244 et
1367 2179 1498 2246 familia.
1544 2179 1660 2246 Saluta
1692 2180 1773 2246 mihi
1806 2181 1979 2266 diligenter
2010 2184 2129 2248 batres
2161 2205 2280 2264 omnes,

290 2262 377 2328 idem
399 2263 563 2345 sapiamus
584 2264 618 2328 iu
641 2265 791 2330 Domino.
822 2265 918 2331 Hune
940 2265 1041 2349 igitur
1061 2287 1163 2348 quum
1184 2268 1261 2332 novi
1312 2267 1507 2331 nominatim
1528 2275 1636 2331 antam
1659 2266 1839 2332 Amanium.
1862 2267 2098 2353 Mombelgurdi
2114 2272 2155 2332 24
2171 2270 2281 2335 Martii

290 2355 323 2414 te
345 2349 379 2413 in
401 2357 531 2430 peetore
552 2357 681 2432 gestare
713 2356 870 2428 mentem,
899 2371 965 2416 non
987 2363 1100 2434 potero
1120 2373 1186 2417 non
1208 2373 1261 2418 me
1316 2355 1405 2416 1543.

290 2443 367 2498 tuas
388 2431 520 2498 eredere
542 2432 631 2511 fidei,
654 2455 790 2518 sperans
812 2436 880 2500 lore
901 2436 1104 2520 propediem,
1124 2436 1260 2515 Galatae,
1898 2439 1988 2504 Tuus
2010 2460 2050 2504 ex
2073 2440 2182 2506 auimo

290 2518 897 2600 quopauloreetinssemeliormentur
917 2521 1030 2598 multa,
1053 2543 1136 2604 quae
1158 2543 1261 2605 usqua
1955 2525 2130 2592 Tessanus.

289 2603 326 2666 in
347 2601 433 2668 hane
454 2603 568 2668 horam
590 2603 816 2670 desiderentur
837 2626 857 2670 a
878 2605 970 2671 nobis
992 2606 1151 2674 omnibus.
1188 2608 1260 2673 Iam

290 2688 412 2753 etenim
433 2709 507 2754 enm
528 2689 609 2754 meis
630 2689 666 2754 in
687 2711 814 2756 summa
836 2691 949 2756 fotisoo
970 2713 1079 2756 rerum
1099 2695 1259 2778 angustia,

311 2781 485 2838 roourante
506 2773 599 2840 nobis
621 2796 691 2839 eam
714 2775 858 2842 invidiae
880 2783 1105 2860 tempestatem
1116 2799 1260 2861 quorun-

331 2879 365 2922 m
386 2857 551 2924 sitibunda
571 2860 763 2940 ambitione,
807 2863 841 2926 ui
862 2862 957 2928 nobis
978 2861 1106 2945 plebem
1123 2863 1190 2928 fere
1211 2873 1260 2930 to-

290 2953 358 3008 tam
378 2943 561 3026 impudenti
583 2945 682 3010 nimis
704 2882 873 3012 mendoeio
895 2948 1134 3014 exacerbarunt
1150 2950 1259 3033 impie.

289 3027 356 3094 Sed
376 3027 499 3096 videbit
516 3029 679 3096 Dominus
699 3039 733 3096 et
754 3031 944 3098 diiudicabit
972 3034 1059 3098 inter
1086 3054 1159 3112 nos,
1187 3036 1259 3118 qui-

288 3133 366 3179 nam
398 3114 465 3180 sint
495 3136 633 3198 quorum
665 3116 791 3182 malitia
821 3119 972 3184 turbetur
992 3119 1145 3185 eoolesiaa
1167 3127 1259 3186 tran·

288 3198 439 3282 qnillitas.
484 3201 535 3265 uu
555 3201 630 3267 vulo
650 3201 685 3266 in
707 3201 864 3280 Domino,
894 3202 971 3268 boni
1000 3204 1171 3271 consulens
1198 3206 1259 3272 has

288 3284 782 3370 measqualesounqueineptias.
805 3286 960 3354 Salutant
977 3289 1146 3369 telratres,
1168 3312 1259 3358 oum·
1755 3255 1832 3326 4⁵8·

287 3370 402 3454 primis
436 3369 714 3472 Sdsosuuquem
742 3372 803 3437 tibi
841 3374 928 3438 nosti
966 3373 1257 3442 devinetissimum.
1577 3407 1811 3477 GALVINUS
1833 3409 2016 3477 yffifflro·

288 3455 417 3522 Bernee
439 3459 481 3522 20
502 3457 615 3522 Martn
637 3478 723 3522 anno
748 3462 838 3524 1543.

830 3544 932 3695 gnus
952 3545 987 3610 in
1008 3545 1152 3612 Domino
1398 3577 1551 3644 roera
1579 3579 1686 3645 zoara
1713 3580 1832 3662 omae
1857 3583 1965 3663 raom
1987 3579 2158 3650 mima
2180 3591 2287 3668 pase

861 3637 951 3696 “1¹1⁸
989 3631 1171 3698 Omm-
1309 3662 1460 3729 videnter.
1511 3664 1670 3731 Antoniae
1696 3667 1818 3732 ineunte
1849 3673 1986 3749 reeepao
2019 3687 2090 3733 mm
2119 3671 2227 3738 mero
2253 3673 2287 3736 ia

1306 3749 1567 3900 grammio
1583 3753 1676 3832 oepit.
1697 3750 1775 3818 Ossa
1792 3759 1901 3818 eorm
1917 3754 1955 3819 de
1971 3758 2286 3824 eaeommoos'eolioae

673 3854 876 3864 --
1329 3855 1410 3916 w
1510 3885 1517 3899 ι

1396 2655 1435 2724 Si
1463 2657 1548 2723 istue
1576 2656 1623 2748 ad·
1647 2665 1680 2722 te
1710 2659 1837 2724 venerit
1873 2659 1989 2744 aliquis
2017 2682 2058 2727 ex
2087 2663 2203 2728 nostris
2233 2663 2281 2729 lae

1311 2763 1387 2810 eum
1408 2741 1582 2828 diligenter
1602 2741 1777 2810 admoneas
1798 2744 1905 2810 offioii.

1696 3039 1897 3048 ——u—

740 4037 815 4108 ω’
1326 4090 1391 4150 aar.
1411 4091 1439 4156 1)
1456 4089 1498 4144 oe
1515 4090 1557 4144 ars
1578 4089 1657 4145 aas
1679 4089 1838 4148 amos
1909 4093 1915 4106 ·
2081 4097 2142 4152 005.-
2158 4097 2293 4154 Hm

535 4172 772 4242 resersus
796 4173 1012 4242 emmo,
1309 4105 1995 4284 ggmwafflmwaffim.
2020 4167 2292 4287 Ilounon

373 4343 424 4411 De
455 4365 627 4430 progressu
665 4345 816 4429 worspolii
853 4347 940 4427 opu
978 4345 1131 4413 Mdouee
1162 4353 1190 4414 st
1225 4350 1260 4414 io
1307 4231 2295 4444 msswfffflmffi

288 4429 566 4596 &mmmm
585 4429 790 4600 “miraris
814 4430 917 4512 pluro
943 4432 1113 4515 praefatus
1141 4435 1260 4515 paucis
1310 4433 1699 4570 §mefssw
1712 4439 1942 4505 mmm„
1958 4440 2102 4510 imm
2119 4443 2296 4510 (Hm.

441 4685 495 4754 (lix
512 4687 679 4757 autographo
698 4685 763 4742 (lod.
782 4685 882 4741 Gener.
899 4683 955 4753 110,
973 4687 1018 4742 lot
1033 4687 1106 4756 156.)
1309 4570 2298 4778 fflffiffifflmfflmmm

288 4855 548 4942 vigilantissimo
565 4857 718 4924 eoelesiae
735 4855 941 4924 Genevsmis
957 4858 1079 4940 pastori
1088 4857 1131 4924 D.
1140 4860 1258 4926 Ioanni
1308 4777 2299 4921 mmwNaemmdilmmefflffim⁸vffi

398 4941 545 5022 couno,
566 4943 662 5008 aaut
683 4964 742 5009 suo
762 4940 964 5009 unewanno
986 4941 1150 5012 eonem.
1304 4931 1337 4984 r·
1355 4914 1390 4968 ⁷⁴
1406 4917 1602 5048 nim,
1627 4986 1729 5041 M,
1748 4987 1787 5042 aa
1808 4988 2071 5046 mmm
2094 4993 2298 5066 mm

374 5077 409 5145 S.
441 5079 522 5143 uam
545 5078 600 5144 diu
622 5087 734 5144 estex
756 5099 819 5163 quo
845 5078 1257 5170 nibiledtosoripsivir
1306 5051 2159 5175 {dm’w'ffl‘mm’mdfflk
2187 5067 2300 5136 W

288 5161 522 5245 colendissimo,
544 5172 582 5230 ut
602 5185 690 5232 nuno
711 5163 944 5249 propemodum
965 5167 1105 5238 seribere
1125 5171 1254 5256 pudeat
1306 5135 1463 5256 'qm
1478 5138 1511 5176 ω
1527 5137 1569 5203 ⁶³
1584 5123 1855 5263 i'ffipm·
1889 5127 1937 5196 (θ’
1956 5129 2069 5198 Μ’
2092 5131 2193 5200 Μ’
2212 5135 2251 5192 ‘¹‘
2268 5137 2299 5191 ¹⁶
