4910 5974
175 334 237 395 413
1074 345 1153 404 0040
1175 340 1268 406 001..
1338 403 1340 422 ,
2105 351 2168 410 414

174 527 278 599 00000,
308 523 399 590 00100
420 523 588 592 abscessus
609 548 675 592 non
697 531 803 610 potuit
825 549 891 596 non
912 537 1142 612 graveopeoto·
1193 535 1308 594 eontra
1329 527 1464 594 Gallum
1483 530 1612 612 magnis
1633 539 1770 614 paratur
1786 531 1962 608 conatibus,
1984 533 2085 598 etiam
2103 532 2169 600 alia

174 607 265 674 ribus
294 607 416 674 001000
444 611 591 696 infligere
623 625 655 677 et
685 613 839 680 ecclesiae
872 616 931 680 toti
954 635 1141 680 moerorem.
1194 613 1279 678 bella
1301 622 1455 698 surgunt,
1486 635 1569 698 quae
1590 616 1711 699 partim
1733 638 1753 680 0
1774 615 1956 700 1100000190
1977 625 2011 682 00
2032 617 2167 700 1110900-

173 694 325 760 000101001
354 697 442 760 enim
470 707 506 762 tu
534 696 700 764 dimidiam
731 701 778 764 tui
801 707 927 783 partem
950 717 983 764 00
1004 700 1143 783 populus
1194 701 1257 788 tipo
1279 709 1454 766 moventur
1482 713 1595 766 eontra
1617 701 1713 766 urbes
1735 703 1904 768 saxonicas
1927 701 2112 768 Goslariam
2134 711 2168 770 et

173 777 275 844 fidum
304 787 476 862 pastorem.
530 781 656 848 Verum
684 786 760 867 quia
787 785 979 852 consolare*
1000 795 1144 868 praestat
1194 785 1427 869 Brunsvigam,
1450 787 1571 869 partim
1593 786 1756 853 00010010
1775 797 1891 853 000000
1908 787 2060 866 Mariam,
2084 787 2167 854 an-

174 885 291 930 sanare
312 866 422 948 potius
451 867 594 934 dolorem
623 891 720 952 quam
748 871 959 938 memorando
981 873 1142 947 refricare,
1167 902 1170 992 ⁸
1194 872 1277 938 00010
1299 880 1378 953 puto
1399 892 1551 937 sororem.
1587 871 1699 953 Quare
1721 874 1884 938 exercitus
1906 877 2011 938 24000
2033 894 2053 938 0
2074 893 2166 956 pras·

173 949 281 1016 studio
308 961 476 1036 praetereo
502 974 583 1036 quae
612 953 674 1022 hac
702 957 737 1020 in
765 965 859 1038 parte
885 977 995 1022 meum
1017 964 1144 1040 angunt
1194 955 1391 1042 stantibus⁵)
1408 957 1543 1022 urbibus
1555 967 1655 1040 atque
1666 957 1836 1025 ordinibus
1853 959 2054 1042 conscriptus
2066 959 2167 1026 Haase

173 1037 330 1102 animum.
374 1039 497 1104 Precor
524 1049 633 1106 autam
655 1041 835 1107 Dominum
858 1043 968 1108 Iesum
994 1053 1032 1106 ut
1056 1041 1142 1124 quod
1195 1043 1277 1108 duce
1304 1043 1460 1108 militabit
1493 1051 1526 1108 00
1552 1043 1671 1110 comite
1698 1043 1864 1110 Guilelmo
1893 1066 1913 1109 a
1941 1043 2166 1130 0000000000,

173 1121 271 1188 huius
301 1123 412 1190 fratris
445 1125 639 1208 migratione
669 1127 808 1194 decessit
840 1128 974 1192 alterius
1007 1129 1143 1192 alicuius
1195 1130 1250 1210 qui
1272 1126 1314 1192 ad
1335 1147 1407 1192 eam
1428 1130 1629 1194 occasionem
1652 1141 1801 1195 00000000
1819 1150 1916 1214 aegre
1938 1129 2066 1196 dieitur.
2100 1131 2167 1196 Ba·

172 1208 314 1292 collegae
336 1209 400 1276 000
421 1231 584 1294 opereque
605 1215 778 1290 sarciatur,
808 1233 872 1296 quo
900 1214 1076 1280 subsistere
1097 1223 1142 1292 tu,
1194 1213 1341 1279 silienses
1363 1214 1463 1298 legati
1484 1213 1581 1280 hodie
1603 1214 1656 1278 hic
1678 1225 1808 1280 tentant
1828 1217 1865 1282 in
1886 1214 2092 1283 concordiam
2114 1237 2166 1282 00-

170 1295 217 1358 mi
238 1295 348 1370 trater,
371 1297 512 1362 statione
534 1307 567 1362 00
587 1297 765 1364 imiuenti'
787 1311 821 1364 et
841 1299 1022 1382 periculosa
1043 1319 1143 1380 queas
1195 1297 1305 1382 digere
1327 1299 1409 1366 duas
1431 1299 1643 1382 respublicas:
1667 1321 1806 1384 quorum
1828 1304 1881 1386 pio
1900 1301 2006 1367 studio
2023 1299 2167 1384 adspiret

170 1379 213 1446 ad
234 1381 377 1447 nominis
399 1382 449 1446 sui
471 1383 663 1465 profectum:
696 1385 838 1450 maxime
860 1405 938 1450 vero
959 1385 1008 1450 uti
1029 1385 1142 1450 catho-
1194 1386 1294 1450 totius
1332 1385 1558 1450 unanimitatis
1597 1386 1750 1468 pacisque
1788 1385 1976 1471 exemplum
2013 1386 2166 1454 Christus

170 1466 295 1532 licam*
322 1487 381 1550 pro
408 1467 553 1534 ecclesiis
573 1469 824 1536 sollicitudinem
846 1470 1005 1534 instillare
1027 1469 1141 1554 digne·
1193 1470 1296 1536 Iesus.
1346 1471 1437 1536 Bene
1467 1471 1555 1548 vale,
1583 1471 1629 1534 mi
1658 1472 1773 1550 frater,
1803 1494 1878 1539 cum
1906 1473 1971 1538 tuis
2005 1471 2165 1550 omnibus,

170 1559 225 1618 tur
246 1573 359 1618 eorum
381 1556 571 1636 praesertim
599 1555 718 1619 animis
745 1555 802 1638 qui
822 1576 933 1620 000000
954 1556 1143 1638 praesident
1192 1557 1365 1639 praecipue
1386 1555 1503 1622 Iacobo
1521 1555 1696 1632 Berrzordo,
1718 1579 1814 1640 quem
1836 1559 1929 1641 cupio
1951 1557 2033 1622 meis
2055 1557 2164 1624 verbis

169 1637 414 1722 gubernaculis,
443 1640 478 1702 in
506 1639 623 1722 quibus
652 1641 681 1705 si
709 1641 878 1706 exstinctis
906 1640 1075 1708 affectibus
1102 1661 1141 1706 ea
1192 1641 1314 1708 salutes
1344 1651 1493 1708 amanter
1524 1651 1559 1708 00
1590 1641 1772 1727 diligenter.
1822 1643 1966 1723 Bernae,
2004 1647 2055 1709 24.
2084 1643 2163 1708 Iulii

169 1733 257 1790 esset
277 1723 367 1802 fides,
389 1724 419 1790 is
439 1726 536 1803 aelus,
554 1729 609 1808 qui
631 1747 702 1792 0000
724 1725 870 1806 debebat,
890 1748 1018 1794 summa
1037 1728 1140 1793 offen·
1191 1729 1289 1792 Anno
1314 1731 1404 1792 1542.

170 1809 351 1876 diculorum
379 1811 516 1876 minus*
538 1821 632 1888 esset,
659 1823 692 1876 00
713 1813 843 1878 uberior
864 1813 1049 1896 feliciorque
1071 1835 1139 1879 000·
1319 1861 1379 1929 Sal
1404 1871 1436 1928 m
1462 1875 1475 1928 t
1497 1865 1578 1932 wc
1623 1853 1655 1929 -α
1721 1865 1751 1932 Β
1791 1873 1806 1929 t

167 1915 287 1961 cessus.
332 1894 434 1960 Nobis
463 1906 564 1972 certo,
593 1907 756 1979 utcunque
778 1897 917 1976 aecidat,
948 1909 981 1962 et
1002 1899 1140 1980 patienti
1380 1885 1403 1928 ¹¹
1437 1885 1460 1928 ¹¹
1580 1887 1622 1931 ⁰¹¹
1657 1886 1699 1930 ⁰¹¹
1752 1885 1791 1930 ⁶³
1805 1887 1907 1950 ¹¹⁸q¹¹⁰

166 1989 202 2045 et
223 1981 300 2046 forti
317 1981 426 2045 animo
443 1981 577 2046 1000000
595 1993 674 2047 0000
695 1983 817 2048 omnia:
842 2005 923 2066 quos
945 1984 986 2049 ad
1008 2005 1139 2048 omnem
1760 2003 1850 2068 pum
1872 2000 2043 2070 sulam
2064 2011 2160 2068 tom,

166 2073 324 2131 eventum
353 2068 506 2132 convenit
533 2087 603 2133 esse
630 2075 770 2150 paratos.
816 2067 910 2149 Quae
931 2077 968 2134 tu
989 2069 1060 2152 ipse
1081 2069 1140 2134 du-

166 2152 247 2217 dum
269 2151 428 2218 nimirum
449 2161 481 2217 et
503 2154 667 2235 sapienter
688 2164 721 2218 et
742 2154 872 2221 cordate
897 2154 1079 2237 dispexisti,
1102 2165 1141 2220 00

166 2257 241 2302 msa
268 2237 351 2302 nihil
382 2239 426 2303 sit
453 2239 631 2304 monitione
663 2259 861 2322 magnopere
891 2261 982 2324 opus.
1027 2239 1140 2308 Unum

165 2343 246 2387 vero
263 2321 326 2390 hoe
343 2323 401 2389 abs
420 2333 451 2388 te
469 2343 667 2408 magnopere
688 2325 860 2403 contendo,
879 2335 1010 2392 tuarum
1033 2337 1071 2390 ut
1087 2345 1140 2392 ra-

165 2429 240 2474 rum
263 2409 409 2508 omnium
431 2419 553 2509 statum
575 2411 739 2510 significes
764 2411 855 2489 mibi,
878 2419 912 2476 st
933 2411 1061 2511 ailquid
1081 2432 1140 2512 per
1638 2444 1715 2516 Μ,

163 2495 1139 2666 dlolrfilddlrzlallrlldaslmDlrrdonlrllerdbiulatetllilsdladrdaehtll
1450 2598 1665 2668 Buqufflys
1688 2597 1901 2666 (ymmo,

163 2673 306 2748 tuosque
330 2663 466 2732 00110001
486 2687 669 2750 cognoscas.

251 2751 320 2816 Nos
348 2752 456 2833 quiete
483 2753 562 2818 satis
587 2753 733 2834 0000,
767 2753 830 2818 nisi
858 2753 944 2834 ruod
970 2753 1138 2836 000000
1279 2769 1401 2835 rarae
1429 2769 1554 2836 casm
1582 2773 1617 2836 a
1648 2770 1821 2835 000000
1848 2791 1869 2834 a
1897 2771 1973 2836 000
2001 2769 2161 2838 cansa

162 2833 304 2902 subinde
326 2837 456 2920 aliquod
478 2839 570 2902 nobis
591 2837 712 2903 Noster
737 2838 794 2902 ille
806 2839 831 2922 ¹)
859 2839 938 2904 facit
959 2859 1033 2904 cum
1053 2839 1136 2904 suis:
1189 2855 1272 2919 my·
1293 2861 1399 2934 motas,
1429 2859 1558 2937 ecquae
1580 2877 1600 2919 a
1624 2853 1758 2922 caesare
1779 2861 1808 2919 ey
1829 2853 2034 2922 Mimo
2055 2862 2161 2924 cmm

161 2941 354 3006 quanquam
380 2921 462 2989 nihil
491 2943 688 3008 magnopere
717 2925 859 2988 efficiant
880 2925 1013 2988 Domini
1039 2924 1137 2988 bene·
1193 2941 1314 3005 Tum
1335 2946 1363 3004 ey
1386 2940 1497 3005 Ganos
1512 2946 1673 3023 parantur
1693 2945 1827 3006 enarrat,

160 3007 253 3087 ficio,
285 3009 349 3074 0101
377 3008 465 3092 quod
491 3009 729 3092 suspicionibus
759 3009 901 3074 sinistris
928 3009 1137 3074 autoritatem

158 3101 309 3159 nostram
336 3093 429 3176 quasi
456 3094 497 3159 00
525 3095 709 3179 papismum
737 3095 980 3178 respirantem*
1000 3095 1138 3162 labefac-
1190 3111 1279 3176 (οη
1364 3111 1418 3180 pho
1436 3111 1604 3164 00000000
1622 3110 1740 3178 Myconii
1757 3110 1786 3162 in
1804 3109 1875 3162 Bibl.
1894 3111 1969 3163 sirie
1988 3111 2077 3166 Turio.
2094 3113 2159 3166 olim

157 3185 242 3245 tant
279 3177 367 3244 Sunt
388 3181 501 3264 gravia
522 3187 557 3244 00
577 3179 666 3256 hacc,
689 3179 745 3246 sed
768 3180 1019 3262 aequanimitate
1041 3201 1136 3264 supe-
1188 3181 1257 3252 000·
1304 3178 1363 3235 ΑΒ
1384 3195 1454 3234 ¹1¹¹¹¹⁰
1477 3179 1507 3232 F·
1530 3177 1579 3300 ddi
1601 3177 1650 3260 tol..
1667 3175 1723 3298 ¹118·
1749 3177 1961 3298 'q‘ffifflm
1984 3179 2051 3234 ibid.
2075 3179 2106 3234 F·
2124 3179 2159 3234 5⁸

154 3263 276 3344 rande,
297 3273 331 3329 et
351 3265 554 3331 intendenda
582 3266 687 3331 modis
715 3267 868 3332 omnibus
890 3267 999 3334 cautio
1019 3268 1074 3350 pia
1095 3287 1137 3331 ne
1465 3247 1510 3302 fol.
1581 3287 1587 3301 ·
1623 3247 1728 3302 ⁸¹¹¹¹⁰¹
1777 3261 1812 3300 ⁰·
1866 3248 1888 3312 ’1

156 3347 238 3434 quid
270 3369 330 3432 per
357 3349 602 3434 incogitantiam
637 3350 807 3416 admittam
842 3359 935 3418 tanto
962 3352 1136 3437 indignum

156 3435 355 3502 ministerio.
404 3435 554 3502 Basilsae
581 3457 601 3500 a
625 3436 852 3521 00001000ᾱό11)
882 3439 971 3504 obitu
999 3439 1035 3502 in
1063 3459 1136 3502 mu·
1187 3438 1319 3504 Eximio
1350 3457 1446 3504 servo
1478 3435 1613 3502 Domini
1644 3435 1685 3500 D.
1719 3434 1836 3499 Ioanni
1864 3433 2004 3500 Oalvino
2035 3436 2158 3518 pastori

157 3531 254 3588 tuam
281 3521 423 3605 gratiam
451 3521 590 3586 redeunt
617 3523 736 3588 000000
764 3535 982 3608 symmystae,
1012 3533 1046 3588 et
1072 3526 1136 3590 coit
1186 3524 1341 3590 ecclesias
1370 3523 1550 3588 Generatis
1578 3542 1636 3586 000
1666 3521 1700 3584 10
1729 3519 1871 3584 Domino
1903 3519 2036 3586 colendo
2068 3542 2158 3605 sym·

156 3628 292 3691 quoque
313 3607 442 3673 scholae
471 3615 503 3671 et
523 3629 598 3673 cnm
626 3609 705 3692 ipsis
727 3621 761 3674 00
786 3609 873 3674 inter
894 3631 929 3675 se
951 3608 1134 3675 concordia:
1425 3617 1551 3693 mystae
1572 3615 1606 3705 et
1626 3605 1719 3670 fratri
1740 3605 1916 3672 carissimo.
1987 3691 1994 3704 ι

155 3693 191 3758 10
223 3692 313 3776 quod
341 3713 447 3776 nuper
478 3715 543 3758 uon
572 3694 642 3759 siue
670 3694 828 3778 singulari
863 3695 1030 3778 voluptate
1063 3695 1136 3760 istic
1260 3696 1474 3778 (communes
1495 3691 1634 3759 Oelvmo
1655 3690 1788 3756 11000110
1809 3699 1842 3756 00
1863 3691 2041 3774 Mycomo.)
2054 3695 2079 3777 ¹)

155 3779 309 3864 cognovi.
354 3779 452 3843 Diem
480 3777 560 3842 obiit
586 3779 674 3844 inter
702 3801 755 3845 eos
783 3779 922 3846 Ioannes
951 3779 1134 3846 Imtbordas

155 3863 344 3948 hospitati·
366 3863 455 3929 urbis
476 3863 633 3930 minister.
669 3865 783 3949 Tiguri
805 3867 970 3930 varciaco
994 3865 1133 3950 100001)

154 3949 302 4018 decessit
322 3949 445 4016 relictis
466 3959 604 4032 quatuor
620 3951 784 4034 orphanis.
818 3950 1008 4018 Bibliandro
1024 3961 1133 4016 autem

154 4057 236 4102 oum
258 4033 341 4100 febri
365 4043 415 4100 est
442 4037 626 4120 negotium,
656 4045 694 4100 ut
722 4037 788 4100 iam
816 4036 983 4103 mensibus
1012 4036 1134 4119 aliquot

154 4141 282 4190 vacare
303 4119 513 4202 praelectioni
539 4143 649 4188 sacrae
676 4123 869 4205 nequiverit.
920 4123 1133 4206 Argentorati

153 4207 309 4274 Bucam
338 4203 432 4270 uon*
466 4205 552 4272 solus
578 4206 697 4272 molem
725 4209 864 4273 sustinet
884 4217 917 4272 et
945 4208 1133 4274 valetudine

152 4295 269 4358 utitur
290 4291 370 4356 satis
392 4293 494 4368 firma,
518 4313 582 4357 non
605 4293 676 4358 sius
696 4293 892 4359 miraculosa
902 4295 1036 4358 Domini
1058 4313 1132 4378 gra-

151 4380 212 4445 tia.
262 4377 395 4442 Interea
422 4375 546 4444 bellicis
578 4377 787 4462 apparatibus
816 4379 1036 4444 tumultuatur
1065 4387 1133 4444 tota
1439 4429 1446 4444 .
1778 4427 1785 4440 .
2002 4427 2009 4440 .
2105 4428 2112 4442 .

150 4463 352 4531 Germania.
373 4461 458 4528 Nam
469 4473 601 4546 praeter
609 4463 847 4548 expeditionem
864 4465 1030 4544 turcicum
1048 4485 1132 4548 quae
1183 4439 1295 4532 nimiu
1316 4437 1350 4496 ‘³‘
1371 4437 1483 4494 “anm
1504 4447 1692 4527 ⁰⁰¹¹¹Pi¹r³T⁰
1714 4433 1910 4524 ⁰q¹¹¹¹⁵⁰m.⁰t
1936 4426 2078 4526 peditem
2094 4449 2154 4525 .¹¹¹’

149 4549 293 4616 Budam
309 4569 426 4614 versus
444 4549 600 4632 paulatim
617 4571 748 4616 movere
763 4549 890 4628 dicitur,
909 4561 942 4615 et
958 4571 1030 4616 eam
1049 4570 1132 4634 quae
1184 4523 1300 4595 smum
1323 4515 1538 4581 decreverunt
1558 4531 1722 4612 P¹m⁰¹P⁰⁸
1749 4509 1886 4576 f⁰⁰d⁰r¹⁸
1914 4519 2016 4611 ”⁰3⁸⁰
2038 4521 2071 4612 ⁰?
2091 4533 2153 4576 ¹¹¹¹·

1184 4612 1363 4686 peratores,
1394 4601 1527 4666 Elector
1555 4597 1712 4664 Saxorrcoc
1739 4607 1772 4660 et
1794 4596 2021 4678 Loniproutas,
2056 4596 2152 4662 rllum

148 4724 364 4734 ---—--
1183 4689 1269 4752 iusto
1290 4687 1374 4752 bello
1396 4705 1552 4753 00000000.
1598 4683 1682 4748 Nam
1710 4693 1872 4768 tyrannus
1902 4683 1969 4748 suis
1991 4682 2151 4766 quotidia-

1271 3831 1422 3898 Gratiam
1457 3837 1490 3894 00
1522 3847 1644 3911 pacem.
1695 3825 1787 3892 Nihil
1814 3847 1834 3890 a
1865 3828 2022 3910 proximis
2052 3828 2157 3895 literis

1186 3915 1304 3983 accidit
1325 3917 1417 3982 cuius
1435 3915 1554 3979 referat
1576 3921 1608 3979 to
1630 3913 1802 3978 certiorem
1823 3914 1904 3992 fieri,
1936 3913 2101 3979 carissime
2122 3925 2157 3979 et

1184 4002 1267 4067 mihi
1290 4001 1423 4069 colende
1442 3999 1576 4076 0010100,
1599 3999 1664 4063 nisi
1692 3998 1852 4064 tumultus
1874 3999 2008 4082 tyranni
2030 3998 2156 4064 Branc-

1184 4090 1316 4154 01000010
1344 4107 1441 4154 causa
1470 4085 1678 4170 excitatus.²)
1721 4085 1811 4150 Dum
1839 4085 1926 4149 enim
1955 4083 2011 4148 ille
2037 4084 2155 4168 legatis

1186 4173 1397 4252 Ferdiccadi,
1436 4171 1676 4256 postulantibus
1708 4191 1783 4235 oum
1822 4177 1909 4236 stare
1948 4170 2155 4254 suspensioni

1183 4259 1428 4344 proscriptionis
1450 4278 1469 4321 a
1490 4253 1609 4322 iudicio
1631 4275 1778 4322 camerae
1795 4254 1923 4337 pridem
1944 4255 2154 4322 0000001100-

1183 4345 1342 4411 larienses
1364 4343 1526 4422 decretae,
1553 4340 1719 4425 rospondit
1746 4361 1781 4405 se
1803 4339 1949 4405 1000110
1971 4341 2066 4406 modo
2088 4343 2154 4409 iae·

166 4843 244 4904 405.
264 4841 290 4906 1)
308 4839 451 4894 Fortassis
473 4839 568 4892 100010
585 4839 736 4894 Ermum
753 4839 891 4894 Rittcmm
914 4841 963 4908 qia·
984 4839 1058 4894 00100
1074 4841 1131 4894 iam
1183 4861 1386 4872 --·--

146 4915 301 4980 superstes
318 4914 377 4962 erat
394 4923 429 4962 ec
444 4908 824 4976 dptdicrmaalariapliom'a,
842 4913 868 4962 ct
885 4909 1130 4966 mamma

146 4981 204 5035 baa
227 4979 339 5045 00110910
349 4977 483 5044 Cocceio,
503 4977 616 5035 Salam
634 4979 810 5048 0000000910
827 4978 878 5032 000
891 4983 976 5046 pacto
992 4979 1131 5048 00000100
1284 4978 1314 5034 b)
1353 4975 1568 5053 rarescentibus?
1649 5039 1653 5048 Ι
1695 5039 1700 5049 .
1854 5039 1871 5052 ..
1931 5041 1936 5051 Ι
2062 5041 2067 5052 ⁴

145 5049 295 5116 [00000000
308 5051 419 5116 poterat
437 5047 591 5114 (1110000010.
607 5063 639 5114 p.
660 5047 730 5114 159).
1203 5047 1270 5106 400.
1290 5047 1317 5112 1)
1366 5059 1415 5098 occ
1431 5059 1524 5097 00000
1541 5055 1626 5094 mam
1642 5039 1781 5118 apacati
1797 5053 1871 5093 cona
1951 5039 2082 5120 fetrum
2099 5057 2150 5096 00·

264 5117 294 5176 21
318 5114 391 5170 Obiit
408 5117 450 5169 25.
470 5115 536 5170 Dec.
557 5115 622 5168 1541
649 5115 682 5168 de
699 5116 779 5168 00100
796 5131 857 5169 cara
875 5115 1006 5185 Myoeaa’o
1023 5120 1049 5168 et
1065 5115 1131 5169 aliis
1181 5113 1337 5184 toyrcpboa
1353 5113 1407 5168 sabi
1424 5110 1554 5189 macic,
1579 5107 1694 5188 0010000
1711 5112 1737 5160 et
1783 5109 1866 5164 orello
1884 5056 1935 5162 010
1992 5114 2050 5162 bam
2067 5111 2151 5166 misit.

144 5185 357 5246 maincia
373 5201 398 5238 0.
418 5183 584 5250 Kircbbosrr
601 5185 669 5253 Myr
694 5203 720 5250 p.
739 5185 798 5238 322.
1284 5183 1314 5245 2)
1334 5181 1378 5237 De
1395 5183 1445 5236 boc
1461 5183 1567 5248 000000
1584 5175 1870 5232 0010000010216.
1997 5219 2006 5247 ,
2025 5179 2151 5236 deae«

264 5257 296 5320 4)
317 5251 396 5308 000
413 5253 578 5322 acaptare.
594 5252 632 5306 19.
644 5253 724 5306 000
735 5253 895 5321 (noctae
905 5253 972 5308 aa.
985 5253 1129 5323 00000).
1182 5252 1276 5308 000.
1295 5251 1349 5307 IV.
1368 5250 1428 5304 000.
