4942 5982
1051 315 1313 386 EPlsuoLAIt
1335 319 1504 384 ato-258

738 503 811 576 255.

532 660 718 730 PARENS
733 667 758 740 ¹)
780 657 1010 728 PARELLO.

375 832 417 901 Sc
444 836 479 900 in
503 833 626 901 Caluini
648 833 784 900 absentis
812 831 910 896 nun
936 829 1094 912 mffemm
1122 829 1258 908 nunciat,

286 941 384 1004 quum
411 922 620 986 modestiorem
651 919 853 984 conditionem
880 915 951 982 huic
982 915 1107 980 muneri
1131 919 1260 996 practer·

289 1007 384 1074 iisset.
428 1005 606 1072 Minislcrii
627 1005 764 1088 dipnitas
794 1008 822 1067 at
840 1003 990 1085 prauitas.
1036 999 1097 1066 Rci
1117 1000 1259 1066 dmucati·

288 1111 342 1159 cae
363 1093 520 1176 anqustiis
536 1109 670 1173 messus
692 1088 814 1155 Farclli
835 1087 994 1152 auxilinm
1009 1087 1096 1169 petit.

289 1262 346 1328 (Ex
364 1261 532 1332 autographo
549 1259 734 1316 Bibliothecae
757 1261 896 1328 pastorum
920 1256 1151 1311 Neocemeusiuru.
1185 1255 1258 1376 Alie·

287 1331 393 1402 grapba
413 1331 548 1384 habentur
571 1330 599 1382 in
620 1329 690 1382 Bibl.
714 1329 790 1380 civia.
809 1327 945 1380 Turiccnsi
971 1326 1025 1380 MS.
1044 1327 1077 1380 B.
1094 1323 1145 1378 217
1163 1341 1190 1394 p.
1223 1321 1259 1377 08

561 1405 589 1450 et
607 1397 679 1468 apud
697 1395 840 1450 Simlcrum
859 1395 910 1450 vel.
928 1391 984 1460 48.)

372 1569 498 1634 Pietate
520 1575 554 1633 et
575 1565 758 1634 eruditione
778 1565 925 1648 praedite
945 1563 1110 1632 Guilelmo
1127 1561 1258 1630 Farello

287 1655 380 1722 vorbi
400 1655 465 1720 Dei
486 1655 638 1719 ministro
660 1653 875 1718 Neacomonsi

1007 1752 1171 1820 Neoeomi.

372 1889 408 1958 S.
443 1889 553 1972 Quum
576 1899 644 1955 tem
663 1887 775 1953 sedulo
792 1889 970 1970 perscribat
988 1886 1029 1952 ad
1050 1888 1258 1954 teDominne

290 1975 440 2043 Caluinus
461 1999 500 2042 ea
521 1997 603 2058 quae
622 1975 674 2039 bie
692 1975 785 2050 fierit,
808 1975 852 2036 mi
866 1973 997 2054 Farelle,
1019 1994 1085 2038 non
1104 1973 1257 2056 estquod

287 2064 321 2127 in
344 2065 390 2128 eis
413 2059 614 2146 exponendis
637 2073 669 2124 te
698 2059 821 2124 diutius
843 2059 1016 2124 detineam.
1060 2061 1148 2125 Puto
1169 2059 1255 2124 enim

288 2169 358 2214 esse
380 2151 472 2212 nolus
494 2155 646 2230 agentem
665 2145 750 2209 seria
771 2144 948 2209 earundem
966 2165 1075 2210 rernm
1096 2143 1256 2227 frequenti

287 2233 426 2300 subinde
438 2233 632 2316 repetitione
654 2231 884 2308 interturbare,
906 2229 958 2296 rel
981 2230 1090 2313 potius
1111 2230 1256 2294 obruere.

286 2317 353 2385 Sed
377 2329 488 2382 tumen
511 2327 544 2381 et
566 2325 645 2382 sunt
666 2315 826 2399 quaedam
844 2335 926 2398 quae
944 2325 977 2380 et
996 2316 1054 2381 tibi
1071 2317 1257 2399 significare

286 2425 359 2469 mea
381 2403 558 2486 plurimum
580 2403 696 2477 rel'ert,
724 2411 757 2466 et
778 2411 810 2466 te
832 2402 923 2480 seire,
946 2401 974 2466 si
995 2421 1063 2466 non
1084 2403 1184 2477 iuvet,
1206 2411 1257 2466 ta·

286 2511 362 2554 mon
396 2485 590 2554 incommodi
624 2487 709 2550 nihil
742 2486 918 2551 allaturum
946 2485 1095 2551 arbitror.
1139 2487 1256 2552 Habeo

286 2575 375 2640 enim
393 2581 425 2639 te
443 2585 480 2638 nt
492 2571 616 2638 Christi
635 2593 777 2648 servum,
801 2580 834 2636 ot
855 2593 929 2638 eum
952 2581 984 2636 te
1007 2592 1147 2656 agnosco
1165 2574 1257 2638 euius

286 2679 384 2744 opera
411 2666 444 2724 et
471 2657 654 2722 ministerio
683 2656 912 2742 dignatusest
938 2657 1099 2722 Dominus
1131 2657 1183 2722 uti
1215 2656 1256 2721 ad

286 2765 423 2829 regnum
436 2743 786 2826 strirmpropogandum
809 2751 841 2807 et
862 2763 956 2808 suam
978 2743 1145 2808 eeclesiam
1168 2741 1256 2808 acdi-

285 2829 447 2895 fieandam
469 2829 521 2895 cui
541 2829 589 2893 roi
612 2829 770 2893 haetenus
798 2828 934 2892 intentis
955 2829 1069 2894 nervis
1090 2827 1254 2893 studuisti.

284 2915 387 2980 Faxit
408 2916 437 2979 is
459 2914 514 2997 qui
536 2915 650 2997 eoepit,
679 2923 717 2977 ιιι
738 2912 862 2980 felicius
883 2911 989 2979 indies
1011 2935 1137 3000 pergas.
1181 2913 1256 2997 Ego

284 3001 383 3084 poulo
406 3007 580 3082 antequam
604 3001 731 3064 abirent
750 2999 853 3064 nostri
870 2999 1106 3078 wormatiam,
1134 2999 1255 3065 missus

285 3107 358 3151 sum
387 3085 428 3150 ud
461 3085 622 3169 evangelii
652 3083 941 3167 praedicationem,
969 3085 1115 3168 mihique
1136 3107 1254 3150 manus

284 3181 362 3238 sunt
383 3171 556 3256 impositae
578 3169 731 3236 aBucero
752 3180 786 3235 et
805 3169 935 3235 Caluino
952 3171 1062 3250 simul,
1083 3169 1179 3236 XIV.
1202 3170 1254 3235 die

284 3256 438 3324 Octobris
459 3258 493 3322 in
515 3276 607 3322 sacro
630 3269 742 3322 nostro
764 3265 927 3322 conventu
950 3258 1061 3320 statim
1084 3263 1158 3340 post
1179 3277 1254 3321 oon·

283 3343 410 3409 aionem
444 3343 667 3425 vespertinam
702 3346 788 3426 (erat
814 3353 924 3405 autem
952 3341 1021 3407 dies
1048 3339 1253 3428 dominicus),

283 3428 480 3511 relictusque
502 3449 575 3492 eum
604 3428 644 3492 ab
674 3428 721 3492 eis
748 3435 785 3490 ut
811 3425 950 3508 pastoris
977 3447 1114 3492 manere
1136 3427 1255 3512 iungar

283 3511 337 3577 hie
358 3515 520 3596 tantisper
541 3513 619 3577 dum
642 3511 746 3577 aberit
765 3511 915 3577 Caluinus
931 3525 1051 3578 noster.
1085 3513 1158 3598 Ego
1176 3535 1254 3578 vero

283 3597 318 3662 id
341 3619 545 3682 nequaquam
568 3598 811 3681 exspectabam,
839 3598 906 3662 imo
929 3619 1005 3663 voro
1027 3620 1159 3682 sperare
1181 3609 1254 3664 tan-

284 3691 354 3748 tum
377 3705 497 3748 munus
520 3703 585 3747 non
614 3683 746 3748 fuissem
774 3703 887 3762 ansus,
916 3684 1108 3766 praesertim
1134 3685 1170 3749 in
1193 3685 1255 3750 heo

285 3779 398 3833 nostra
416 3767 558 3834 eeclesia.
593 3766 666 3834 Seis
684 3777 793 3834 autem
811 3789 892 3851 quae
906 3769 991 3852 apud
1010 3791 1062 3836 rna
1079 3769 1254 3853 aliquando

282 3875 514 3938 proponerem:
538 3853 803 3919 deliberationem
826 3855 912 3918 enim
932 3855 1032 3920 animi
1054 3857 1119 3921 mei
1142 3858 1255 3940 paucis

283 3941 341 4006 tibi
364 3939 608 4005 manifestarum
631 3937 719 4004 domi
743 3937 881 4019 Caluini,
908 3961 1009 4023 quum
1036 3940 1078 4005 ad
1104 3963 1165 4008 nos
1187 3943 1254 4025 pri-

282 4047 375 4090 mum
399 4025 553 4092 venisses.
564 4027 592 4100 2)
636 4025 796 4091 Consului
814 4024 963 4109 equidem
981 4035 1018 4092 te
1039 4049 1120 4092 unm
1138 4048 1254 4110 operae

282 4111 425 4194 pretium
448 4111 615 4175 videretur
636 4121 673 4174 ut
694 4111 733 4175 ad
755 4123 907 4196 parentes
929 4110 1079 4189 redirem,
1102 4112 1255 4178 decurras

283 4217 353 4272 eos,
382 4197 410 4262 si
439 4219 504 4280 qna
531 4197 658 4262 ratione
689 4197 759 4261 lieri
789 4207 897 4280 posset
922 4197 958 4261 in
980 4197 1138 4278 Domino,
1167 4199 1255 4264 viam

283 4282 432 4347 veritatis
455 4293 488 4346 et
509 4280 717 4368 evangelium
739 4281 874 4349 Christi.
917 4283 1031 4366 Neque
1051 4305 1162 4348 meum
1185 4283 1255 4348 ani·

283 4387 374 4430 mum
402 4367 500 4431 etium
528 4389 566 4433 eo
595 4367 759 4434 videbaris
786 4367 984 4452 improbare,
1014 4368 1098 4454 quod
1126 4378 1159 4434 et
1185 4371 1256 4451 ipse

284 4451 444 4517 indicares
465 4473 563 4536 quam
585 4463 679 4520 caute
696 4453 780 4519 mihi
801 4464 886 4520 esset
907 4455 941 4518 in
964 4475 1003 4520 ea
1023 4476 1060 4521 re
1082 4453 1255 4540 egendum,

324 4595 364 4600 ...-
405 4593 459 4600 -ο

301 4674 366 4734 255.
389 4674 414 4741 l)
432 4672 499 4727 Nic.
519 4673 634 4742 Parent,
648 4690 704 4744 pro
720 4680 841 4743 tempore
856 4675 965 4729 Caluini
981 4675 1082 4744 colleqa
1098 4690 1120 4730 e.
1139 4675 1255 4730 adiunc-

283 4747 328 4796 tua
351 4741 383 4796 iu
406 4743 559 4797 ministerio
585 4749 676 4798 conus
700 4743 842 4798 Gallorum
863 4744 1057 4812 Aruernorum,
1080 4745 1255 4811 postmodum

282 4811 338 4878 tuit
359 4811 392 4864 V.
413 4809 451 4864 D.
470 4812 513 4864 M.
531 4813 610 4881 aprici
622 4812 827 4866 Ncooomeneea.
858 4811 907 4865 Ea
924 4827 954 4866 co
973 4813 1046 4880 quod
1063 4813 1141 4878 infra
1158 4813 1191 4867 dc
1208 4813 1253 4868 de·

284 4881 420 4934 litoribus
437 4883 497 4934 arcia
515 4880 591 4947 dicit,
609 4881 727 4947 sonasse
744 4880 915 4950 efficiendum
932 4882 1026 4950 iprum
1044 4881 1254 4936 Neocomcnaem

282 4949 386 5016 fuiaac5
406 4949 454 5002 aad
471 4957 598 5012 purcman
615 4949 709 5003 aaltun
726 4951 786 5004 eiua
800 4950 867 5004 alibi
874 4949 995 5004 lomm
1012 4965 1132 5017 μιᾶναι
1149 4958 1254 5020 oportet

284 5033 367 5085 mum
385 5018 545 5106 euarrqclica
561 5033 644 5072 sacra
661 5019 783 5072 nouam
800 5019 920 5086 ampleci
935 5019 1022 5086 sutem
1039 5019 1194 5075 uideantur.

386 5088 416 5154 ⁸2)
434 5087 565 5140 burellus
587 5093 628 5140 ter
650 5087 759 5140 uidetur
775 5089 954 5154 Arqcrstarati
969 5086 1067 5153 suinae,
1082 5089 1178 5155 prima
1195 5089 1253 5143 aiae

284 5155 376 5209 atatim
395 5161 455 5212 rost
472 5153 583 5208 Caluini
600 5153 757 5222 adamum
775 5156 906 5222 aarum,
924 5155 963 5210 acl
979 5156 1040 5210 eiua
1056 5158 1180 5226 nuptiae,
1198 5164 1251 5212 trr-

283 5224 326 5278 tia
348 5221 533 5277 Wormaciam
548 5228 641 5291 patene
658 5239 693 5276 m.
712 5223 858 5278 Daremma
876 5223 950 5278 1540.

2218 313 2279 378 116

1310 501 1493 587 agendique
1535 501 1668 568 modum
1715 497 1962 586 praescriberes.
2034 497 2280 564 Constitueram

1310 591 1408 654 etiam
1430 601 1464 654 et
1484 589 1577 667 illud,
1597 609 1651 654 me
1668 588 1791 654 scilicet
1807 595 2049 651 transactarum
2071 595 2199 667 tempus
2220 583 2280 649 ali·

1310 674 1397 758 quod
1414 694 1506 740 meae
1527 676 1707 740 iuventutis
1727 675 1763 738 in
1784 671 1938 738 docendis
1954 669 2065 754 pueris
2082 690 2226 753 unquam
2244 671 2280 734 in

1310 760 1351 826 iis
1373 761 1452 826 loeis
1473 760 1530 827 ubi
1551 759 1714 825 nihildum
1738 779 1781 824 ex
1803 757 1973 842 evaugelio
1995 764 2082 821 esset
2102 755 2278 840 cognitum,

1310 857 1349 910 ut
1369 847 1468 912 etiam
1496 845 1618 929 aliquid
1645 847 1785 911 facerem
1814 845 1940 909 fruetus
1967 841 2003 905 in
2031 861 2133 925 regna
2155 841 2280 907 Christi

1311 932 1374 996 mei
1396 932 1465 996 illie
1485 933 1627 1014 iungens
1649 930 1868 1014 evangelistae
1889 947 2035 1004 munere,
2058 927 2160 993 donce
2183 927 2279 1010 paulo

1310 1017 1466 1100 grandior
1487 1018 1522 1082 iu
1535 1017 1669 1083 Christo
1689 1017 1803 1092 iaetus,
1827 1014 1981 1098 depositis
2004 1013 2054 1078 his
2076 1013 2185 1079 caruis
2203 1033 2279 1079 con·

1310 1103 1516 1185 oupiseeatiis
1536 1121 1653 1186 meque
1672 1102 1743 1185 ipso
1764 1101 1939 1184 abnegato,
1968 1099 2076 1182 aptior
2104 1119 2208 1164 essem
2237 1098 2279 1164 ad

1309 1209 1447 1271 reguum
1470 1187 1593 1254 Christi
1621 1185 1903 1264 annunciandum,
1933 1185 1966 1250 id
1994 1193 2045 1249 eat
2071 1184 2280 1267 evangelium

1310 1274 1467 1339 veritatis.
1512 1273 1743 1339 Subduxeram
1772 1271 1923 1354 equidem
1950 1270 1991 1334 ad
2013 1277 2144 1352 tempus
2164 1291 2217 1336 me
2238 1270 2279 1337 ab

1311 1359 1372 1425 hoe
1393 1379 1490 1424 onera
1511 1358 1728 1424 annunciaudi
1751 1357 1928 1440 evangelii,
1956 1356 2009 1420 eui
2038 1375 2092 1420 me
2118 1356 2279 1438 imparem

1310 1455 1343 1508 et
1364 1445 1451 1510 sensi
1475 1453 1508 1510 et
1528 1447 1641 1510 sentio.
1686 1443 1771 1524 Quis
1788 1444 1876 1508 enim
1896 1442 2061 1507 terrestris
2082 1448 2116 1506 et
2135 1441 2280 1505 imbecil-

1311 1529 1351 1595 lia
1373 1529 1470 1596 homo
1493 1551 1590 1614 agere
1616 1529 1718 1614 possit
1743 1549 1825 1612 opus
1853 1540 1921 1592 tam
1948 1527 2111 1606 divinum,
2140 1526 2279 1592 sublime

1311 1627 1344 1680 et
1363 1615 1517 1694 arduum,
1545 1637 1645 1698 quum
1668 1617 1774 1680 omnis
1797 1614 1892 1679 homo
1914 1613 2055 1677 mendax
2078 1625 2112 1676 et
2132 1613 2279 1678 vanitate

1309 1701 1382 1783 ipsa
1403 1701 1517 1766 vanior
1538 1704 1589 1779 sit,
1612 1711 1645 1767 et
1665 1703 1700 1766 in
1717 1700 1889 1784 ipsissimis
1909 1699 2114 1782 ignorantiae
2135 1698 2279 1764 tenebris

1312 1799 1472 1851 versetur:
1501 1787 1660 1871 quomodo
1683 1795 1806 1850 tantam
1829 1786 2017 1860 veritatem,
2045 1793 2111 1848 tam
2141 1781 2279 1848 solidam

1310 1870 1507 1950 doctrinam,
1539 1879 1671 1956 tamque
1703 1869 1827 1937 claram
1859 1869 2021 1954 evangelii
2052 1869 2130 1934 Iesu
2162 1868 2277 1946 lucem,

1310 1979 1376 2021 non
1398 1957 1469 2024 dico
1491 1957 1563 2022 aliis
1585 1975 1764 2041 proponere
1785 1965 1819 2021 ot
1840 1957 2012 2039 explicaro,
2035 1953 2092 2019 sed
2109 1955 2209 2018 etium
2225 1953 2279 2019 vel

1311 2042 1420 2107 videre
1453 2043 1506 2108 rel
1538 2044 1700 2108 sustinere
1732 2041 1854 2125 possit?
1909 2041 1975 2106 Hie
2001 2051 2089 2106 certe
2120 2061 2279 2124 magnum

1310 2127 1475 2210 Dolopas,
1493 2149 1646 2214 magnam
1665 2129 1736 2194 eins
1752 2148 1832 2211 erga
1848 2127 1999 2191 homiues
2016 2126 2279 2192 benevolentiam

1310 2216 1524 2297 agnoscimus.
1570 2215 1720 2298 Denique
1748 2223 1782 2278 et
1808 2211 1890 2277 illud
1919 2211 2052 2290 addam,
2080 2232 2146 2276 non
2172 2210 2279 2278 videri

1309 2301 1517 2383 praecipuum
1547 2300 1690 2365 ministri
1718 2299 1810 2364 verbi
1837 2299 1873 2362 in
1906 2297 1967 2362 boo
1995 2317 2066 2363 esse
2092 2297 2207 2374 situm,
2241 2303 2279 2361 ut

1309 2385 1417 2450 verbis
1445 2385 1576 2468 quidem
1606 2385 1782 2450 annunciet
1810 2383 2033 2468 erningehem,
2063 2383 2126 2447 uisi
2154 2391 2188 2447 et
2208 2382 2279 2465 ipse

1309 2490 1347 2535 ee
1381 2471 1543 2537 afficietur
1574 2471 1609 2536 in
1637 2471 1752 2549 eorde,
1781 2471 1948 2552 vitamque
1975 2489 2070 2534 suum
2095 2469 2214 2533 formet
2235 2465 2277 2531 ad

1309 2557 1379 2621 eius
1401 2558 1654 2640 praescriptum,
1685 2577 1748 2640 quo
1776 2555 1848 2620 aliis
1874 2563 1985 2620 saneto
2014 2555 2101 2618 vitae
2129 2551 2277 2636 exemplo

1309 2649 1449 2724 praeeat.
1494 2641 1561 2708 Sed
1583 2641 1659 2726 quid
1683 2663 1739 2707 sua
1761 2639 1969 2706 Minervam?
2013 2639 2106 2706 Haeo
2127 2638 2208 2719 dice,
2232 2639 2278 2703 mi

1309 2726 1441 2807 Farolla,
1463 2735 1500 2792 ut
1522 2729 1585 2792 mei
1608 2728 1709 2792 animi
1731 2725 1904 2792 candorem
1928 2723 2058 2790 habeas.
2102 2725 2174 2789 Vae
2195 2723 2278 2790 mihi

1307 2813 1336 2878 si
1362 2835 1427 2879 neo
1455 2815 1652 2879 annunciem
1680 2811 1744 2877 Dei
1770 2812 1907 2878 salutem
1934 2832 1995 2896 per
2022 2809 2193 2879 Christum
2225 2811 2277 2879 Ie·

1307 2918 1394 2964 sum:
1417 2921 1479 2964 vae
1500 2899 1637 2964 etmihi
1658 2900 1686 2966 ai
1707 2897 1861 2981 spiritum
1882 2897 2148 2983 regenerationis,
2177 2899 2276 2964 bene·

1307 2984 1415 3049 ficium
1439 2985 1566 3051 Christi
1588 3006 1668 3069 erga
1688 3005 1742 3049 me
1763 3005 1840 3050 vero
1863 2984 1934 3066 ipse
1955 3005 2021 3049 non
2044 2985 2198 3062 seutiam,
2222 3003 2277 3048 oo·

1307 3091 1444 3152 quomo
1466 3071 1691 3137 sanctificante
1713 3077 1746 3135 et
1771 3069 1812 3134 ad
1834 3071 1919 3136 bona
1940 3089 2038 3154 opera
2059 3075 2277 3146 consecrante,

1306 3156 1500 3235 innocentia,
1522 3156 1665 3222 bonitate
1686 3164 1721 3222 et
1741 3156 1883 3239 puritate
1900 3157 1987 3222 vitae
2005 3155 2078 3222 aliis
2096 3176 2162 3220 non
2184 3175 2276 3237 prae-

1305 3240 1440 3308 lnoeam.
1485 3243 1535 3307 Tu
1556 3262 1648 3325 ergo,
1674 3243 1722 3306 mi
1744 3243 1785 3307 D.
1813 3241 1946 3322 Farellc,
1975 3241 2114 3308 admone
2141 3239 2275 3307 obsecro

1306 3326 1335 3392 si
1357 3326 1434 3410 quid
1456 3326 1533 3392 olim
1556 3328 1735 3393 adverteris
1761 3327 1797 3391 in
1818 3347 1872 3392 me
1900 3325 1986 3410 quod
2007 3349 2125 3412 parum
2148 3325 2275 3393 Christi

1305 3412 1492 3478 ministrum
1515 3412 1651 3478 deceret
1693 3413 1825 3478 Instrne
1846 3433 1908 3490 me,
1930 3433 2018 3496 rogo,
2040 3421 2078 3478 ιιι
2098 3421 2274 3478 veteranus

1306 3505 1340 3564 et
1362 3497 1504 3564 bellandi
1524 3499 1664 3581 peritus,
1692 3498 1727 3563 id
1749 3507 1808 3579 est,
1835 3499 1945 3564 hostes
1966 3497 2144 3564 invadendi
2163 3507 2197 3564 et
2220 3518 2274 3563 eo-

1306 3603 1380 3648 rum
1408 3584 1551 3650 insultus
1579 3583 1776 3668 excipiendi:
1806 3585 1946 3663 instrue,
1975 3585 2125 3666 inquam,
2158 3605 2210 3650 me
2235 3593 2274 3648 ιιι

1307 3671 1446 3735 tironem
1475 3679 1509 3735 ot
1535 3669 1642 3737 adhue
1668 3669 1804 3734 militiae
1831 3669 1956 3734 rudem.
2000 3670 2166 3736 Existimo
2187 3677 2274 3737 certa

1306 3777 1461 3838 magnam
1488 3757 1602 3821 aDeo
1629 3755 1711 3820 mihi
1738 3755 1878 3840 gratiam
1904 3755 1991 3835 fieri,
2018 3755 2046 3821 ai
2075 3764 2150 3820 ate
2170 3765 2205 3822 et
2224 3755 2274 3819 tui

1306 3841 1468 3906 similibus
1495 3841 1593 3907 efficii
1616 3843 1682 3907 mei
1709 3841 1972 3920 commonebam,
2002 3849 2036 3905 et
2062 3841 2089 3905 si
2112 3843 2212 3907 etiam
2233 3840 2274 3907 ab

1307 3927 1378 3992 aliis
1407 3926 1594 3992 admonitus
1620 3927 1879 3992 benevolentiam
1910 3927 1947 3992 in
1979 3947 2032 3991 me
2059 3927 2123 3991 Dei
2156 3948 2274 4013 agnos·

1306 4010 1426 4096 caml)
1469 4012 1521 4077 De
1550 4013 1602 4077 bis
1630 4013 1717 4080 satis.
1767 4012 1942 4079 Caeterum
1968 4013 2076 4077 neseio
2110 4033 2174 4096 qua
2200 4033 2276 4080 eon·

1306 4097 1578 4163 seientiatauderu
1590 4099 1738 4164 tantillae
1748 4099 1904 4182 pecuniae
1916 4097 2111 4162 solutionem
2124 4097 2279 4164 differant

1307 4183 1551 4250 debitoreamei.
1573 4181 2276 4266 (lantumabestutmihialiqoiddesuomu·

1307 4279 1410 4347 tuent,
1432 4269 1514 4333 mihi
1532 4269 1665 4352 inquam
1683 4271 1719 4335 in
1736 4270 1855 4336 sobolis
1872 4271 2029 4346 versanti,
2047 4267 2104 4333 nbi
2122 4291 2188 4334 non
2206 4271 2277 4335 sine

1307 4377 1427 4441 magno
1447 4365 1581 4439 sumptu
1599 4355 1730 4434 vivitur,
1753 4376 1854 4438 quum
1873 4354 1971 4419 etiam
1993 4354 2026 4419 id
2049 4355 2135 4438 quod
2158 4355 2278 4420 debent

1307 4461 1373 4505 non
1396 4440 1594 4523 persolvunt
1638 4441 1736 4507 Certe
1764 4461 1879 4526 parum
1902 4439 2096 4506 considerati
2119 4449 2198 4506 sunt
2219 4441 2276 4505 ho·

1307 4528 1423 4603 mines,
1446 4547 1488 4590 ne
1510 4525 1616 4592 dicam
1638 4547 1755 4610 parum
1776 4525 1831 4610 pii.
1875 4525 1962 4590 Poto
1985 4535 2096 4590 autem
2116 4527 2199 4591 mihi
2221 4525 2276 4590 de·

1308 4611 1376 4678 beri
1399 4609 1506 4677 adhue
1528 4621 1697 4679 coronatos
1715 4623 1781 4677 tres
1803 4617 1861 4675 aut
1877 4611 2015 4690 circiter,
2036 4613 2152 4695 quibus
2173 4613 2201 4678 si
2223 4609 2276 4676 vel

1306 4705 1343 4762 tu
1365 4699 1416 4763 vel
1439 4699 1600 4780 quispiam
1622 4699 1705 4764 elios
1732 4696 1851 4762 addere
1879 4696 1981 4760 vellet
2001 4709 2155 4779 quartum
2177 4717 2276 4781 quum

1306 4781 1348 4848 ad
1368 4805 1420 4848 me
1438 4784 1612 4849 mittentur
1634 4784 1763 4869 (missos
1781 4803 1857 4848 vere
1874 4783 1941 4846 iam
1959 4781 2102 4866 vellem),
2124 4784 2279 4866 polliceor

1306 4889 1359 4934 me
1380 4868 1584 4935 redditurum
1605 4869 1742 4954 posthae
1763 4875 1797 4932 et
1819 4867 1918 4933 brevi.
1951 4869 2024 4953 Ego
2047 4871 2134 4934 euim
2156 4867 2277 4952 hospiti

1306 4975 1378 5020 meo
1397 4957 1462 5020 iam
1484 4955 1603 5040 incipio
1625 4952 1758 5034 debere,
1787 4951 1958 5020 deficiente
1985 4956 2122 5036 pecunia
2147 4965 2182 5020 et
2205 4953 2276 5020 Cal·

1304 5041 1376 5105 uino
1400 5043 1547 5119 absente,
1579 5041 1635 5132 qni
1661 5039 1717 5106 ubi
1749 5039 1890 5106 adiuerit
1923 5039 2043 5106 certior
2073 5061 2128 5106 ero
2161 5057 2280 5111 eorum·

1306 5164 1507 5172 ...μμ-*-

1405 5227 1434 5294 3)
1452 5223 1571 5295 Reliqua
1587 5226 1679 5282 omitit
1697 5227 1727 5283 C.
1744 5243 1831 5297 usquc
1848 5229 1886 5283 ad
1904 5268 2013 5283 .....
2031 5227 2134 5282 oderat.
