4898 5970
170 339 231 402 625
1021 339 1102 401 1543
1124 335 1319 405 ΟΟΤΟΒΒ.
2108 341 2172 408 626
2295 397 2300 408 .

168 525 248 606 lent,
270 533 305 590 et
326 522 368 588 ad
388 525 607 608 remptionem
626 525 707 590 satis
728 529 931 608 comparatos
953 545 1023 590 esse
1045 545 1143 609 appa
1278 525 1432 592 Breviter
1459 531 1493 591 et
1518 523 1617 592 nudis
1643 528 1753 595 verbis
1781 549 1913 595 sensum
1943 547 2053 594 meum
2072 529 2174 598 vobis

169 618 254 678 reat:
284 609 345 676 hac
366 617 477 676 tamen
498 611 586 695 lege,
614 618 654 676 ot
680 611 722 674 sit
749 630 828 676 vora
855 609 1053 689 communio,
1082 611 1143 676 boe
1194 609 1365 694 explicavi.
1407 612 1621 696 Argumentis
1651 633 1748 698 agere
1769 615 1953 693 vobiscum,
1974 613 2030 680 vel
2051 635 2169 700 super-

170 704 228 776 est,
262 705 302 762 nt
332 697 427 779 panis
447 696 483 761 in
515 703 608 762 coetu
640 696 748 779 aliquo
780 695 928 762 fidelium
960 695 1140 779 frangatur.
1193 715 1382 776 vacaneum,
1415 697 1468 762 vel
1501 717 1567 762 non
1599 697 1680 764 adeo
1713 699 1933 766 necessarium
1965 700 2073 766 visum
2106 709 2168 782 est,

170 783 316 848 (laenam
343 801 422 847 vero
456 782 492 846 in
518 781 683 848 ordinaria
716 782 870 848 concione
891 781 1021 846 institui
1049 790 1143 847 extra
1195 780 1324 864 quando
1341 801 1401 867 pro
1418 791 1529 850 vostra
1546 784 1722 868 prudentia
1739 787 1808 850 sine
1826 785 1889 851 alio
1906 785 2066 850 monitore
2083 806 2169 869 quae

171 867 319 934 ordinem
342 868 441 934 unius
473 874 589 950 rogatu
616 865 715 934 nimis
743 865 918 932 absurdum
947 873 1010 931 est:
1039 887 1144 950 neque
1182 887 1248 932 ·me
1269 867 1414 932 rationes
1435 876 1600 949 moveant,
1623 869 1808 953 expendere
1834 871 1978 955 potestis.
2021 869 2095 936 Iam
2117 873 2169 938 vi·

173 953 261 1020 enim
293 950 386 1018 decet
411 953 549 1036 proponi
582 973 689 1018 corani
717 951 868 1017 omnibus
904 973 1032 1018 sacrum
1061 952 1143 1018 illud
1195 950 1255 1016 deo
1276 973 1358 1035 quae
1381 959 1414 1018 et
1435 962 1556 1036 quanta
1577 955 1614 1018 iii
1642 956 1805 1022 exorando
1832 956 1979 1040 principe
1999 975 2058 1022 vos
2082 954 2168 1022 diffi-

171 1039 315 1124 epulum,
344 1037 600 1122 quodomnium
627 1059 798 1106 commune
820 1043 886 1118 est,
915 1037 987 1103 sine
1017 1037 1143 1104 solenni
1194 1038 1299 1104 cultas
1331 1045 1471 1104 maneat.
1525 1039 1651 1105 Verum
1690 1042 1718 1107 si
1756 1040 1905 1106 modesta
1943 1041 2169 1124 deprecatione

172 1123 438 1202 denunciatione,
478 1131 517 1188 ιιι
548 1122 589 1188 ad
621 1123 902 1208 participationem
941 1143 976 1188 se
1008 1122 1143 1189 eeclesia
1195 1122 1401 1190 ostenderitis
1422 1143 1481 1190 vos
1498 1145 1566 1189 non
1587 1146 1682 1208 posse
1704 1127 1808 1206 aliter,
1830 1127 1895 1193 nisi
1912 1127 2020 1192 velitis
2041 1127 2078 1190 in
2098 1127 2168 1193 eius

171 1215 347 1293 comparet.
391 1209 441 1274 Eo
463 1217 574 1274 autem
600 1209 695 1274 modo
720 1209 793 1273 fiori
820 1229 884 1291 quo
910 1208 1060 1292 princeps
1092 1209 1142 1274 iu·
1195 1209 1336 1294 gratiam
1348 1209 1480 1275 Obristo
1497 1209 1643 1290 illudere,
1666 1232 1734 1277 non
1751 1211 1864 1278 dubito
1881 1213 1963 1296 quin
1980 1219 2047 1276 tam
2065 1231 2168 1296 aequo

172 1297 236 1374 bet,
258 1294 337 1378 quid
359 1294 449 1360 aliud
475 1296 559 1360 foret
583 1313 681 1376 quam
710 1293 869 1360 subiicere
890 1295 1143 1378 uniuscuiusque
1195 1295 1358 1378 postulato
1381 1294 1423 1360 ad
1444 1301 1628 1361 extremum
1651 1319 1802 1364 cessurus
1823 1298 1874 1363 sit
1919 1297 2017 1363 Hanc
2034 1297 2076 1363 ob
2093 1317 2169 1364 oan-

171 1380 300 1446 bbidini
321 1379 488 1463 publicum
510 1379 664 1446 ecclesiae
685 1379 856 1444 ordinem?
889 1379 936 1443 Ει
956 1379 985 1444 si
1002 1380 1143 1446 necessi-
1195 1401 1266 1445 sam
1286 1379 1405 1446 suadeo
1426 1401 1469 1445 ne
1490 1402 1550 1448 vos
1571 1382 1671 1448 nimis
1692 1381 1841 1448 difficiles
1862 1403 1900 1448 ao
1920 1402 2067 1448 morosos
2090 1403 2169 1467 quo-

172 1475 274 1532 tatem
295 1465 460 1544 obiiciunt,
483 1484 549 1530 non
571 1475 620 1530 est
642 1487 701 1532 eur
718 1465 874 1530 recusetis
890 1464 1144 1548 frequentiorem
1195 1463 1237 1531 od
1257 1465 1344 1545 licet,
1367 1467 1558 1549 praebeatis.
1603 1467 1690 1533 Nam
1711 1469 1768 1533 iibi
1789 1469 1874 1534 banc
1896 1475 2042 1534 vestram
2058 1467 2169 1534 mode·

173 1573 286 1632 usum,
315 1552 453 1634 nequis
476 1550 616 1634 amplius
645 1551 868 1618 necessitatem
890 1549 1058 1630 obtendat,
1087 1549 1142 1635 qui
1194 1551 1355 1616 rationem
1373 1552 1650 1632 animadverterit,
1675 1553 1802 1620 facilius
1827 1553 2008 1618 adducetur
2032 1559 2069 1618 ut
2086 1573 2169 1618 non·

173 1638 208 1702 in
231 1645 357 1703 coetum
379 1635 474 1702 modo
496 1637 670 1702 convenire
689 1637 815 1719 poterit.
1194 1637 1278 1702 nihil
1293 1635 1467 1721 vobisipse
1484 1659 1611 1722 quoque
1629 1639 1773 1705 vicissim
1791 1639 1957 1718 concedat,
1975 1639 2170 1722 praesertim

260 1724 467 1806 Baptismum
494 1721 721 1788 obstetricibus
749 1721 940 1806 permittere
974 1721 1075 1807 impia
1110 1729 1144 1786 et
1195 1723 1251 1788 ubi
1273 1721 1396 1788 videbit
1416 1743 1476 1788 vos
1502 1745 1570 1788 non
1598 1724 1718 1809 absque
1745 1745 1843 1791 cansa
1869 1745 2026 1808 pugnare.
2072 1721 2169 1804 Quod

175 1809 333 1893 sacrilega
357 1815 407 1874 est
433 1808 586 1891 baptismi
614 1807 803 1892 profanatio.
853 1808 943 1891 Ergo
963 1806 1026 1874 hoe
1048 1816 1146 1891 caput
1196 1815 1306 1873 autem
1327 1827 1386 1872 vos
1408 1815 1511 1873 terret
1524 1809 1793 1876 offendiculorum
1810 1809 2002 1894 periculum,
2025 1809 2052 1874 si
2070 1829 2170 1892 quam

175 1917 239 1962 non
261 1901 392 1960 tantum
411 1893 651 1978 repudiandum
671 1892 794 1959 iudico:
823 1911 952 1972 verum,
980 1893 1008 1959 si
1028 1913 1146 1978 urgere
1197 1914 1317 1960 novam
1339 1892 1457 1978 agendi
1474 1893 1610 1960 formam
1630 1897 1817 1978 receperitis
1838 1915 1921 1979 quae
1943 1915 2009 1958 non
2031 1895 2074 1960 sit
2094 1914 2169 1960 nos-

176 2001 233 2048 vos
255 1981 405 2065 princeps
423 1981 511 2044 ultra
531 1978 664 2044 niodum
685 1986 808 2063 pergat,
831 1999 934 2062 usque
952 1979 992 2044 ad
1014 1980 1147 2063 sangui·
1197 1978 1258 2043 tris
1280 1977 1423 2044 ecclesiis
1440 1981 1569 2060 usitata,
1592 1987 1688 2065 atque
1709 1982 1743 2046 id
1766 1981 1895 2064 quidem
1913 1980 2030 2045 merito
2047 1979 2168 2044 facitis:

176 2087 251 2133 nem
273 2065 490 2131 resistendum
511 2066 618 2148 potius
646 2085 743 2149 quain
766 2063 844 2129 linio
871 2085 937 2128 non
958 2063 1147 2130 tolerandae
1198 2063 1256 2130 sed
1275 2063 1352 2148 quia
1372 2083 1439 2129 non
1462 2083 1500 2128 eo
1520 2074 1657 2131 ventum
1679 2075 1729 2132 est
1749 2067 1955 2150 perfectionis
1977 2065 2057 2148 quin
2078 2071 2170 2148 opte-

177 2151 401 2236 snperstitioni
422 2150 639 2215 consentiatis.
683 2150 835 2234 Rogabat
856 2149 1010 2214 Christus
1028 2149 1147 2215 Phari-
1197 2171 1273 2215 mns
1294 2149 1400 2215 adhuc
1427 2151 1596 2234 progredi,
1625 2152 1680 2218 hie
1707 2153 1805 2217 timor
1831 2171 1891 2216 vos
1917 2149 2075 2234 impedire
2103 2170 2170 2214 non

176 2257 267 2304 saeos
288 2236 453 2302 undenam
475 2235 610 2301 Ioannis
631 2234 811 2319 baptismus
832 2235 931 2300 forat:
954 2255 973 2298 e
995 2235 1082 2301 coelo
1104 2256 1147 2300 an
1199 2233 1295 2301 debet
1321 2234 1363 2301 ab
1390 2235 1431 2301 iis
1458 2236 1575 2302 ritibus
1603 2236 1829 2316 admittendis,
1857 2255 1938 2320 qnos
1965 2235 2083 2318 alioqui
2103 2254 2170 2299 non

177 2324 216 2389 ab
237 2321 444 2388 hominibus?
488 2321 574 2386 Nam
598 2323 626 2388 si
647 2322 709 2386 hoo
737 2318 914 2386 secundom
937 2321 1076 2386 confessi
1097 2342 1147 2386 es·
1198 2320 1295 2386 liceat
1315 2321 1447 2404 penitus
1459 2322 1651 2406 improbare.
1686 2323 1812 2404 Valete,
1830 2321 1945 2404 optimi
1962 2320 2094 2386 etmihi
2112 2320 2169 2385 ob-

178 2415 260 2487 ιιιιι,
282 2415 469 2491 promptum
491 2419 562 2472 erat
582 2405 742 2490 colligere,
766 2425 888 2470 vanum
903 2405 1006 2490 igitur
1023 2427 1093 2472 esse
1115 2413 1149 2471 ιι
1199 2405 1351 2472 servandi
1372 2407 1498 2472 fratros.
1543 2407 1697 2494 Collegae
1718 2408 1784 2473 mei
1806 2407 1982 2492 diligenter
2003 2426 2063 2472 vos
2084 2404 2171 2470 salii·

180 2493 302 2560 nullius
323 2491 490 2558 momenti
530 2493 603 2557 Iain
625 2491 836 2558 obstetricum
858 2491 1037 2574 baptismus
1060 2491 1147 2557 unde
1198 2498 1288 2568 tant,
1315 2491 1372 2574 qui
1397 2492 1438 2556 ab
1466 2491 1527 2559 hoo
1549 2515 1621 2560 meo
1642 2493 1761 2561 iudicio
1782 2493 1866 2558 nihil
1888 2513 2022 2576 prorsus
2045 2490 2170 2557 dimen-

177 2579 260 2645 erit‘l
291 2585 378 2644 oerto
399 2599 466 2643 non
495 2577 536 2644 ab
557 2599 595 2644 eo
623 2578 678 2660 qui
706 2577 767 2643 hoc
795 2597 915 2642 munus
942 2577 1149 2660 peculiariter
1198 2577 1295 2641 tinnt
1339 2577 1501 2643 Dominus
1523 2577 1616 2644 Iesus
1644 2599 1703 2646 vos
1731 2601 1859 2662 semper
1884 2579 2000 2661 spiritu
2028 2597 2087 2642 suo
2114 2597 2172 2661 gu·

178 2665 331 2748 apostolis
352 2662 531 2730 mandavit
575 2661 734 2747 Superest
761 2662 862 2746 igitur
886 2667 924 2726 ut
944 2682 964 2727 a
985 2663 1148 2728 contrario
1199 2661 1322 2744 bornet.
1368 2661 1533 2729 Geneiae.
1570 2665 1675 2731 Nonis
1697 2663 1827 2740 Octobr.
1854 2667 1945 2728 1543.

177 2758 298 2816 autore.
343 2749 549 2834 Augustinus
570 2769 637 2814 non
660 2747 701 2812 da
722 2748 857 2813 muliere
881 2745 939 2813 sed
960 2746 1000 2813 de
1019 2749 1148 2832 privato

177 2836 248 2903 viro
269 2843 381 2902 movet
400 2835 638 2920 quaestionem,
667 2855 711 2899 an
732 2834 760 2898 si
786 2833 929 2916 baptiset
949 2833 986 2898 in
1007 2833 1148 2900 necessi-

177 2928 243 2988 tate
268 2930 388 3006 peocet.
432 2919 621 3005 Respondet
648 2917 782 2985 demum
803 2917 1001 2998 dubitanter,
1030 2926 1069 2984 ut
1090 2939 1148 2984 ex-

176 3015 268 3075 cuset
288 3007 394 3092 magis
415 3027 513 3091 quani
535 3004 655 3090 probet
690 3003 789 3070 Oerte
809 3025 876 3069 non
898 3006 1014 3070 asserit
1034 3004 1145 3070 licere:

177 3094 257 3178 quin
289 3095 397 3176 potius
429 3093 550 3158 latetur
582 3091 712 3158 subesse
734 3090 898 3156 delictum.
953 3090 1080 3156 Verum
1119 3091 1146 3155 si

177 3179 303 3245 Christi
326 3178 473 3263 regulam
495 3177 662 3261 sequimur
681 3175 794 3240 n'ullus
816 3183 918 3241 restat
938 3175 1030 3242 locus
1052 3174 1146 3241 dubi·

178 3271 304 3415 τίη1011111
338 3347 507 3430 sepultura
541 3355 744 3413 mortuorum
776 3348 861 3412 hano
893 3344 1146 3412 moderationem
1647 3307 1722 3378 5⁰⁷·

178 3435 295 3502 vellem
322 3433 470 3500 adhiberi
505 3454 548 3498 ne
573 3435 610 3498 in
638 3433 796 3516 templum
825 3432 924 3498 funus
957 3431 1146 3512 deferretur,
1403 3443 1737 3516 BULHNGERUS
1756 3441 1975 3511 GALVINO,

179 3521 235 3587 sed
254 3529 345 3588 recta
362 3520 397 3584 in
419 3520 659 3587 coemeterium.
703 3519 776 3585 Illic
799 3537 924 3602 quoque
946 3518 1147 3583 exhortatio-

177 3628 254 3673 nem
275 3605 390 3672 baberi
414 3607 538 3686 vellem,
560 3607 649 3672 utin
667 3626 703 3670 re
720 3605 883 3688 praesenti
900 3603 1026 3670 funeris
1048 3603 1147 3669 coini-
1286 3619 1433 3684 [nm
1453 3617 1672 3696 dmm,
1700 3616 1807 3698 qualis
1827 3619 1872 3680 m
1892 3612 1951 3679 {aa
1971 3613 2052 3678 isaer
2076 3610 2173 3682 Gaia

179 3701 228 3759 tes
253 3701 486 3778 cognoscerent
517 3691 602 3775 quod
630 3689 800 3757 diceretur.
849 3689 942 3756 Haeo
969 3689 1053 3753 ratio
1080 3709 1147 3753 non
1199 3708 1347 3770 „emesa
1368 3703 1544 3769 Beruenses
1570 3703 1608 3767 de
1631 3701 1664 3768 S,
1695 3701 1822 3780 Victore,
1844 3719 1877 3766 co
1898 3699 2002 3782 magis
2027 3698 2174 3765 edendas
2212 3751 2213 3754 ,

178 3778 353 3844 admodum
374 3775 586 3862 improbanda
607 3777 697 3841 soret·
951 3859 957 3873 ,
1025 3859 1032 3873 ‚
1198 3795 1256 3855 out
1276 3789 1497 3871 componendos
1517 3789 1613 3866 docet,
1642 3807 1701 3870 que
1726 3787 1851 3852 meiero
1872 3785 2033 3850 immincat
2053 3805 2075 3850 o
2096 3781 2173 3850 Goe-

263 3866 316 3931 De
337 3883 514 3946 campanae
536 3861 634 3946 pulsu
662 3861 763 3926 nolim
789 3881 846 3926 vos
875 3866 1074 3944 pertinacius
1095 3880 1146 3924 re-
1198 3897 1271 3942 m
1286 3875 1444 3959 mistico
1460 3873 1614 3958 pembr,

179 3950 336 4028 clamare,
364 3951 393 4014 si
414 3947 555 4015 obtineri
582 3954 720 4030 nequeat
745 3953 785 4010 ut
813 3945 965 4030 princeps
986 3945 1146 4010 remittat:

180 4056 247 4135 11911
274 4035 350 4118 quia
371 4033 524 4184 probem,
556 4033 613 4099 11111
640 4031 716 4116 quia
744 4052 815 4096 rem
844 4030 1052 4097 sonantioris
1080 4051 1147 4096 non
1200 4064 1253 4129 (nx
1270 4063 1437 4133 scampno
1454 4061 1563 4116 seiri.
1581 4058 1808 4142 nuscuntur.
1827 4057 1889 4112 ιιι.
1908 4055 1958 4110 ιιι
1976 4055 2041 4110 oum
2059 4054 2173 4124 supp.

181 4121 312 4206 dignam
334 4141 370 4186 ar
392 4129 482 4186 ltror.
1404 4131 1435 4186 Τ.
1452 4129 1495 4198 30,
1513 4129 1559 4186 lol.
1577 4127 1635 4183 114.
1653 4156 1687 4167 -
1705 4128 1810 4182 Simlor.
1829 4125 1892 4180 Vol.
1908 4123 1965 4191 bd.)

263 4207 305 4271 In
326 4207 417 4273 festis
437 4225 505 4271 non
522 4201 715 4287 recipiendis
733 4221 885 4286 cuperem
901 4221 960 4266 vos
977 4222 1048 4268 esse
1069 4223 1147 4268 con-

178 4293 362 4373 stantiores,
385 4292 432 4357 sie
453 4297 565 4356 tamen
581 4297 702 4355 utnon
719 4287 856 4372 litigetis
878 4285 919 4352 de
940 4286 1145 4369 quibuslibet,
1199 4321 1392 4388 praedm
1413 4319 1543 4403 pietati,
1564 4337 1602 4384 ω
1624 4316 1790 4383 doctrinae
1811 4313 1882 4380 ,110
1904 4310 1947 4376 Β,
1966 4309 2082 4376 Ioanni
2093 4309 2172 4376 οη]-
2294 4274 2302 4305 ’

178 4377 235 4446 ⁸⁰d
257 4377 298 4442 ‘¹⁰
319 4378 360 4444 ᾖε
381 4385 510 4442 “mlum
538 4397 621 4460 ΨΜ
642 4395 702 4440 ¹¹⁰⁰
721 4373 766 4472 ⁵3¹.
780 4371 1035 4472 ³⁰difi⁰⁸li⁰¹¹⁰¹l¹
1057 4373 1147 4456 qnid·
1198 4407 1277 4473 vino
1303 4413 1435 4474 sanotae
1464 4403 1691 4470 Gabennensis
1717 4399 1870 4467 eeclesiae
1898 4397 2048 4481 episeopo
2068 4417 2169 4464 vene·

178 4483 277 4548 quam
298 4465 425 4530 lactura
444 4469 529 4540 sunt,
552 4471 586 4526 et
602 4467 866 4543 superstitionem
883 4479 988 4541 prima
1008 4479 1080 4543 ipsa
1098 4459 1146 4524 fa·
1406 4488 1509 4556 mdo
1530 4509 1590 4556 suo
1612 4495 1646 4554 oq
1666 4485 1832 4553 mimimo
1853 4483 1955 4548 fratr-L

176 4551 225 4616 eie
252 4571 331 4634 prae
360 4571 395 4616 se
421 4548 540 4615 ferunt.
591 4548 637 4612 Et
665 4544 793 4610 habetis
820 4541 1025 4626 plausibilem
1053 4563 1145 4610 reou-
1776 4621 1784 4635 .

176 4635 273 4700 sandi
294 4635 473 4700 materiam.
517 4633 604 4700 Nam
624 4633 661 4697 in
682 4639 803 4714 papatu
820 4649 939 4713 magna
960 4629 1146 4696 celebritate
1283 4627 1435 4695 Gratiam
1456 4633 1490 4692 ιι
1510 4626 1598 4693 vitae
1619 4626 1840 4721 innocentiam
1862 4641 1882 4686 a
1903 4627 2069 4720 servatore
2079 4619 2165 4684 Iesu.

177 4721 420 4820 conceptionem
447 4727 481 4785 ιι
512 4719 734 4819 ascensionem
742 4719 771 4801 ⁴)
795 4713 938 4814 Virginis
965 4714 1143 4781 coluerunt
1197 4714 1412 4814 Commodum
1441 4711 1530 4813 hune
1556 4707 1921 4812 pactusutabellionem,
1949 4723 2079 4856 qqitiappq
2098 4710 2166 4854 tpp,

177 4799 1016 4971 ttttttlttttttltlttttttttt
1038 4809 1145 4953 idi
1196 4797 1890 5032 tttt.t¹t.tt⁰ttt¹}t.ttt¹tttt
1907 4812 2166 4960 ditasset

176 4977 282 5042 rideat
303 4977 358 5061 qni
379 4979 461 5043 tales
483 4977 580 5045 terias
601 4971 849 5060 excogitarunt?
1197 4970 1339 5037 amioum
1370 4977 1403 5036 et
1428 4971 1563 5036 fratrom
1606 4987 1690 5050 ongo
1719 4963 1924 5031 carissimum
1954 4959 2164 5060 perscribere.

1195 5054 1305 5122 Audio
1326 5055 1477 5122 nonnihil
1505 5051 1629 5120 dissidii
1651 5057 1709 5117 aut
1737 5049 1853 5117 saltem
1881 5047 2056 5114 simultatis
2077 5053 2166 5112 inter

1668 2801 1810 2868 Ioannes
1831 2799 1992 2868 Oalvinus
2012 2813 2129 2866 vester.

1583 3092 1785 3102 ..-----

1195 5149 1357 5209 vastratas
1377 5141 1581 5207 etBernates
1598 5137 1707 5204 nescio
1729 5135 1769 5202 de
1789 5135 1907 5219 quibus
1927 5131 2047 5198 finibus
2067 5127 2166 5216 atquo

278 5251 310 5310 tl
332 5251 385 5306 Ed
405 5249 493 5306 Laus.
510 5256 535 5304 et
551 5263 621 5317 seqq.
639 5247 867 5317 Assumptionom.
1195 5227 1345 5294 tormini!
1376 5225 1520 5312 episcopi
1551 5223 1630 5290 olim
1660 5221 1798 5308 imperio
1829 5217 1982 5288 subiectis
2016 5216 2172 5303 31180910.

279 5335 391 5392 caim
405 5350 498 5404 opero.
536 5331 596 5389 Vol.
613 5331 669 5386 Xl.
1924 5318 1960 5376 lt)
