4910 5974
163 298 224 357 417
1064 297 1144 358 1548
1166 293 1256 361 IUL.
2091 307 2164 369 413,

163 481 258 564 Quod
280 491 393 548 tamen
415 481 497 546 nihil
519 479 808 566 penetrantem)
831 479 1029 562 seripsimus,
1052 479 1133 544 illud
1184 482 1305 546 fantum
1327 491 1378 548 est
1396 491 1435 548 ut
1451 483 1602 567 optabam
1619 490 1652 550 et
1669 491 1746 551 ante
1762 491 1829 554 tres
1847 509 1949 554 annos
1966 495 2155 558 statueram.

161 569 283 653 partim
309 569 344 632 in
371 586 469 634 eausa
500 567 564 632 init
589 566 675 649 qnod
700 567 889 649 putavimus
917 565 1010 630 illum
1037 565 1134 630 vivae
1185 567 1311 650 Nempe
1333 577 1371 633 ut
1397 569 1506 651 aliqua
1533 572 1590 637 abs
1618 579 1651 636 te
1678 572 1833 653 praefutio
1860 573 2040 641 adderetur.
2085 577 2157 645 Nee

162 653 318 739 epistolae
339 653 409 717 looo
432 653 515 728 lore,
543 653 664 734 partim
692 651 768 734 quia
798 651 852 717 hio
873 672 962 716 nuno
984 650 1134 715 nonnulli
1184 673 1316 734 possum
1339 653 1427 719 aliud
1450 654 1555 720 dicere
1576 656 1639 720 nisi
1661 655 1747 739 qnod
1758 655 1861 723 Satan
1883 659 2055 742 impedivit
2075 683 2158 746 quo-¹

162 746 258 806 erant
280 739 334 822 qui
364 737 514 805 dioebnnt
541 737 632 802 brovi
662 757 698 801 se
724 737 808 802 istuo
836 737 956 801 ituros:
988 734 1044 801 sed
1073 736 1133 802 hoo
1185 739 1293 802 miuus
1321 738 1383 804 hoe
1410 740 1468 805 abs
1495 748 1528 805 te
1556 747 1794 825 extorquerem
1841 743 1967 810 Puduit
1987 747 2075 810 enim
2097 745 2155 814 abs

162 826 286 892 hubent
309 824 379 888 vitii
395 823 609 889 communiter
631 821 797 904 quodiam
816 820 1134 904 aditereomperati
1185 831 1219 886 te
1241 833 1361 906 petere,
1383 845 1425 889 ne
1447 827 1518 908 quis
1545 826 1642 891 aliam
1669 829 1704 890 in
1726 836 1854 910 partem
1874 831 2043 914 aeniperet.
2087 830 2160 898 Sed

162 923 195 976 et
218 911 352 976 aooinoti
375 908 463 974 abire
481 930 516 972 se
538 907 746 986 denuncient,
769 929 806 974 eo
823 915 903 971 tuno
921 917 1037 990 rogant
1055 928 1132 971 num
1185 907 1240 972 ille
1261 909 1367 990 pudor
1389 931 1456 974 non
1477 909 1540 974 fuit
1561 931 1603 976 ex
1624 910 1797 994 prudentia
1823 915 1972 996 spiritus,
2002 917 2156 1000 quemad-

162 996 243 1082 quid
273 993 313 1060 ad
342 1005 375 1058 te
403 994 510 1060 velim.
560 993 602 1058 In
622 994 711 1058 huno
734 992 866 1058 modum
891 990 1095 1058 Sebastianus
1105 995 1134 1076 ⁹)
1186 991 1318 1058 modom
1344 1015 1433 1061 nune
1465 1003 1552 1060 eerte
1586 995 1730 1062 iudieare
1764 1019 1906 1080 possum.
1959 1001 2157 1086 Quanquam

162 1103 263 1165 quum
298 1102 403 1164 nuper
435 1081 519 1145 istue
551 1079 782 1162 profeotionem
814 1077 1001 1142 institueret
1035 1097 1135 1160 quam
1187 1078 1274 1143 aliud
1293 1081 1391 1145 etiam
1409 1103 1451 1145 ex
1468 1079 1595 1165 obliquo
1613 1083 1799 1149 intervenit.
1832 1085 2052 1152 Promiseram
2069 1087 2158 1153 enim

161 1188 229 1232 non
253 1165 398 1243 absolvit,
422 1166 513 1230 venit
534 1165 574 1228 ad
592 1184 645 1228 me
663 1163 723 1229 sub
743 1171 870 1228 nortem
893 1161 1039 1246 dixitque
1060 1183 1135 1246 pos·
1188 1163 1375 1316 Mieboelffld
1397 1186 1465 1244 me,
1494 1166 1592 1232 simul
1620 1175 1716 1251 atque
1743 1189 1784 1232 ex
1814 1180 1976 1236 eonventu
2003 1172 2157 1238 Worma-

161 1252 261 1318 tridie
283 1273 409 1317 summo
431 1271 527 1314 mnne
549 1271 584 1314 se
605 1249 739 1313 iturum.
784 1249 856 1332 Ego
878 1259 987 1313 autem
1011 1269 1071 1314 neo
1098 1269 1135 1313 eo
1187 1249 1286 1315 oiensi
1315 1272 1351 1316 re
1373 1252 1537 1330 iissemus,
1570 1254 1738 1336 exemplar
1764 1255 1956 1334 missurum,
1992 1278 2065 1324 eum
2094 1258 2156 1324 hoo

162 1339 216 1404 die
238 1338 380 1404 seribere
402 1334 561 1401 audebam
579 1355 620 1399 ne
643 1334 823 1399 valetudini
840 1334 991 1412 officeret,
1015 1343 1048 1398 et
1069 1354 1136 1398 nou
1187 1345 1370 1402 commento
1398 1345 1437 1400 ut
1463 1339 1531 1420 ipse
1561 1339 1595 1402 in
1618 1339 1815 1422 praefatione
1838 1339 1999 1421 dieeres⁸)
2024 1350 2056 1408 te
2086 1343 2157 1409 eius

163 1424 251 1490 soleo
273 1433 340 1488 tarn
369 1443 465 1486 mane
486 1441 636 1504 surgere,
665 1429 702 1484 ut
730 1427 933 1484 antevertere
960 1439 1035 1484 mea
1063 1419 1135 1483 dili·
1187 1420 1360 1486 editionem
1383 1443 1521 1488 ournese.
1565 1424 1657 1488 Abiit
1677 1424 1747 1488 ille:
1779 1425 1825 1492 sie
1846 1434 1916 1490 tota
1939 1435 2051 1493 nostra
2072 1428 2157 1493 ratio

162 1511 276 1595 gentis
298 1509 366 1578 eius
384 1506 582 1572 eeleritatem
601 1526 737 1588 possem.
771 1503 867 1570 Adde
885 1503 970 1587 quod
986 1505 1136 1570 habenda
1187 1507 1319 1571 turbate
1340 1508 1410 1572 fuit.
1455 1509 1579 1572 Mirum
1602 1517 1711 1574 tamen
1735 1517 1785 1575 est
1806 1511 1869 1575 nisi
1891 1511 1945 1578 ille
1967 1521 2077 1578 noster
2098 1535 2157 1580 en-

162 1595 246 1660 mihi
269 1603 339 1660 erat
360 1593 479 1659 ooneio.
531 1589 597 1657 Sed
620 1592 692 1657 istis
714 1589 917 1655 sermonibus
940 1589 1135 1674 supersedeo
1187 1591 1358 1658 oomiastos
1385 1593 1551 1658 existimet
1578 1595 1660 1658 mihi
1689 1595 1796 1679 magu
1823 1595 1949 1677 dolere,
1977 1597 2062 1680 quod
2090 1619 2157 1663 non

161 1703 203 1746 ne
234 1679 476 1746 exeusationem
512 1677 661 1742 meditari
689 1675 817 1754 videar,
847 1697 945 1758 quam
972 1677 1135 1741 eonfessus
1187 1676 1263 1741 illae
1292 1686 1360 1742 tam
1383 1679 1524 1760 amplae,
1554 1679 1607 1744 vel
1630 1681 1737 1762 potius
1758 1679 1914 1765 prodigae
1941 1683 2055 1748 laudes
2077 1705 2158 1766 quas

162 1787 237 1832 snm
257 1765 381 1830 nullam
404 1763 484 1827 mihi
507 1785 586 1828 esse.
1187 1762 1267 1826 mihi
1290 1764 1405 1828 tribuit
1421 1764 1456 1828 in
1475 1763 1581 1846 prima
1598 1765 1717 1848 pagina
1738 1764 1900 1850 leguntur.
1932 1767 2046 1852 Neque
2067 1769 2158 1834 enim

250 1851 323 1916 Nisi
353 1849 477 1914 Vireius
498 1849 564 1912 iam
595 1857 645 1912 est
665 1848 700 1911 in
723 1847 854 1924 itinere,
884 1867 949 1911 non
970 1845 1059 1910 ultre
1081 1843 1135 1910 diu
1187 1856 1256 1912 tam
1278 1848 1480 1930 prudentem,
1504 1850 1626 1932 opinor,
1650 1871 1720 1916 esse
1738 1871 1858 1933 censes,
1880 1861 2003 1920 utnon
2025 1854 2073 1918 illi
2095 1855 2158 1920 hoo

162 1936 295 2002 differet
317 1936 396 2018 quin
417 1935 561 2000 Bornam
589 1933 693 1998 adeat.
746 1931 802 1998 Sie
831 1943 940 1996 autern
968 1933 1056 1996 inter
1077 1952 1137 1996 nos
1187 1934 1221 1996 in
1250 1943 1392 1998 mentem
1420 1936 1532 2000 venire
1560 1941 1665 2018 queat.
1711 1935 1762 2000 De
1790 1936 1830 2002 iis
1860 1958 1940 2020 qnos
1965 1940 2159 2023 perstringit

162 2030 365 2090 eonveneret
387 2029 423 2084 ut
444 2031 477 2084 te
499 2019 532 2083 in
556 2019 663 2083 reditu
686 2017 793 2102 potius
814 2019 980 2096 inviseret,
1003 2038 1045 2080 ne
1068 2035 1136 2081 ma·
1187 2019 1364 2100 praeterire
1385 2021 1489 2085 satius
1511 2029 1570 2096 est,
1593 2041 1635 2084 ne
1658 2022 1727 2086 eius
1744 2021 1915 2105 cupiditati
1932 2023 2157 2108 obsequamur.

161 2109 263 2175 levoli
285 2127 344 2172 suo
366 2127 455 2170 more
476 2105 671 2169 instructum
701 2103 758 2168 abs
785 2113 819 2167 te
847 2103 1135 2179 oalumniarontur,
1188 2103 1348 2169 Videmus
1376 2106 1464 2170 enim
1492 2104 1570 2188 qnid
1598 2115 1714 2190 captet.
1727 2109 1753 2188 ⁹)
1798 2107 1887 2192 Ergo
1917 2110 1960 2175 sit
1986 2109 2066 2176 illud
2095 2131 2155 2194 pro

161 2196 190 2260 si
214 2193 294 2277 quid
316 2191 418 2256 odiosi
440 2189 572 2254 afferret
591 2189 675 2271 quod
697 2209 829 2254 neeesse
851 2197 930 2252 erat.
961 2187 1137 2253 Voluimus
1187 2209 1254 2254 non
1276 2189 1370 2254 dioto.

162 2301 242 2364 ergo
265 2287 297 2344 te
319 2279 382 2344 hae
403 2275 528 2340 invidia
549 2275 736 2354 sublevare,
764 2283 813 2338 tot
842 2274 915 2340 aliis
937 2272 1042 2339 modis
1064 2274 1137 2356 plus
1273 2274 1497 2340 summarium
1511 2274 1552 2424 Ὢ
1573 2276 1629 2343 ubi
1649 2277 1776 2343 miseris
1797 2277 1937 2343 libenter
1960 2299 2160 2362 percurram,

162 2366 245 2431 satis
268 2370 451 2448 gravatum.
485 2361 558 2425 Hoo
575 2360 647 2425 ideo
669 2357 739 2424 dieo
761 2369 799 2424 ut
820 2361 848 2424 si
870 2359 1040 2424 eonsilium
1063 2381 1137 2424 nos·
1188 2381 1252 2424 non
1275 2375 1313 2426 ut
1333 2381 1457 2438 eensor,
1488 2382 1522 2426 se
1565 2382 1650 2427 unus
1672 2384 1713 2426 ex
1735 2383 1870 2428 numero
1892 2364 2065 2443 lentorum,
2094 2366 2159 2430 nisi

162 2459 255 2516 mum
278 2447 493 2532 improbable,
523 2445 688 2530 intelligas
709 2455 819 2510 tamen
849 2446 974 2509 ratione
996 2464 1062 2508 non
1085 2465 1137 2509 oa·
1189 2444 1282 2528 quod,
1306 2447 1333 2511 si
1355 2467 1435 2528 quas
1453 2447 1617 2512 oautiones
1635 2447 1788 2513 adhibere
1805 2459 1927 2531 potero,
1951 2472 1992 2515 ne
2014 2451 2057 2517 sit
2077 2450 2162 2516 liber

162 2557 247 2602 rere.
294 2532 387 2614 Quae
416 2543 491 2596 ante
520 2532 589 2596 eius
618 2531 795 2596 disoessnm
823 2529 878 2594 hie
900 2531 1060 2614 gessimus
1081 2530 1137 2593 vol
1188 2530 1348 2596 obnoxius
1366 2531 1587 2614 improborum
1604 2533 1785 2611 calumniis,
1809 2535 1870 2600 hae
1891 2545 1985 2618 parte
2006 2535 2067 2602 tibi
2090 2555 2160 2601 ser-

162 2643 249 2706 quse
278 2620 372 2684 nobis
401 2617 624 2699 contigerunt,
659 2616 770 2681 omnia
796 2613 855 2679 tibi
884 2615 1000 2680 melius
1027 2635 1136 2679 eoram
1188 2615 1285 2680 viam
1332 2615 1499 2696 Quantum
1522 2617 1562 2680 ed
1580 2638 1670 2683 meas
1691 2620 1727 2683 in
1745 2619 1902 2685 Genesim
1920 2622 2160 2688 observationes

161 2707 277 2772 verbis
310 2713 463 2787 exponet:
504 2702 584 2768 haee
616 2721 713 2768 eausa
751 2708 802 2764 est
833 2719 891 2764 our
923 2707 1135 2782 praeteream.
1189 2701 1315 2776 attinet,
1338 2702 1366 2765 si
1380 2701 1544 2766 Dominus
1561 2701 1739 2785 longiorem
1758 2707 1860 2770 vitam
1883 2705 1972 2772 dabit
1993 2713 2026 2771 et
2047 2708 2159 2786 odam,

161 2793 303 2860 Fratres
336 2810 417 2872 quos
448 2807 554 2870 nuper
588 2787 745 2870 elegimus
778 2805 871 2868 sporo
902 2807 970 2849 non
1009 2787 1137 2870 ineptos
1189 2787 1334 2850 fortassis
1367 2786 1408 2850 ad
1441 2807 1515 2850 enm
1548 2786 1691 2852 laborem
1724 2809 1858 2854 manum
1888 2791 2047 2858 ediioiam.
2097 2793 2160 2858 Sin

161 2879 247 2944 iore:
272 2873 368 2940 modo
386 2875 555 2940 aeeesserit
571 2872 743 2938 mediocris
761 2871 959 2960 exercitatio.
994 2871 1139 2936 Tametsi
1189 2871 1308 2948 minus,
1331 2891 1397 2936 non
1419 2871 1523 2936 habeo
1548 2891 1700 2954 magnam
1723 2875 1870 2956 spemin
1893 2873 2103 2943 auditoribus.
2118 2879 2162 2960 ΙΙ)

161 2966 219 3048 qui
244 2970 296 3028 est
318 2961 463 3026 omnium
486 2958 699 3036 doetissimue,
730 2965 764 3022 et
783 2958 833 3022 oni
857 2955 1031 3022 tribuimus
1053 2961 1139 3020 inter
1189 2956 1263 3022 Hoe
1289 2957 1371 3020 mihi
1398 2957 1609 3040 praeeipuum
1638 2964 1737 3041 eaput
1766 2969 1816 3025 est
1831 2981 2000 3041 surarum,
2030 2971 2068 3026 ut
2089 2983 2160 3026 sae-

160 3050 237 3114 illos
260 3047 404 3130 primum
422 3045 576 3126 looum,⁸)
598 3045 733 3108 minime
755 3049 804 3106 est
821 3041 993 3125 popularis.
1029 3043 1140 3106 Habet
1190 3041 1262 3108 oulo
1283 3062 1356 3106 meo
1378 3043 1520 3107 serviam
1547 3063 1584 3108 ae
1612 3045 1776 3125 praesenti
1806 3045 1976 3110 venationi.
2020 3045 2059 3111 si
2103 3045 2161 3111 uid

161 3137 255 3200 enim
283 3134 453 3198 confusam
475 3129 603 3196 dicendi
631 3129 806 3204 rationem,
836 3136 934 3210 atque
960 3137 999 3192 ut
1027 3127 1139 3192 ordine
1190 3139 1241 3192 est
1268 3127 1430 3210 reliquum
1458 3127 1727 3210 opportunitatis,
1756 3128 1789 3192 id
1811 3131 1949 3212 posteris
1969 3067 2160 3214 impendere

161 3241 200 3286 ao
220 3217 376 3284 distinete
396 3217 594 3298 loqueretur,
623 3235 729 3280 sermo
749 3222 859 3278 tamen
887 3214 956 3296 ipse
984 3214 1139 3280 obscurus
1190 3211 1340 3279 oonabor.

162 3314 224 3372 est.
260 3303 346 3369 Aliis
366 3301 508 3378 tribuet)
530 3300 667 3368 felieiter
686 3299 782 3364 initia
798 3299 985 3377 snooodunt,
1008 3301 1139 3365 tametsi
1276 3297 1469 3381 Seriptnrus
1496 3317 1585 3364 eram
1612 3297 1722 3381 plura,
1750 3297 1807 3364 sed
1833 3319 1934 3382 quum
1961 3321 2044 3365 uxor
2071 3321 2161 3366 nune

161 3391 249 3456 nihil
274 3388 315 3454 ad
345 3387 493 3452 Virrium.
536 3387 652 3469 Itaque
673 3386 727 3468 qui
749 3387 906 3468 profieere
928 3385 1072 3467 eupiunt,
1095 3383 1139 3450 si·
1190 3384 1315 3450 laboret
1341 3404 1407 3448 non
1431 3384 1502 3448 sine
1528 3383 1685 3465 perieulo,
1713 3385 1842 3450 animus
1863 3385 1927 3448 alio
1948 3385 2160 3451 abstrahitru.

161 3476 237 3541 mul
260 3485 375 3557 optant
396 3493 449 3538 me
469 3473 598 3555 saepius
623 3472 716 3536 solito
738 3471 928 3536 ooneionari.
973 3469 1070 3550 Quod
1091 3471 1139 3534 fa·
1191 3469 1263 3536 Hoo
1280 3467 1398 3534 addam
1415 3479 1536 3534 tamen:
1560 3489 1687 3552 semper
1707 3468 1962 3534 moderationem
1980 3479 2070 3535 tuam
2087 3471 2162 3553 plu-

161 3581 240 3628 oere
258 3560 368 3644 ineepi
390 3559 597 3639 facturusque
615 3577 698 3635 sum,
721 3555 822 3622 donee
842 3555 897 3619 alii
918 3555 992 3640 plus
1014 3556 1140 3639 gratiae
1191 3555 1267 3618 rimi
1289 3554 1351 3620 feei
1369 3555 1406 3618 in
1423 3553 1556 3631 ferendo
1573 3553 1705 3637 eollege,
1720 3557 1760 3624 Ι8)
1783 3563 1878 3638 teque
1900 3577 2029 3639 semper
2050 3557 2162 3622 horte·

161 3648 227 3714 sibi
251 3644 506 3711 eonoiliaverint.
552 3643 708 3708 Proximo
731 3641 783 3705 die
814 3639 973 3706 dominioo
996 3639 1139 3706 Setinis·
1192 3649 1245 3705 tus
1267 3660 1339 3704 sum
1361 3639 1411 3704 nti
1432 3659 1593 3722 pergeres.
1639 3636 1705 3704 Sed
1727 3661 1826 3722 quum
1848 3639 1943 3705 audio
1965 3641 2104 3724 qualiter
2125 3663 2162 3708 se

161 3753 244 3798 enm
267 3731 455 3814 proficiscor
477 3728 518 3793 ad
542 3727 687 3794 Iacobum
696 3725 724 3812 ⁶)
754 3725 980 3792 ordinandum.
1031 3725 1140 3808 Impe·
1192 3733 1293 3808 gerat,
1316 3725 1400 3789 nihil
1417 3745 1550 3808 possum
1567 3724 1657 3788 aliud
1674 3725 1826 3802 iudieare,
1849 3726 1911 3791 nisi
1929 3727 2073 3808 apertius
2090 3747 2161 3792 esse

162 3819 239 3884 dior
261 3817 297 3880 in
320 3813 608 3892 sommendatione,
631 3815 723 3878 sieuti
747 3811 839 3877 faeile
860 3813 1019 3878 eoniieere
1040 3820 1154 3894 potes,¹
1191 3809 1406 3875 traetondum.
1466 3809 1550 3874 Nam
1583 3808 1664 3874 illud
1695 3808 1872 3875 remedium
1906 3812 1988 3876 milri
2026 3812 2161 3877 minime

160 3923 286 3969 verum
308 3899 392 3983 quod
416 3919 487 3965 esse
503 3900 537 3963 in
555 3898 810 3964 aedifieationem
828 3897 941 3980 populi
959 3916 1141 3981 eognovero
1191 3895 1299 3979 planet
1324 3906 1361 3960 ut
1388 3896 1428 3959 ab
1459 3894 1515 3959 illo
1546 3895 1688 3961 oaveotis
1716 3917 1753 3961 ae
1781 3916 1909 3978 semper
1941 3896 2159 3962 dissimuletis

160 3989 194 4054 id
219 4007 351 4070 sequar.
1193 3981 1276 4046 Nam
1298 3980 1364 4059 ille,
1393 4001 1491 4061 quum
1514 3989 1702 4062 snspeotnm
1724 4001 1759 4045 se
1781 3981 2027 4060 animadvertit,
2056 4001 2093 4045 eo
2120 3983 2161 4046 lit

252 4071 297 4136 In
318 4071 427 4136 libello
449 4091 521 4136 meo
529 4071 558 4138 61
586 4069 647 4134 hoo
674 4067 754 4132 mihi
786 4067 935 4152 displicet
962 4067 1046 4151 quod
1073 4087 1139 4131 non
1193 4066 1345 4132 deterior:
1369 4065 1558 4148 simpliciter
1579 4085 1656 4148 ergo
1674 4067 1782 4149 potius
1803 4087 1877 4132 enm
1899 4074 2037 4132 monete.
2075 4065 2161 4132 Vale

159 4229 367 4242 ......-—---

1193 4257 1397 4267 ...-.---

176 4313 250 4376 m
271 4314 301 4376 1)
321 4310 459 4390 mem
475 4313 618 4389 renuentes
633 4305 1140 4375 m.1osto1541,rsamreousaotr.
1462 4371 1467 4383 ·
1569 4371 1574 4383 Ι
2002 4371 2008 4383 ¹

160 4377 785 4529 Nfflsi'iripi'dd‘df'uib'qiimvsiffim,
805 4443 903 4498 sose
918 4461 946 4512 ρ.
961 4442 1008 4526 Ι11.
1041 4445 1092 4498 rs
1191 4448 1217 4498 o
1233 4457 1267 4498 a
1281 4371 1783 4522 pdef‘edde‘i'dddwiiiffffl
1793 4373 2157 4524 aspernationem,

159 4521 229 4577 Eeb.
250 4517 386 4573 0111181111.
406 4517 475 4570 Bos.
494 4513 570 4568 1868.
596 4515 715 4581 Boanet,
735 4513 893 4594 Neam
909 4512 1043 4594 1611118.
1064 4512 1112 4566 187
1132 4553 1138 4566 .
1294 4510 1324 4574 81
1344 4509 1479 4564 emtam
1493 4525 1543 4578 per
1563 4525 1638 4564 mam
1656 4515 1782 4578 eampse:
1799 4511 1918 4564 diaerenr
1934 4525 1993 4564 esne
2010 4511 2119 4565 droeror.

158 4591 244 4646 Erat
266 4587 326 4641 ium
349 4585 424 4654 prof.
452 4584 484 4637 a·
511 4582 640 4652 (abege,
669 4588 695 4637 et
717 4586 893 4638 moneor
920 4597 953 4635 111
977 4597 1036 4637 ntea
1062 4581 1139 4637 Vors-
1292 4579 1322 4644 8)
1340 4578 1516 4660 Apoqrnplto
1601 4584 1696 4660 1111111
1717 4586 1782 4632 eret.
1815 4647 1821 4660 ·
2024 4647 2030 4662 ⁰

157 4661 296 4715 domme.
1276 4645 1321 4730 10)
1340 4649 1489 4701 Summano
1513 4655 1542 4701 et
1565 4649 1669 4702 brreive
1692 4597 1994 4729 deolsrstrondanonnr
2011 4649 2084 4728 ΙιιειικΙ
2101 4648 2157 4726 lert

270 4725 302 4854 il
321 4718 979 4857 abessealesse...
998 4785 1032 4842 r
1055 4785 1106 4839 ιιι
1191 4717 1818 4854 abatatsslttfftlttttt
1833 4714 2159 4852 mistim

463 4829 469 4843 .
570 4805 597 4843 sr
1031 4825 1037 4839 .
1108 4825 1115 4842 .
2036 4825 2042 4838 .

156 4805 1139 5015 1111)(111111111111111111111118
1190 4859 1222 4908 “²
1237 4853 1346 4987 ”aa
1359 4853 1979 4992 11111111·
2017 4919 2157 5002 aa..

154 5020 225 5058 m
243 4999 424 5136 mdialgseeldd
436 4995 1001 5134 dnmwmmmbm
1024 5059 1136 5130 prodiit
1191 5005 1249 5114 a
1265 5005 1324 5128 dddd
1338 4988 2158 5142 mffmfflmkffmmeidewmaepffidffi

155 5136 397 5204 amorim
429 5204 434 5214 .
462 5133 631 5190 &mommo
653 5133 847 5188 mntem
869 5133 967 5201 pauiu
989 5129 1023 5185 de
1044 5144 1137 5186 messa·
1190 5127 1663 5252 mammutium&
1687 5127 2159 5197 qoramqsoeposteouepotrofo-

155 5209 222 5266 Μ
241 5208 588 5357 ammes,
606 5287 661 5340 xr.
1308 5239 1314 5252 ’
1921 5279 1955 5334 ιι
