4860 5968
336 300 400 366 4⁷⁶
1103 289 1363 362 EPlsuonffl
1384 293 1551 356 sss-441
2255 297 2299 358 lli

339 482 507 554 surabis
527 501 641 548 omnes
662 501 736 546 meo
757 479 888 545 nomine
909 477 1090 564 diligenter.
1133 477 1187 543 De
1207 477 1306 544 rebus
1356 485 1436 542 tum.
1479 477 1524 541 Et
1545 476 1615 559 ipse
1636 478 1672 542 in
1692 475 1753 542 hoo
1774 497 1840 541 nou
1861 476 1907 540 ita
1927 475 2063 558 pridem,
2084 478 2113 544 si
2133 477 2301 557 meministi,

340 569 460 638 nostris
477 575 511 633 et
526 565 617 632 urbis
634 574 723 632 statu
739 565 881 632 relereut
897 564 933 630 hi
944 563 1008 629 duo
1025 565 1150 630 fratres.
1181 561 1306 628 Omnes
1356 563 1403 628 lui
1424 561 1484 626 tibi
1503 561 1608 626 veluti
1628 567 1820 645 prognoetes
1841 581 1901 644 per
1918 581 2025 628 meam
2042 561 2084 628 ad
2100 571 2133 628 te
2150 563 2303 646 epistolm

340 657 386 741 pii
414 653 636 720 amantissima
664 659 697 718 te
724 651 876 718 salutant
920 649 1051 714 Literas
1078 655 1161 727 tuas,
1192 647 1307 730 quibus
1357 669 1458 732 quum
1486 645 1592 712 adhue
1620 667 1749 730 agerem
1776 645 1863 728 apud
1882 645 2090 712 Neooomum
2133 647 2172 714 Si
2194 647 2304 730 quidam

341 740 434 807 uobis
450 759 595 822 exponas
613 743 651 802 ut
669 757 722 803 res
739 737 813 802 istie
829 735 979 812 habeant,
998 733 1122 800 dudum
1139 735 1175 798 in
1191 735 1308 798 itinere
1358 743 1446 811 tune,
1483 731 1583 798 Vireto
1611 741 1722 798 nostro
1749 731 1848 797 istius
1873 730 2067 808 diseedente,
2095 733 2246 800 ardenter
2265 755 2305 800 eu·

341 847 412 893 esse
431 823 567 890 oonfido.
610 821 679 888 Det
699 822 860 888 Dominus
885 825 923 884 ut
948 840 1008 884 nos
1029 841 1162 902 prorsus
1183 818 1308 883 exhila-
1359 819 1486 902 piebem
1514 817 1551 880 in
1577 817 1664 882 illius
1689 816 1798 882 looum
1823 815 1883 880 tibi
1909 817 1994 884 ferre
2021 819 2187 900 suppetiae
2213 839 2306 901 quen

342 917 426 978 rent
458 911 528 974 Vix
549 906 662 974 eredas
682 914 839 991 quantum
856 925 908 970 me
929 904 1005 969 illae
1026 913 1101 970 tuae
1122 903 1270 987 prefixae
1278 904 1308 986 ⁴)
1359 905 1448 988 piam
1469 902 1656 967 huiusmodi
1677 909 1769 966 tanta
1790 901 1918 966 sareiua
1937 902 2123 986 degravato.
2162 902 2306 970 Dominus

342 995 597 1062 noneternarint:
620 992 701 1059 adeo
722 999 759 1058 ut
779 1011 895 1074 parum
911 989 1051 1055 abluerit
1073 991 1152 1074 quin
1173 1009 1309 1071 ooeupa-
1361 989 1442 1054 tales
1462 987 1591 1066 multus,
1621 986 1750 1069 qualem
1770 1007 1830 1051 vos
1851 995 1963 1052 nautes
1985 1009 2055 1054 esse
2076 987 2198 1066 audivi,
2225 991 2307 1054 susei-

343 1081 500 1180 tionibus⁸
516 1087 550 1146 et
577 1078 718 1163 negotiis
746 1076 896 1175 omnibus
923 1075 1073 1158 proieetis
1106 1075 1233 1174 statim·
1247 1075 1310 1138 iter
1361 1081 1425 1152 tet,
1441 1092 1533 1172 'quoe
1561 1072 1735 1155 longaevos
1762 1079 1799 1170 et
1824 1072 1969 1155 integros
1997 1072 2125 1139 roboret
2150 1096 2208 1140 suo
2235 1075 2308 1174 gregi

345 1159 1202 1330 ffit¹¹t¹²tsluf³ttlltdt”estsimilis
1224 1165 1311 1309 miii
1362 1158 1501 1327 llsst‘t
1516 1156 1803 1325 ιζιῗθῖιὲὶιιῖιὲ
1823 1178 2054 1326 ptiust?
2076 1169 2310 1326 ltffisttl:

345 1338 487 1414 freter⁸l
508 1336 560 1402 vir
581 1341 632 1400 est
651 1335 724 1417 pius
745 1339 779 1396 et
794 1333 935 1414 integer:
957 1351 1055 1414 quem
1071 1329 1131 1396 tibi
1149 1349 1312 1395 oommen-
1362 1329 1539 1412 pudefiant,
1558 1327 1623 1392 nisi
1639 1347 1693 1392 eos
1710 1327 1882 1410 poeniteat.
1915 1327 2089 1394 (laetarum
2099 1329 2312 1412 permolestum

348 1421 459 1487 datum
480 1441 551 1486 esse
572 1419 674 1511 eupio.
718 1417 879 1483 Dominus
901 1423 987 1481 teet
1012 1437 1124 1482 omnes
1145 1415 1314 1480 suasistis
1363 1421 1414 1481 est
1440 1414 1522 1478 mihi
1549 1410 1635 1494 quod
1662 1431 1748 1478 uxor
1774 1421 1832 1476 tua
1859 1420 1925 1476 tam
1953 1414 2066 1480 erebro
2093 1421 2245 1497 aegrotet
2285 1412 2311 1480 Si

348 1513 519 1573 oonservet
550 1527 588 1572 ae
620 1502 816 1588 multiplieet
846 1522 958 1567 semen
989 1522 1095 1566 suum.
1150 1499 1312 1579 assem,
1364 1499 1472 1565 visum
1501 1505 1587 1563 esset
1608 1498 1750 1563 Domino
1778 1505 1815 1562 ιιι
1844 1507 1955 1562 nostra
1981 1497 2143 1564 industria
2171 1499 2312 1583 pristinae

352 1595 399 1656 1⁶.
418 1588 603 1676 Deeemb.⁷)
1364 1584 1556 1649 redderetur
1577 1583 1720 1660 sanitati,
1742 1581 1844 1647 nolim
1862 1581 1929 1647 ullo
1945 1581 2042 1648 modo
2058 1585 2146 1666 paroi
2163 1584 2255 1660 mihi,
2275 1583 2314 1650 vel

1365 1670 1405 1735 ob
1433 1667 1613 1752 longissimi
1641 1668 1739 1732 etiam
1760 1667 1887 1734 itineris
1908 1668 2059 1746 laborem,
2088 1669 2143 1734 vel
2164 1677 2314 1752 sumptun

1365 1753 1576 1820 immodieum
1588 1753 1617 1832 ²)
1639 1759 1673 1818 et
1698 1752 1856 1816 iaeturam
1877 1773 2022 1835 gravem,
2043 1752 2140 1818 modo
2161 1754 2240 1820 satis
2260 1772 2314 1820 esse

1365 1860 1492 1922 queam.
1546 1838 1632 1906 Nam
1663 1857 1847 1920 quanquam
1885 1837 2089 1920 quorundam
2126 1838 2243 1906 iudieio
2277 1859 2315 1903 me

735 1941 936 1958 “⁸⁸⁸“
1366 1923 1553 2009 pestilentia
1573 1923 1746 2000 terrefaeit,
1771 1943 1837 1997 non
1859 1931 1969 1988 tamen
1990 1923 2133 1990 detreeto
2155 1925 2316 1990 amioomn

1368 2029 1474 2086 eausa,
1492 2013 1638 2091 tempore
1655 2017 1690 2072 et
1706 2008 1762 2074 ubi
1779 2007 1883 2091 exigit
1899 2009 2084 2087 nenessitas,
2106 2009 2216 2075 subire
2231 2007 2316 2091 qnod·

798 2127 863 2196 44⁰
1369 2096 1419 2160 vis
1441 2094 1624 2160 discrimem
1668 2095 1812 2158 Tantum
1841 2113 1919 2160 vero
1947 2094 2040 2160 abest
2059 2101 2098 2158 ιιι
2117 2103 2255 2159 mortam
2274 2114 2316 2158 ex·

864 2175 874 2198 ‘
1369 2181 1547 2258 timeseam,
1568 2187 1608 2243 ut
1628 2197 1667 2242 ea
1687 2198 1813 2261 quoque
1829 2179 1971 2244 maxime
1988 2179 2138 2259 obleeter,
2160 2181 2188 2244 si
2206 2179 2318 2246 volente

623 2264 811 2332 DEX'DOR
833 2262 1049 2332 OAININO.
1369 2265 1512 2330 Domino
1544 2262 1705 2330 aeoiderit
1756 2263 1886 2346 Alioqui
1918 2263 1996 2346 quid
2025 2285 2105 2346 opus
2136 2273 2188 2330 est
2219 2271 2255 2328 ιιι
2278 2281 2319 2328 ma

1370 2351 1478 2432 ipsum
1499 2357 1621 2414 temere
1641 2349 1851 2432 praeeipitem
1873 2349 1909 2412 in
1930 2349 2126 2432 perieulum,
2152 2371 2251 2432 quum
2275 2345 2320 2412 ad·

442 2439 571 2506 Caluino
588 2437 767 2522 mutulam
787 2435 824 2501 od
844 2435 1048 2501 ruktudirem
1067 2435 1134 2499 iam
1152 2433 1320 2514 firmiorem
1371 2435 1436 2501 hue
1467 2434 1632 2516 pendeant
1658 2455 1678 2498 a
1704 2455 1756 2498 me
1786 2454 1870 2499 uxor
1894 2443 1928 2500 et
1959 2433 2065 2514 liberi,
2098 2435 2195 2501 amioi
2222 2443 2254 2500 et
2276 2433 2320 2498 alii

356 2524 544 2595 οιιωῖειίιιε
568 2523 754 2590 (lenerents
777 2521 931 2602 Mortem
957 2525 1079 2586 statam.
1131 2515 1230 2586 Uxori
1249 2538 1320 2583 erro
1372 2521 1466 2586 multi
1487 2541 1540 2586 me
1562 2519 1750 2602 saepissime
1772 2531 1948 2597 moereant,
1976 2541 2073 2602 quem
2093 2521 2185 2598 forte,
2208 2517 2321 2584 tametsi

356 2630 443 2694 opera
473 2610 555 2690 ferre
585 2629 648 2674 nora
679 2627 772 2689 posse
809 2607 870 2672 eidi
900 2607 1036 2672 marim
1066 2604 1225 2670 motorium
1257 2623 1323 2670 esse
1373 2606 1530 2684 inutilem,
1552 2611 1687 2670 manent
1707 2604 1898 2688 ingloriam
1913 2604 1977 2670 Dei
1994 2605 2065 2672 vivi
2081 2625 2163 2688 quae
2183 2603 2322 2670 momenti

356 2696 507 2780 affimat,
539 2693 659 2777 oblique
685 2693 828 2758 tuumne
847 2711 880 2757 se
903 2695 1020 2773 pestem
1052 2689 1097 2754 idi
1127 2695 1323 2774 grassantem
1373 2699 1451 2758 sunt
1471 2690 1613 2756 maioris.
1653 2691 1704 2754 Τιι
1724 2690 1826 2774 igitur
1843 2709 1972 2774 quoquo
1993 2699 2088 2774 paeto
2109 2689 2254 2774 indigeas
2273 2689 2323 2754 hoo

357 2783 473 2848 tima
503 2779 556 2845 Ab
576 2779 778 2844 inimieorum
798 2777 1020 2844 autumnitate
1041 2776 1193 2853 uindicat,
1217 2794 1324 2856 eosque
1373 2777 1598 2853 homuncione,
1628 2795 1695 2853 oro,
1722 2785 1816 2841 utere
1836 2796 1934 2858 quam
1962 2775 2221 2854 familiarissime,
2241 2773 2323 2840 modo

358 2868 508 2934 acerrime
524 2865 577 2930 red
594 2864 674 2930 satir
695 2862 818 2928 obscure
833 2863 1026 2946 perstringit.
1066 2861 1206 2944 Vergerii
1221 2861 1324 2926 orius·
1374 2861 1460 2946 quod
1480 2861 1565 2946 petis
1593 2861 1628 2927 id
1653 2862 1774 2944 possim
1793 2869 1967 2944 praestare.
2009 2862 2078 2928 Neo
2098 2861 2264 2946 quisquam
2282 2867 2324 2924 est

357 2953 434 3019 dum
454 2951 590 3017 libellam
608 2948 851 3014 marninundum
870 2947 1059 3014 summisit.
1093 2945 1144 3013 Dr
1164 2944 1324 3030 aquooulo
1375 2948 1517 3032 profesto
1539 2947 1595 3030 qui
1615 2946 1789 3031 proelivius
1818 2943 1853 3010 id
1873 2947 1979 3029 ipsum
1998 2955 2204 3030 exsequatur.
2247 2945 2324 3012 cius

358 3039 461 3103 mas
476 3036 553 3119 quid
574 3035 757 3100 cosmidum
777 3033 906 3114 qaaerit.
1375 3034 1626 3100 assentationem
1647 3031 1682 3096 id
1704 3029 1829 3096 dietum
1849 3031 1957 3096 velim

1461 3117 1557 3199 Quod
1585 3124 1695 3183 autem
1723 3117 1839 3182 attinet
1864 3116 1905 3182 ad
1933 3115 2124 3184 deelinanda
2152 3139 2192 3184 ea
2217 3119 2324 3184 ineam·

359 3207 416 3274 (ΗΧ
437 3205 605 3286 ⁸¹¹t⁰sr⁸1>¹3⁰
629 3203 695 3258 ⁰⁰³·
718 3203 912 3304 quhmifffis
935 3202 982 3256 tol.
1000 3199 1043 3256 ⁸⁴-
1078 3201 1110 3282 1¹!
1127 3206 1205 3282 ww
1227 3201 1326 3272 legitur
1376 3202 1473 3270 meda
1490 3203 1664 3303 dequibus
1681 3202 1797 3268 ultimo
1816 3223 1992 3286 congressu
2008 3201 2095 3287 apud
2116 3211 2148 3268 te
2169 3225 2241 3270 sum
2259 3222 2324 3270 oon·

483 3273 588 3329 ⁰⁸¹”m
606 3289 688 3326 Μ
704 3277 847 3341 ssnptrm.
867 3271 909 3326 1¹⁰
924 3275 1001 3326 Μ
1017 3269 1051 3326 ‘⁸⁶
1067 3270 1207 3336 Μ’)
1377 3295 1518 3373 questus,
1540 3311 1576 3355 ιιι
1597 3308 1706 3354 ammo
1728 3295 1797 3353 erat
1817 3309 1888 3353 rem
1908 3289 2013 3372 ipsam
2035 3289 2183 3373 aggredi'
2213 3289 2325 3354 Verum

1376 3380 1416 3438 ut
1435 3374 1578 3458 ingenue
1598 3374 1712 3452 fatear,
1734 3379 1905 3457 postquam
1926 3375 2005 3440 satis
2025 3395 2078 3440 me
2098 3374 2208 3458 ipsum
2227 3393 2325 3441 eoum

768 3459 811 3524 D.
835 3457 862 3523 I.
886 3455 922 3524 0.
1377 3458 1433 3540 lui,
1456 3458 1578 3524 diutius
1600 3459 1745 3525 volutavi
1766 3460 1800 3523 in
1822 3459 1938 3537 animo,
1967 3480 2032 3524 non
2054 3460 2124 3526 sine
2145 3461 2323 3544 praestitus,

1377 3547 1500 3612 senties
1532 3543 1673 3628 quotidie
1703 3543 1790 3610 idern
1821 3544 2033 3627 expendendo
2065 3557 2225 3629 repetens,
2254 3542 2324 3610 niul

1377 3639 1502 3698 eertum
1524 3630 1637 3708 habeo,
1664 3630 1748 3694 nihil
1772 3631 1913 3707 firmum,
1941 3630 2006 3694 imo
2032 3637 2120 3696 totus
2147 3631 2270 3709 haereo,
2294 3648 2324 3693 ao

1377 3718 1413 3782 in
1433 3717 1530 3795 bivio,
1553 3715 1640 3799 quod
1660 3716 1760 3793 aiunt,
1782 3715 1862 3780 sisto
1884 3712 2007 3797 pedem,
2028 3716 2121 3780 miris
2142 3716 2245 3782 modis
2263 3733 2324 3798 per·

804 1721 943 1786 Ioannes
965 1719 1122 1787 Calvinus
1142 1726 1227 1786 tuus.

445 3594 733 3679 Quandoquidem,
762 3601 801 3658 ιιι
820 3605 929 3662 eertus
955 3615 1044 3673 sum,
1073 3615 1115 3660 ex
1135 3593 1326 3661 nenessitate

362 3687 411 3748 tet
432 3687 589 3763 tantaque
610 3680 741 3764 negotia
763 3685 795 3744 te
813 3678 942 3746 assiduo
959 3687 1079 3764 urgent
1095 3686 1129 3744 et
1145 3678 1326 3763 obsepiunt,

361 3765 726 3919 goffiffinffiaffi
739 3763 1201 3929 ffiffimgzeoffliffiiffii?
1218 3773 1327 3934 2⁰33
1377 3803 1501 3886 plexus.
1545 3801 1644 3866 Haud
1666 3801 1732 3866 seio
1753 3821 1795 3864 an
1815 3799 1956 3866 Satanas
1984 3799 2037 3866 hie
2066 3801 2110 3865 sit
2130 3801 2212 3866 mihi
2233 3801 2324 3866 obsta·

361 3958 429 4004 non
449 3937 542 4021 potui
563 3955 629 4000 ιιοιι
650 3936 733 4002 eitra
760 3936 878 4019 ingens
905 3935 1060 4020 gaudium
1080 3935 1192 4000 audire
1214 3936 1255 4000 do
1276 3957 1327 4000 m·
1378 3887 1462 3966 eulo,
1494 3887 1586 3952 euius
1616 3887 1774 3952 instinetu
1806 3885 1965 3968 quaedam
1997 3885 2165 3952 hominum
2197 3893 2326 3952 monstra

362 4043 438 4088 rum
459 4030 641 4087 vestrarum
663 4027 751 4086 statu
778 4019 883 4086 indies
911 4021 1022 4086 favore
1044 4021 1178 4086 Domini
1203 4021 1327 4120 felicius
1378 3973 1461 4137 ffi
1480 3974 1712 4141 ἰῗξέζξέᾞ
1733 3969 2224 4138 ἒῗέῑιέωῗοξὲξῖήὲὢθέἒῃζ
2241 3971 2326 4140 ἒξ

363 4106 615 4208 prooedeutium,
645 4105 685 4170 de
712 4106 859 4189 profectu
880 4105 1056 4190 evangelii,
1085 4104 1159 4170 fidei
1187 4125 1224 4204 ae
1251 4105 1327 4169 reli·
1379 4163 1466 4222 onos,
1488 4142 1651 4220 Nouem,
1673 4149 1711 4206 ut
1727 4141 1844 4223 Rumpi,
1867 4141 1952 4206 hano
1967 4141 2048 4206 mihi
2069 4144 2209 4225 grafium
2225 4161 2326 4223 repon,

363 4213 469 4292 ΨΜ
496 4197 686 4276 auffmfflm’
715 4199 883 4273 ‘'mre“
911 4189 951 4256 de
978 4199 1035 4256 ‘¹¹⁰
1062 4189 1249 4256 V⁸¹⁶t¹¹d¹¹¹⁰
1271 4193 1326 4255 fif*
1378 4227 1455 4293 dere
1471 4237 1622 4310 pergunt,
1644 4235 1682 4292 ut
1703 4225 1743 4292 de
1759 4245 1812 4290 me
1829 4235 1986 4310 spargant
2006 4225 2216 4294 falsissimum
2232 4245 2325 4292 rumo

362 4298 479 4342 rmore:
508 4277 561 4342 eui
589 4278 660 4341 iure
688 4297 759 4341 sese
784 4275 935 4340 adiunxit
960 4297 1064 4360 nuper
1084 4277 1137 4342 vir
1164 4283 1285 4355 tantus,
1302 4279 1326 4351 1)
1378 4335 1447 4378 rem
1469 4313 1552 4378 istuc
1579 4333 1682 4395 usquo
1709 4312 1883 4390 volantem,
1912 4311 2067 4376 nimirum
2093 4313 2250 4378 Tema„
2269 4319 2325 4375 sm,

365 4381 461 4444 quem
481 4360 570 4428 haud
590 4360 687 4427 dubie
706 4361 868 4426 Dominus
885 4363 954 4445 ipse
970 4382 1030 4446 pro
1051 4383 1111 4426 sua
1127 4362 1326 4446 benignitate
1378 4397 1455 4464 dero
1476 4397 1641 4464 avaritiae·
1686 4396 1808 4465 (joram
1829 4397 1971 4462 Domino
1996 4396 2118 4480 loquor,
2148 4407 2183 4464 eg
2208 4395 2325 4464 veroin

365 4445 424 4510 tibi
452 4467 591 4530 suaeque
618 4447 772 4514 eeclesiae
798 4447 966 4530 prospexit
991 4447 1028 4512 in
1048 4467 1204 4530 maguum
1234 4453 1326 4512 tuum
1377 4484 1448 4568 ipso
1470 4483 1613 4568 glorians
1640 4481 1675 4546 ig
1695 4503 1797 4548 unum
1819 4503 1941 4560 mm,
1970 4482 2128 4548 haetenus
2156 4482 2325 4568 longissima

1379 4570 1519 4636 abluisse
1540 4589 1593 4632 me
1616 4566 1656 4634 ab
1674 4589 1711 4634 eo
1733 4569 1877 4646 erimine,
1899 4576 1933 4633 et
1949 4589 2036 4634 nune
2058 4569 2158 4634 etiam
2177 4568 2277 4652 magis
2296 4583 2326 4628 ae

1378 4655 1484 4739 magis
1505 4655 1686 4720 abhorrere.
1722 4652 1811 4734 Quin
1833 4675 1895 4736 quo
1917 4651 2040 4719 diutius
2061 4651 2160 4720 datur
2180 4655 2239 4720 hae
2259 4667 2328 4716 aura

452 4765 494 4832 ·4)
512 4765 675 4834 deperditae.
1377 4741 1451 4818 frui,
1474 4761 1512 4806 eo
1533 4741 1721 4806 alieniorem
1736 4761 1789 4804 me
1810 4740 1913 4804 sentio
1935 4759 1954 4802 a
1975 4739 2072 4805 rebus
2095 4739 2192 4806 huius
2210 4733 2326 4804 saeculi

467 4834 497 4900 5)
515 4837 756 4904 arcesarces
768 4843 874 4906 posteo
1377 4827 1451 4891 Non
1473 4825 1607 4891 dubium
1629 4832 1678 4890 est
1699 4825 1780 4889 mihi
1810 4826 1889 4908 quin
1916 4825 1970 4889 isti
1996 4847 2038 4890 ex
2058 4843 2172 4890 sorum
2192 4826 2256 4890 siut
2274 4839 2326 4885 nn·

422 4975 427 4986 .
466 4903 497 4970 ⁶)
512 4902 614 4984 ,ΒΨ
629 4905 663 4958 ‘¹⁶
680 4905 785 4986 ΨΜ
801 4906 881 4988 Μ·
916 4905 1004 4986 Ilm
1020 4905 1065 4960 '⁸⁶⁶
1085 4907 1154 4961 ὼ*
1169 4907 1266 4963 uorum
1288 4925 1327 4962 aa
1377 4932 1467 4976 mero
1487 4913 1542 4994 qui
1563 4910 1692 4994 predita
1711 4911 1815 4993 patria
1838 4910 1874 4974 in
1896 4910 1974 4975 ulios
2002 4909 2125 4976 seilioet
2146 4917 2222 4976 sunt
2241 4908 2325 4974 bme

364 4979 461 5030 umus
477 4971 603 5040 alequas?
638 4973 723 5028 Praas
739 4989 905 5042 megaram
922 4974 1016 5029 amate.

467 5041 495 5102 7)
512 5039 657 5096 Bretrehn.
672 5059 820 5112 perperam
840 5044 979 5098 Octobrem
996 5042 1078 5097 dedit.

384 5109 647 5189 grumam„
669 5111 1002 5240 emmaque,
1031 5111 1133 5167 uass
1157 5112 1258 5170 osum
1282 5129 1325 5170 ss
1378 5113 1808 5252 memoramus,
1832 5111 2324 5183 mammaemamm-

364 4529 526 4608 solatium,
547 4529 771 4600 adiumentum
792 4541 825 4597 et
845 4532 998 4599 aeolesiae
1015 4531 1190 4598 utilitatem
1211 4533 1326 4598 suffen-
