4846 5962
310 271 371 334 303
1059 267 1320 334 EPISTOLAE
1344 259 1513 334 ate-367
2234 273 2292 336 304

308 457 419 534 visset,
443 455 524 519 nihil
544 456 719 534 succurrit,
749 457 812 521 nisi
842 479 960 522 nomen
990 463 1024 522 ct
1044 457 1183 540 gloriam
1205 456 1273 522 Do-
1326 457 1435 523 minus
1463 457 1548 523 hanc
1576 457 1781 540 disciplinam
1803 478 1870 522 non
1893 457 1982 524 dedit
2008 459 2173 538 omuibus,
2195 479 2292 544 agen·

307 542 389 608 mini
421 540 556 622 pulchre
587 541 684 606 isthic
716 549 749 605 et
781 543 977 608 sanctificari
1015 550 1049 606 et
1080 541 1272 609 adcrescere.
1326 541 1404 607 dum
1427 541 1558 607 videtur
1585 565 1625 606 ne
1652 553 1766 608 nostro
1787 542 1884 625 culpa
1905 544 2003 608 etiam
2028 544 2110 609 illud
2130 543 2216 628 qnod
2239 543 2292 610 da·

307 629 388 712 Age,
411 625 573 691 Dominus
595 625 693 690 hahet
714 626 812 692 huius
835 628 882 692 rei
902 649 1043 704 causam,
1066 635 1105 692 ut
1126 629 1182 710 qui
1206 649 1273 694 non
1326 637 1395 693 tum
1417 636 1468 692 cst
1485 629 1659 693 auferatur.
1699 627 1908 693 Arbitramnr
1925 629 2033 711 itaque
2056 629 2140 694 nihil
2163 651 2226 695 non
2251 631 2293 696 fa·

306 733 381 778 raro
403 711 468 776 tale
496 710 617 794 aliquid
647 721 740 794 parat
768 733 884 777 verum
908 711 950 777 ad
978 715 1075 778 finem
1104 715 1271 795 optimum.
1325 712 1475 778 ciendum
1509 713 1566 778 tibi
1600 723 1637 778 ut
1668 734 1742 778 cum
1769 715 1835 778 tuis
1867 712 1980 779 redeas
2007 715 2041 778 in
2067 717 2223 799 gratiam,
2259 737 2292 782 ac

306 797 461 863 Nostrum
479 806 529 863 est
547 797 682 862 consilia
699 811 732 862 et
753 799 837 862 facta
859 798 1016 864 eiusmodi
1038 819 1194 881 superare
1215 821 1274 881 per
1326 796 1477 880 deinceps
1506 819 1583 882 agas
1611 807 1648 862 ut
1676 799 1805 880 pessimi
1836 800 1954 882 quique
1984 801 2030 865 sic
2058 810 2091 864 te
2120 821 2292 864 reverean-

305 884 504 968 patientiam.
539 883 607 948 Nos
630 883 691 958 hic,
715 895 884 965 postquam
906 885 986 948 satis
1008 884 1086 966 quid
1109 883 1272 968 agendum
1325 891 1394 960 tur,
1423 884 1563 966 qualiter
1590 885 1675 948 filius
1704 885 1809 950 malus
1834 885 1976 950 revereri
2004 885 2210 968 compellitur
2240 907 2292 968 pa·

305 969 392 1034 ieret
413 967 505 1033 nobis
523 967 790 1052 expenderamus,
812 968 853 1034 ad
875 981 1023 1034 senatum
1045 979 1193 1034 nostrum
1212 971 1273 1034 ivi-
1325 979 1410 1034 trem
1431 989 1536 1034 suum.
1580 969 1657 1034 Non
1678 969 1793 1052 diligit,
1823 991 1937 1035 verum
1959 972 2085 1036 interea
2106 993 2148 1036 ne
2169 971 2294 1038 hiscere

306 1077 396 1133 mus,
423 1063 457 1118 et
484 1074 581 1119 causa
609 1055 756 1136 exposita
789 1056 911 1137 precati
938 1076 1052 1120 sumus
1078 1063 1115 1120 ut
1143 1065 1275 1138 propter
1325 1053 1455 1137 quidem
1477 1053 1576 1120 audet
1602 1053 1758 1120 adversus
1783 1055 1886 1120 illum.
1931 1055 2024 1136 Quae
2047 1065 2155 1121 autem
2176 1057 2233 1123 hic
2256 1058 2293 1122 sit

305 1139 485 1205 Dominum
507 1147 540 1204 et
560 1139 727 1204 ecclesiam
744 1139 998 1206 Neocomensem
1020 1149 1169 1205 senatum
1192 1141 1273 1205 Ber·
1325 1139 1467 1204 ineunda
1493 1141 1591 1220 ratio,
1626 1161 1692 1206 non
1719 1147 1866 1205 nostrum
1899 1149 1950 1206 est
1978 1142 2196 1224 praescribere
2226 1143 2293 1208 viro

306 1247 441 1291 nensem
462 1221 504 1289 ed
525 1223 730 1290 concordiam
756 1227 843 1290 inter
870 1233 902 1290 tc
931 1239 1066 1308 tuosque
1093 1225 1273 1292 faciendam
1324 1225 1516 1307 pracsertim
1548 1226 1583 1289 in
1616 1225 1677 1292 hoc
1709 1227 1855 1290 exercitii
1890 1247 2010 1310 genere
2042 1236 2109 1292 tem
2148 1237 2292 1311 experto.

306 1311 489 1377 excitarent
509 1323 543 1374 et
559 1319 786 1392 promoverent
802 1333 862 1393 pro
885 1310 988 1376 virili:
1011 1331 1077 1376 non
1100 1333 1171 1376 esee
1193 1311 1274 1376 alios
1324 1311 1399 1394 Ipse
1421 1331 1480 1394 por
1501 1311 1637 1375 Domini
1699 1311 1799 1375 etiam
1826 1313 1976 1378 invenies
2002 1333 2085 1394 quae
2107 1313 2171 1377 huc
2193 1313 2294 1396 potis·

307 1398 417 1481 quiet
438 1403 470 1461 te
491 1396 633 1460 retinere
661 1403 694 1460 et
719 1415 913 1478 praecavere
941 1397 1120 1461 tumultum
1141 1403 1274 1480 possent
1324 1397 1443 1460 simum
1465 1405 1621 1479 spectant
1689 1397 1814 1462 uemvis
1832 1397 1956 1462 Paulus
1974 1398 2090 1462 artilex
2109 1398 2170 1464 hec
2192 1400 2232 1462 iu
2251 1419 2292 1478 re,

305 1481 475 1548 efficacius.
520 1481 597 1544 Voti
618 1488 781 1563 compotes
810 1482 916 1546 effecti
943 1481 1131 1565 scripsimus
1160 1490 1193 1547 et
1213 1503 1273 1548 nos
1324 1481 1408 1546 sieut
1428 1483 1523 1546 etiam
1546 1483 1581 1545 in
1603 1481 1766 1559 omnibus,
1797 1482 1880 1546 mihi
1900 1481 2052 1548 videatur
2072 1483 2218 1567 optimus
2243 1485 2295 1550 nbi

306 1567 348 1634 ad
365 1565 531 1648 hatres,²)
552 1565 733 1650 cogitantes
750 1566 919 1632 stimulum
941 1568 1010 1632 suis
1028 1565 1187 1632 adderent
1207 1589 1273 1632 nou
1324 1566 1531 1632 'l'imothenm
1552 1569 1599 1632 ita
1619 1567 1725 1632 docet:
1748 1568 1851 1633 Porro
1872 1589 2005 1634 servum
2026 1567 2090 1632 Dei
2113 1589 2178 1634 non
2200 1589 2294 1652 opor·

305 1673 453 1738 segnem,
487 1673 528 1716 ne
560 1651 712 1716 scandalo
744 1653 838 1716 fieret
872 1652 1011 1718 obnoxia
1043 1652 1178 1718 ecclesia
1209 1654 1273 1718 ista
1324 1660 1372 1716 tet
1392 1671 1541 1736 pugnare
1560 1651 1617 1718 sed
1634 1652 1797 1736 placidum
1818 1673 1889 1718 esse
1910 1674 1990 1737 erga
2010 1675 2131 1732 omues,
2154 1675 2294 1738 propen-

304 1737 391 1822 quod
418 1736 486 1821 pati
513 1744 683 1820 cogeretur
711 1737 739 1802 si
767 1749 802 1801 tu
831 1737 901 1802 aine
928 1759 1027 1803 causa
1053 1738 1272 1821 expellemus,
1324 1757 1396 1802 sum
1420 1737 1460 1801 ad
1482 1737 1678 1814 docendum,
1708 1738 1901 1804 tolerantem
1922 1739 2025 1803 malos
2047 1761 2120 1804 cum
2141 1761 2295 1806 mansue·

304 1825 371 1890 ime
393 1825 419 1888 si
445 1821 653 1904 expelleretis
682 1821 767 1906 quod
795 1822 967 1888 mulierem
989 1823 1172 1888 adulteram
1193 1823 1272 1888 tolc-
1325 1821 1448 1898 tudine,
1471 1821 1673 1888 erudientem
1694 1825 1825 1906 eosqui
1847 1825 2016 1902 obsistunt,
2039 1824 2221 1907 siquando
2244 1825 2295 1890 det

304 1930 378 1974 rare
399 1907 600 1984 nouvelles,
629 1915 664 1972 ct
691 1908 718 1972 si
746 1907 807 1972 hac
835 1907 964 1990 quidem
993 1910 1117 1974 ratione
1140 1908 1274 1973 daretur
1323 1907 1389 1973 illis
1411 1906 1503 1973 Deus
1528 1909 1763 1992 poenitentiam
1785 1913 1827 1973 ad
1849 1908 2090 1993 agnoscendum
2113 1911 2295 1988 veritatem,

304 1995 428 2060 occasio
450 1992 618 2058 malevolis
641 1993 787 2058 eiiciendi
808 2002 973 2076 pastorem
1001 1994 1052 2059 vel
1080 2016 1099 2058 a
1120 1993 1194 2058 Deo
1216 1993 1272 2058 da·
1325 2005 1357 2056 ct
1379 1995 1604 2076 resipiscente
1624 1993 1744 2060 diaboli
1764 1993 1890 2078 laqueo.
1913 1995 2001 2076 capti
2018 1997 2058 2060 ab
2076 2017 2113 2060 eo
2132 1994 2174 2060 ad
2192 1997 2295 2078 ipsius

304 2087 386 2156 tum,
415 2081 542 2162 quoties
564 2078 599 2141 in
621 2076 833 2160 corripiendis
855 2081 995 2161 peccatis
1017 2080 1112 2161 paulo
1135 2081 1274 2144 ferretur
1324 2078 1534 2144 voluntatem.
1578 2080 1664 2144 Nam
1692 2081 1744 2145 his
1772 2079 1881 2145 verbis
1909 2080 2072 2163 apostolus
2098 2080 2177 2164 quid
2207 2081 2297 2146 aliud

304 2164 446 2230 liberius.
481 2161 659 2246 Speremus
681 2179 714 2228 et
735 2185 754 2228 a
777 2173 893 2228 senatu
911 2173 945 2229 et
966 2187 986 2228 a
1007 2163 1162 2230 iratribus
1183 2166 1219 2229 in
1238 2187 1274 2230 re
1324 2164 1397 2229 vult
1418 2185 1514 2247 quam
1536 2175 1574 2230 ιιι
1595 2186 1726 2230 omnem
1747 2164 1961 2231 adhibeamus
1984 2165 2203 2250 diligentiam,
2234 2189 2297 2251 qua

303 2259 373 2316 tam
402 2249 539 2314 honesta
565 2248 754 2330 obsequium
783 2270 849 2314 non
877 2248 1073 2314 defuturum.
1122 2249 1194 2314 Iam
1217 2251 1274 2316 abs
1324 2261 1508 2330 peccatores
1542 2251 1685 2316 Domino
1721 2250 1814 2315 velut
1845 2250 2005 2316 illecebris
2041 2251 2295 2319 lucrifaciamus:

305 2345 339 2400 te
371 2334 453 2399 illud
482 2334 711 2416 efflagitamus,
749 2345 960 2417 posteaquam
988 2334 1152 2400 Dominus
1181 2334 1273 2401 Deus
1325 2355 1391 2399 non
1418 2345 1505 2400 certe
1535 2336 1620 2420 quod
1646 2337 1789 2420 pcccatis
1811 2337 1854 2402 sit
1875 2336 2092 2419 parcendum,
2122 2347 2297 2404 utcontra

304 2428 337 2486 tc
359 2420 526 2497 hactenus,
548 2427 584 2483 ut
605 2439 727 2504 organo
749 2419 999 2502 haudquaquam
1022 2420 1209 2500 abiicienda,
1238 2423 1274 2486 in
1325 2441 1408 2503 quae
1432 2421 1656 2500 clamandum,
1693 2422 1777 2488 sicut
1804 2431 1917 2486 contra
1952 2422 2115 2488 diabolum
2144 2433 2297 2488 autorem

305 2503 504 2572 aedificanda
532 2504 667 2570 ecclesia
699 2525 759 2569 sua
789 2505 878 2570 velut
910 2503 949 2570 de
982 2527 1066 2571 novo
1099 2515 1150 2571 est
1184 2528 1272 2587 usus,
1325 2527 1446 2584 eornm,
1469 2505 1526 2572 sed
1547 2505 1634 2590 quod
1654 2507 1886 2590 peccatoribus,
1908 2514 1947 2573 ut
1967 2509 2023 2591 qni
2044 2509 2245 2592 corripiendi
2266 2517 2298 2574 ct

305 2612 419 2657 eorum
447 2590 633 2655 memineris
660 2609 743 2674 quae
766 2588 807 2656 ad
831 2589 1036 2676 erigendum,
1064 2613 1132 2657 non
1154 2592 1194 2657 ad
1217 2591 1272 2658 de·
1325 2591 1518 2656 emendandi
1546 2599 1626 2656 sunt
1655 2613 1715 2674 per
1745 2590 1961 2658 dilectionem.
2013 2593 2189 2659 (laetarum
2220 2592 2297 2678 quid

304 2673 505 2742 moliendum
524 2676 667 2740 maxim
686 2677 862 2759 pertinent
906 2677 1000 2742 Inter
1044 2677 1129 2743 rima
1150 2679 1273 2763 cogita-
1324 2677 1493 2743 obstinatis
1515 2677 1633 2743 facies?
1678 2677 1842 2743 'lhadendi
1868 2688 1945 2744 sunt
1966 2679 2298 2746 excommunicationi

303 2763 364 2841 bis,
386 2762 580 2845 quibusnam
601 2761 755 2827 Christus
778 2761 985 2846 evangelium
1013 2699 1053 2827 de
1074 2783 1109 2828 se
1131 2764 1274 2829 voluerit
1325 2763 1352 2827 si
1374 2762 1556 2846 gloriantur
1573 2763 1614 2828 de
1631 2763 1780 2830 ecclesie:
1803 2765 1855 2830 sin
1873 2764 1975 2842 aliter,
1999 2767 2205 2848 magistratui
2224 2786 2297 2848 per·

304 2845 540 2931 depraedicari,
572 2867 689 2930 nempe
717 2846 843 2926 electis,
872 2849 927 2930 qui
955 2855 1064 2914 tamen
1091 2848 1127 2913 in
1156 2849 1272 2914 mundi
1324 2847 1485 2914 mittendi.
1531 2849 1584 2914 Ad
1605 2869 1658 2914 me
1680 2849 1777 2926 euim,
1807 2851 1861 2932 qui
1882 2869 2013 2933 praeses
2035 2871 2107 2915 sum
2130 2851 2296 2928 ecclesiae,

303 2933 403 2998 huius
424 2931 600 2996 mortiferis
623 2932 803 2998 actionibus
821 2932 927 2999 adhuc
945 2932 1179 3000 volutarentur.
1211 2936 1272 3000 Est
1324 2933 1406 2996 nihil
1428 2935 1603 3016 pertinent.
1649 2935 1750 3017 Atqui
1779 2935 1843 3018 piis
1870 2935 1991 3001 obsunt
2017 2935 2104 3001 malo
2131 2936 2295 3019 exemplo.

303 3019 392 3084 enim
420 3017 500 3083 haec
527 3018 611 3082 sacri
638 3019 728 3084 verbi
761 3019 867 3084 virtus
893 3027 972 3083 ute
1000 3019 1123 3084 mundo
1151 3022 1273 3103 passim
1324 3017 1454 3084 Oevcbo
1486 3041 1544 3102 per
1577 3021 1710 3085 verbum
1744 3022 1834 3085 omni
1867 3019 1989 3099 studio,
2028 3029 2061 3086 et
2092 3043 2150 3105 per
2182 3041 2298 3106 preces

304 3103 481 3170 destinatos
509 3102 550 3167 ad
578 3103 681 3168 vitam
704 3102 794 3170 velut
821 3123 937 3168 aurum
968 3125 1010 3170 ex
1032 3106 1109 3169 fimo
1131 3106 1272 3190 colligat,
1324 3113 1480 3187 quantum
1501 3104 1600 3183 valeo,
1623 3126 1690 3171 nou
1710 3105 1860 3172 dubitans
1899 3108 1958 3170 uin
1975 3105 2097 3190 aliquid
2118 3108 2180 3172 sim
2199 3108 2297 3172 effec-

303 3189 407 3256 douec
433 3197 520 3254 totus
541 3187 644 3254 Israel
672 3187 783 3254 salvus
811 3191 878 3254 fiat.
921 3189 1062 3272 Propter
1089 3190 1149 3255 hos
1171 3191 1273 3255 multa
1325 3199 1426 3255 turus.
1472 3187 1561 3271 Quid
1589 3201 1699 3273 putas,
1728 3191 1774 3255 mi
1803 3191 1888 3257 Fore
1935 3243 1942 3270 ,
1972 3213 2032 3256 nos
2058 3193 2125 3257 iam
2152 3193 2209 3260 hio
2238 3213 2296 3278 per

302 3283 381 3342 sunt
414 3271 581 3340 toleranda
612 3281 647 3340 ct
678 3273 841 3353 facienda,
885 3295 927 3340 ne
959 3275 1066 3358 mutia
1102 3277 1273 3359 priventur
1325 3274 1519 3340 decennium
1541 3275 1722 3354 devorasse,
1746 3285 1784 3340 ut
1804 3276 2002 3360 praedicatio
2020 3280 2242 3359 poenitentiae
2264 3285 2297 3343 et

302 3359 484 3444 evangelii:
512 3359 598 3442 quod
626 3361 718 3425 fieret
739 3367 850 3425 tamen
871 3360 900 3425 si
920 3359 1039 3426 saeculi
1068 3361 1167 3426 huius
1188 3361 1272 3428 filios
1325 3362 1524 3425 remissionis
1545 3373 1750 3444 peccatorum
1772 3372 1919 3428 maneret
1940 3364 2075 3446 integra
2108 3361 2183 3430 Scis
2206 3365 2297 3429 enim

303 3445 406 3513 veluti
433 3445 467 3510 vi
496 3465 688 3511 conaremur
714 3443 887 3510 attrahere.
942 3445 1029 3510 Nam
1061 3447 1115 3514 hic
1146 3447 1273 3514 facilius
1324 3446 1429 3528 qualis
1451 3447 1495 3510 sit
1515 3447 1630 3512 civitas
1652 3455 1771 3524 nostra,
1794 3447 1912 3529 quihus
1935 3447 2049 3512 studiis
2071 3449 2184 3529 inhiet,
2212 3469 2297 3532 quae

303 3531 367 3596 erit
387 3537 423 3596 ut
444 3529 522 3595 boni
546 3531 729 3612 pastoribus
759 3537 793 3594 et
813 3550 875 3596 eva
921 3531 982 3595 elio
1004 3541 1151 3611 careant,
1174 3554 1272 3616 quam
1323 3531 1367 3596 sit
1387 3531 1585 3613 petulantia,
1613 3553 1696 3614 quac
1724 3542 1837 3598 contra
1866 3533 2003 3598 verbum
2026 3535 2208 3610 temeritas,
2240 3534 2296 3617 qui

303 3623 342 3682 ut
367 3614 509 3680 mundus
533 3615 674 3680 lucrifiat
695 3615 846 3680 Domino.
933 3615 1092 3681 coendum
1118 3626 1272 3700 putamus
1323 3615 1582 3699 praedicatorum
1610 3627 1826 3700 contemptus.
1871 3618 1939 3684 tled
1961 3619 2122 3686 Dominus
2144 3619 2238 3685 dedit
2259 3625 2297 3684 ut

302 3700 406 3786 igitur
420 3708 458 3766 ut
473 3701 673 3783 poenitentia
683 3711 716 3765 et
733 3701 880 3766 remissio
895 3717 1101 3786 peccatorum
1119 3704 1182 3786 piis
1203 3725 1272 3768 non
1323 3703 1534 3785 correptionis
1550 3704 1724 3768 severitate
1740 3703 1906 3770 commode
1924 3715 2062 3774 servata.
2084 3705 2298 3790 evangelium

302 3787 492 3853 auferantur
523 3807 583 3869 per
614 3787 831 3851 temeritatem
861 3787 1044 3870 impiorum.
1101 3785 1167 3854 Sed
1200 3789 1272 3874 lege
1323 3788 1555 3853 retinuerimus
1583 3809 1700 3854 sanum
1723 3797 1756 3853 et
1777 3791 1960 3872 integrum,
1988 3792 2136 3872 quamvis
2165 3791 2297 3857 eiectio·

301 3881 382 3940 sunt
409 3871 444 3936 hi
472 3869 649 3938 coercendi.
700 3872 845 3936 Maxime
873 3893 950 3939 vero
977 3875 1025 3938 ita
1053 3895 1094 3938 ne
1121 3876 1271 3940 coercitio
1323 3893 1399 3936 nem
1426 3881 1459 3938 et
1488 3895 1548 3938 nos
1580 3873 1751 3956 aliquando
1779 3875 1992 3940 timuerimus.
2044 3875 2136 3940 Haec
2162 3877 2297 3959 scripsi·

300 3957 358 4024 illa
379 3956 654 4041 praedicationem
676 3957 770 4022 tollat
791 3957 961 4042 evangelii,
989 3968 1022 4023 ct
1045 3959 1093 4023 ita
1114 3957 1270 4024 damnum
1323 3979 1406 4036 mus,
1430 3959 1556 4026 Fcrelle
1578 3959 1780 4034 doctissime,
1810 3981 1874 4025 non
1901 3961 2042 4042 proiecto
2071 3961 2158 4042 quod
2180 3971 2215 4026 te
2239 3959 2297 4024 dc-

299 4045 484 4129 patiantur,
512 4043 597 4126 qnod
619 4042 660 4107 ad
683 4063 742 4107 nos
764 4043 890 4120 attinet,
920 4044 997 4110 boni
1017 4063 1055 4109 ac
1076 4045 1131 4127 pii.
1176 4045 1269 4126 Dico,
1323 4064 1395 4108 cere
1416 4045 1563 4122 velimus,
1587 4045 1643 4110 sed
1665 4054 1704 4110 ut
1721 4053 1867 4110 nostrum
1885 4066 2020 4130 agamus
2038 4047 2188 4112 officium.
2230 4047 2297 4112 De-

301 4129 387 4212 quod
408 4127 450 4194 ad
470 4150 530 4194 nos
552 4129 687 4206 attinet,
718 4128 780 4194 hoc
801 4135 859 4206 est,
883 4129 924 4193 ad
946 4130 1089 4195 cilicium
1111 4139 1269 4210 nostrum,
1322 4137 1374 4194 eet
1395 4131 1484 4194 enim
1506 4141 1543 4194 nt
1560 4149 1672 4196 curam
1689 4133 1776 4196 inter
1794 4151 1852 4195 nos
1870 4151 2022 4214 geramus
2040 4145 2174 4214 propter
2193 4131 2298 4196 ecclc

301 4224 336 4278 et
356 4236 397 4279 ne
417 4214 568 4279 laedetur
592 4214 685 4279 nobis
707 4215 912 4280 conscientia
957 4215 1043 4280 Nam
1064 4215 1156 4281 Deus
1177 4218 1271 4282 novit
1322 4216 1386 4280 sias
1409 4215 1533 4281 Christi
1556 4237 1654 4299 quam
1676 4217 1819 4281 maxime
1841 4215 1995 4281 sedulam.
2030 4217 2081 4282 'Pu
2102 4217 2299 4300 qualiacun-

301 4299 370 4366 suis
392 4320 519 4382 semper
540 4299 710 4382 providere
736 4321 779 4363 ne
800 4313 941 4381 pereant.
987 4299 1026 4366 si
1048 4303 1269 4367 excommuni·
1321 4321 1383 4383 que
1412 4309 1490 4366 sunt
1516 4303 1611 4386 aequi
1637 4302 1775 4384 bonique
1807 4301 1958 4367 consulas
1990 4323 2153 4388 rogamus.
2210 4303 2298 4367 Vale

300 4384 438 4451 cationis
460 4384 632 4468 disciplina
652 4385 736 4450 foret
756 4385 791 4448 in
814 4384 957 4452 ecclesiis
977 4407 1058 4469 ques
1083 4385 1179 4453 hodie
1201 4389 1268 4453 Do·
1321 4405 1395 4450 eum
1416 4386 1570 4452 fratribus
1591 4387 1655 4471 piis
1676 4385 1826 4452 omnibus
1848 4389 1884 4451 in
1902 4387 2034 4452 (lhristo
2056 4397 2091 4452 ct
2112 4387 2298 4454 Dominum

300 4469 411 4536 minus
432 4469 565 4536 donavit
585 4469 761 4554 evangelio,
783 4471 877 4553 quasi
898 4471 988 4536 nullo
1010 4478 1124 4538 contra
1144 4474 1269 4558 flagitia
1320 4493 1379 4554 pro
1401 4471 1493 4538 nobis
1514 4494 1581 4538 ora.
1625 4473 1775 4538 Besilcae
1801 4476 1849 4536 30.
1871 4471 2022 4539 Octobris
2045 4495 2130 4540 anuo
2155 4479 2251 4538 1541.

298 4554 409 4621 labore
430 4563 576 4638 pastores
597 4577 694 4640 agere
720 4563 866 4639 possent:
899 4557 975 4639 quia
996 4559 1050 4640 qui
1073 4579 1192 4623 nomen
1213 4559 1269 4624 de-

300 4637 403 4706 disset
428 4639 573 4720 Ohristo,
607 4641 722 4707 deinde
762 4650 871 4706 autem
903 4651 1066 4726 peccaret,
1099 4645 1270 4710 eiiceretur

299 4727 467 4792 communi
487 4745 646 4792 consensu
667 4727 868 4806 deecclesia,
890 4749 994 4810 usque
1017 4727 1095 4794 dum
1115 4751 1174 4813 per
1194 4752 1269 4814 poe·

300 4811 472 4878 nitentium
501 4809 717 4879 reduceretur.
761 4813 858 4879 Nunc
887 4835 979 4894 vero,
1006 4821 1177 4899 postquem
1199 4816 1268 4881 Do-

1880 4607 1936 4675 Os.
1963 4609 2137 4693 Myconius

1930 4695 2021 4762 iussu
2042 4695 2189 4760 iraham.

404 5033 431 5100 2)
452 5031 613 5086 Maneat
628 5039 705 5101 arao,
724 5042 774 5090 out
790 5037 860 5093 olioe
873 5036 955 5092 σιιάιιι
973 5037 1025 5104 (Ν.
1035 5036 1108 5104 365),
1125 5052 1182 5090 aco
1194 5035 1267 5090 Nec-

302 5112 446 5168 ecmeaaea,
463 5101 501 5155 ad
518 5117 587 5170 quoa
600 5103 686 5170 patae
699 5111 765 5172 port
772 5105 879 5160 ἀειιιιιιιι
892 5105 1025 5174 scriptori
1035 5111 1115 5160 eruar
1132 5106 1183 5173 (N.
1192 5105 1266 5172 370),

302 5169 375 5225 etin
391 5184 460 5238 μοι
476 5186 547 5238 quaec
563 5171 608 5226 ιιι
624 5170 782 5236 refmmtar
799 5174 1267 5230 recommandatam.
