4942 5982
281 309 344 373 iss
1050 290 1318 372 brissonii]
1338 307 1507 369 isi-ise
2227 302 2287 369 icc
2362 292 2373 318 ·

279 499 387 580 magis
415 517 453 563 ao
481 497 588 581 magis
619 495 663 562 ad
694 515 776 580 opus
807 515 913 562 suum.
965 494 1173 561 Wormscise
1205 498 1257 560 24.
1312 491 1450 591 verbum
1483 491 1630 558 Domini.
1686 491 1808 556 Postea
1845 491 2016 590 agitatum·
2047 490 2087 591 de
2126 489 2222 590 modo
2254 501 2289 558 et

280 580 436 648 Decemb.
1311 577 1425 644 ordine
1458 587 1602 644 actionis.
1657 576 1806 660 Utraque
1838 597 1915 660 pars
1948 576 2080 642 arbitris
2108 575 2226 642 detulit
2251 587 2289 642 nt

500 691 503 698 ·
873 665 1032 732 Calvinus
1054 671 1171 734 vester.
1311 684 1407 747 quem
1431 671 1586 746 putarent
1602 664 1764 746 optimum
1781 662 2041 746 praescriberent
2053 662 2146 728 salvo
2157 669 2288 728 tantum

1311 747 1505 832 repudiandi
1534 749 1614 814 iure.
1662 749 1717 813 llli
1740 769 1801 832 pro
1824 767 1886 812 sua
1908 748 2071 831 aequitate
2090 745 2288 816 adversariis

1311 842 1552 914 concesserunt,
1575 843 1735 918 quantum
1752 834 1812 899 vix
1834 833 1943 916 pelam
1962 833 2033 899 ausi
2050 843 2160 900 essem
2176 848 2287 918 postu·

1311 920 1388 986 lere.
1434 921 1547 986 Nostri
1569 928 1694 998 tamen,
1720 941 1761 984 ne
1783 919 1975 985 riderentur
1997 921 2106 986 statim
2128 920 2168 985 ab
2191 921 2286 986 initio

1311 1007 1347 1070 in
1369 1006 1466 1072 rebus
1488 1027 1555 1072 non
1584 1007 1714 1090 magnis
1743 1006 1908 1088 impendio
1937 1005 2146 1084 morosiores,
2175 1007 2286 1089 paucis

728 1124 802 1194 m
1059 1125 1063 1136 ·
1311 1093 1457 1191 exceptis
1475 1091 1637 1192 capitibus
1654 1091 2037 1240 9⁰⁰⁰⁰ff⁸⁰¹¹¹¹¹iffip¹¹i⁸⁸i
2059 1092 2183 1175 opinor,
2205 1090 2287 1192 haec

536 1262 771 1358 clavinus
793 1261 1008 1330 nocero.
1311 1176 2287 1364 1111111111).111...111.ῗ)11111.ῗ1“;

368 1434 456 1502 Fusa
476 1439 589 1500 namot
609 1455 689 1516 gisae
717 1434 908 1501 Womootioe
927 1439 1014 1518 pecto
1035 1439 1110 1501 suat
1130 1433 1259 1501 indeed
1312 1347 2287 1518 ffldidrdmNsdobdtbomtuldecffldtgdddNfdlrldildldebmsbsrliddi

278 1523 379 1590 indie.
1312 1519 1395 1584 duae
1429 1529 1507 1585 sunt
1539 1521 1633 1586 aulae
1666 1518 1790 1586 duabus
1830 1519 1978 1603 partibus
2015 1519 2210 1598 destinatae,
2250 1522 2287 1586 in

1311 1606 1429 1689 quibus
1452 1627 1600 1672 seorsum
1621 1605 1819 1672 consultant.
1864 1606 2010 1670 Tertiam
2030 1603 2153 1672 habent
2174 1607 2286 1691 cogni·

274 1678 478 1760 'chsoribimus
500 1691 569 1745 nanc
591 1706 625 1744 cx
650 1690 808 1761 ecgrapho
832 1690 944 1745 Archiv.
968 1690 1049 1745 ΒΜ·
1078 1689 1125 1759 [Δ]
1154 1691 1260 1746 Knchl.
1311 1699 1408 1771 tores,
1431 1692 1466 1756 in
1488 1713 1586 1775 quam
1609 1692 1762 1776 utrinque
1783 1691 1998 1756 convenimus
2026 1711 2127 1775 quum
2155 1700 2205 1758 est
2226 1693 2286 1757 sli-

280 1761 432 1832 Angelegh.
453 1757 631 1825 itio-1559,
649 1707 696 1812 nbi
715 1765 806 1813 exstat
823 1760 851 1812 in
869 1765 948 1830 tergo
967 1760 1098 1830 epistolae
1122 1760 1259 1814 Melanch·
1311 1777 1389 1860 quid
1411 1777 1536 1860 public⁴³
1557 1777 1729 1862 agendum·
1774 1777 1814 1841 In
1844 1797 1916 1842 eam
1938 1789 2047 1841 tamen
2073 1778 2171 1844 nimis
2191 1779 2286 1844 fami.

280 1830 451 1954 goffiffl,
464 1829 662 1965 Nffimgffgff
674 1828 803 1949 &023⁸
815 1829 1259 1968 Jdfiiffiffifflssffieffiflssj
1310 1863 1436 1928 liariter
1457 1875 1639 1928 commeant
1660 1862 1771 1928 hostes
1793 1863 1907 1942 nostri,
1929 1869 1966 1927 ut
1983 1863 2119 1929 consilia
2136 1885 2212 1931 cuni
2233 1885 2287 1930 ai·-

280 1967 347 2022 coa.
366 1966 423 2032 ιιι,
450 1966 485 2020 n.
502 1965 544 2032 ie,
567 1983 649 2018 mesu
681 1966 747 2017 stas
772 1966 885 2087 seuffut
907 1966 1038 2036 scriptum
1076 1966 1125 2019 see
1148 1966 1258 2020 unane
1311 1949 1405 2014 bitris
1427 1949 1677 2014 communicent.
1690 1951 1717 2025 ⁷)
1761 1947 1875 2032 Neque
1896 1948 1929 2012 id
1952 1949 2076 2014 faciunt
2101 1949 2287 2017 clanculum

280 2038 366 2098 lecim
385 2037 451 2088 item
468 2035 580 2088 tertium
599 2049 722 2086 mancum
741 2034 769 2087 in
787 2035 858 2087 Bib.
877 2041 1017 2104 pastorum
1033 2034 1258 2088 Noocomensium
1311 2045 1369 2098 aut
1390 2034 1584 2114 verecunde,
1607 2033 1664 2099 sed
1687 2032 1748 2098 gub
1770 2035 1873 2099 opulis
1895 2032 1993 2098 etiam
2001 2035 2032 2118 ⁸)
2054 2037 2183 2114 nostris,
2206 2033 2286 2102 dum

281 2103 338 2175 [NJ.
357 2106 384 2158 in
403 2104 497 2158 eadem
516 2102 615 2156 scheda
632 2101 763 2171 scriptum
782 2119 851 2172 quse
868 2104 980 2185 enliibet
998 2103 1258 2184 Calviniepistolam
1310 2119 1379 2184 illio
1410 2119 1591 2198 adstamUS,
1625 2141 1689 2184 non
1725 2119 1876 2186 dubitant
1902 2119 2010 2203 capita
2041 2121 2195 2187 mutim·
2240 2122 2287 2186 Eg

280 2174 316 2228 ad
333 2174 531 2228 Neocomcnies
548 2171 574 2224 d.
593 2169 635 2224 24
653 2170 717 2224 Deo.
736 2171 841 2234 dntsm;
859 2177 940 2226 etiam
965 2172 1017 2226 hoc
1041 2172 1145 2226 mandis
1163 2179 1258 2226 scatet.

279 2241 453 2298 varietatem
471 2239 594 2294 lectionis
612 2239 734 2308 pluribus
751 2240 780 2292 in
797 2240 864 2294 loeis
882 2241 1033 2311 neglectam
1053 2257 1108 2294 non
1126 2247 1168 2294 est
1186 2241 1259 2310 quod
1311 2204 1389 2288 quid
1411 2205 1499 2305 allud
1522 2205 1687 2305 famelli?
1720 2204 1928 2304 Moywtit'nut
1938 2203 1964 2290 ⁹)
1976 2213 2009 2269 et
2020 2203 2173 2304 Novam
2188 2207 2228 2290 ¹⁰)
2251 2215 2285 2272 et

714 2307 827 2376 dolen.)
1310 2291 1554 2376 Argadincnsis
1580 2313 1655 2358 suos
1682 2300 1845 2356 miserunt
1873 2311 1929 2374 qui
1962 2291 2133 2358 nobiscum
2160 2291 2286 2376 discep-

1310 2379 1472 2453 tarent¹¹)
1495 2385 1529 2443 et
1549 2375 1779 2460 disceptationi
1799 2375 2030 2459 praesiderent.
2063 2375 2117 2442 Illi
2139 2378 2286 2463 singulos

1310 2483 1329 2527 e
1357 2483 1415 2527 suo
1442 2483 1578 2528 numero
1606 2462 1774 2546 praesides
1802 2461 1966 2547 deligunt,
1995 2461 2051 2528 sed
2080 2485 2119 2530 ea
2146 2463 2218 2548 lege
2247 2472 2286 2529 nt

1310 2549 1493 2632 cognitores
1515 2557 1684 2626 vocentur,
1708 2548 1851 2614 hostium
1873 2555 1984 2631 partes
2011 2547 2178 2633 impleant.
2228 2549 2285 2614 In-

1311 2635 1406 2698 terim
1420 2635 1461 2718 12)
1490 2643 1627 2700 venerat
1657 2633 1846 2700 Granveuac
1871 2634 1928 2717 qui
1957 2638 2007 2699 25.
2024 2637 2065 2715 ¹⁸)
2088 2634 2286 2702 Novembris

1310 2720 1427 2785 urbem
1455 2720 1640 2805 ingressus,
1669 2722 1764 2785 tertio
1792 2729 1865 2802 post
1893 2719 1946 2784 die
1967 2721 2147 2785 orationem
2169 2720 2287 2786 habuit

1308 2805 1403 2871 nobis
1421 2826 1488 2871 non
1501 2805 1694 2889 usqueadeo
1705 2825 1850 2889 aequam,
1872 2804 1959 2888 quod
1974 2804 2145 2872 videretur
2153 2806 2287 2892 culpam

1309 2892 1456 2957 omnium
1478 2891 1640 2958 maiorum
1662 2892 1700 2956 iii
1720 2912 1782 2958 nos
1805 2890 1962 2958 derivare.
2008 2891 2090 2958 Eius
2118 2892 2286 2976 exemplar

1308 2977 1367 3043 tibi
1389 2977 1485 3042 mitto
1507 2975 1613 3061 quoad
1635 2979 1743 3062 potuit
1769 2975 1811 3041 ab
1839 2999 1895 3043 ore
1921 2975 2085 3060 loquentis
2106 2999 2127 3043 a
2147 2978 2286 3044 notariis

1310 3063 1425 3146 excipi.
1476 3063 1637 3128 Fidelitor
1670 3070 1758 3129 certe
1790 3069 1860 3128 tota
1891 3084 2020 3130 sumnia
2051 3063 2287 3147 comprehensa

1309 3155 1369 3226 est,
1390 3169 1452 3214 nec
1473 3157 1523 3214 est
1544 3149 1613 3214 ulla
1633 3148 1794 3232 particula
1815 3149 1945 3228 omissa,
1968 3149 2002 3213 in
2025 3169 2090 3232 qua
2117 3157 2203 3215 esset
2224 3150 2285 3215 ali·

668 925 871 936 ..—..---

367 2495 463 2578 Quod
492 2499 599 2562 renus
625 2495 685 2562 tibi
714 2497 820 2562 scribo
848 2495 925 2562 inde
954 2497 993 2562 fit
1014 2495 1138 2580 quod¹)
1159 2497 1259 2565 nimis

280 2605 395 2652 sumus
406 2583 511 2648 otiosi.
543 2582 637 2648 Haec
656 2581 716 2646 tibi
734 2581 873 2648 ridicula
894 2581 1059 2649 videbitur
1081 2585 1257 2666 excusatio,

280 2670 358 2753 quia
380 2675 431 2734 est
451 2689 584 2750 prorsus
604 2667 769 2734 inusitata.
802 2668 930 2733 Verum
953 2690 993 2734 en
1012 2669 1256 2752 animoloquor.

280 2755 366 2822 Nam
389 2754 418 2820 si
439 2753 495 2820 vel
516 2753 713 2838 inspeciem
731 2754 840 2838 aliqua
857 2755 941 2820 aetio
953 2754 1006 2820 hio
1017 2755 1256 2834 institueretur,

280 2839 364 2908 milii
389 2839 552 2906 scribendi
581 2847 813 2924 argumentum
842 2840 1114 2906 subministraret.
1159 2841 1257 2908 Nunc

280 2925 359 3012 quid
399 2923 489 2990 aliud
526 2925 631 2992 literis
670 2925 868 3010 complectar
905 2947 1005 3009 quani
1040 2925 1126 3009 quod
1165 2935 1257 2994 tento

280 3011 382 3080 animi
405 3009 541 3163 sensug?
563 3031 795 3096 recognoscere
816 3033 946 3078 mecum
967 3012 1058 3098 piget
1084 3032 1122 3076 ae
1141 3011 1256 3096 pudet:

278 3117 339 3164 nos
361 3097 485 3164 scilicet
535 3107 642 3163 terum
658 3098 727 3162 iam
744 3117 891 3164 mensem
903 3097 1027 3163 frustra
1038 3097 1257 3181 exspectando

278 3183 333 3250 bio
356 3183 512 3250 desidere.
545 3183 675 3266 Viginti
684 3187 712 3262 ⁸)
735 3182 804 3250 dies
821 3183 924 3267 elapsi
941 3191 1037 3249 erant
1053 3182 1094 3249 ab
1111 3183 1258 3251 adventu
1355 3235 1361 3248 .
1551 3234 1557 3248 .
1704 3235 1710 3248 ,
1738 3235 1745 3250 ,
2223 3237 2229 3250 ,

277 3277 401 3348 nostro,
425 3280 602 3352 antequam
623 3290 683 3334 nos
701 3269 815 3335 arbitri
837 3277 1002 3336 voment·
1046 3267 1132 3334 Nam
1154 3290 1257 3353 quum
1308 3232 1568 3334 quidumcmenti.
1602 3233 1766 3300 Postridie
1784 3255 1976 3318 responsum
1998 3243 2048 3300 cst
2069 3247 2286 3302 communiter

282 3355 471 3422 &cavallus
490 3353 703 3420 distineretur
724 3355 759 3420 in
782 3352 956 3420 asserenda
973 3363 1007 3420 et
1030 3354 1257 3422 constituenda
1308 3341 1455 3418 mimum
1476 3321 1619 3401 mmm·
1639 3340 1827 3420 Numquam
1847 3321 1969 3387 ¹¹⁰⁸ffi⁸
1987 3320 2200 3421 wldemenoef
2217 3321 2285 3388 ὥθ’

1036 3461 1130 3506 ΒΜ
1157 3462 1256 3508 exou-
1307 3404 1458 3488 plicebat
1503 3403 1571 3471 Sed
1592 3406 1671 3489 quid
1692 3407 1856 3486 iecissent,
1884 3427 1984 3490 quum
2006 3405 2102 3473 aliter
2123 3429 2189 3474 non
2210 3426 2285 3490 per·

1307 3491 1525 3558 mitterentur.
1540 3493 1582 3576 ¹⁴)
1625 3491 1698 3557 Iam
1721 3499 1797 3558 ante
1819 3491 1967 3558 audieret
1988 3492 2059 3576 ipse
2084 3492 2284 3573 Graecanica,

1308 3585 1366 3642 aut
1387 3585 1475 3642 certe
1496 3599 1539 3642 ex
1560 3579 1688 3661 reipsa
1717 3578 1957 3661 suspicabatur,
1986 3585 2116 3644 nostros
2145 3579 2285 3645 fremere

1308 3671 1342 3729 et
1362 3663 1530 3748 indignari
1551 3664 1615 3729 sibi
1632 3665 1751 3729 tactam
1770 3685 1841 3730 esse
1858 3664 1996 3728 nimiam
2012 3664 2176 3744 iniuriam,
2199 3664 2286 3748 qnod

1308 3750 1389 3816 falso
1412 3752 1710 3834 perstringerentur
1737 3751 1803 3814 iam
1832 3757 1909 3815 ante
1931 3749 2068 3816 actionis
2088 3751 2284 3834 ingressum.

1307 3835 1452 3901 Proinde
1484 3835 1551 3900 illis
1583 3835 1767 3914 excusavit,
1802 3857 1837 3902 se
1869 3835 1953 3900 nihil
1980 3836 2090 3902 minus
2117 3837 2153 3902 in
2175 3838 2285 3902 animo

277 3441 358 3524 reip.
386 3441 588 3506 Vesontiuae
619 3440 785 3518 libertate,
820 3439 1002 3506 absentiam

279 3535 410 3593 severat
442 3535 475 3590 et
506 3525 649 3590 alterum
657 3527 686 3608 ⁴)
719 3525 968 3611 subrogaverat,
1003 3528 1058 3610 qui
1091 3528 1163 3594 rice
1196 3548 1256 3593 sua

276 3613 478 3696 fungeretur.
528 3611 589 3676 Isti
622 3621 731 3676 autem
770 3613 952 3695 suppressis
984 3611 1088 3679 literis
1120 3634 1255 3698 exspec-

277 3705 394 3762 tarunt
416 3695 494 3762 dum
516 3697 709 3762 nunciatum
731 3705 818 3762 esset
839 3697 1019 3764 adventare
1041 3705 1075 3764 et
1096 3718 1164 3764 non
1181 3699 1256 3782 plus

276 3781 412 3860 biduoi)
435 3782 557 3848 abesse.
602 3783 694 3848 Tunc
717 3781 859 3864 demum,
873 3783 976 3850 'nobis
996 3791 1031 3850 et
1059 3781 1256 3852 adversariis

277 3867 476 4020 ffinv⁰⁰³ti⁸'
499 3867 776 3967 primum-literas·
790 3871 959 3969 ium-erunt
975 3869 1256 3970 mitari-&dem
1308 3920 1462 3988 habuisse
1504 3943 1582 3987 uam
1603 3921 1677 3987 illos
1700 3921 1753 3987 vel
1772 3923 1946 3987 minimum
1969 3921 2142 3988 offendere.
2176 3924 2285 3988 Abeo

325 3977 377 4020 em
406 3973 537 4020 omnem
564 3973 602 4017 ac
628 3951 832 4038 diligentiam
856 3978 892 4020 ιιι
923 3955 985 4022 hae
1013 3965 1197 4040 cognitione
1220 3978 1256 4022 se
1484 3942 1503 4004 q

278 4039 483 4106 adhibituros
504 4049 707 4122 receperunt,
731 4060 769 4104 ae
790 4041 934 4107 vicissim
957 4041 1107 4125 stipulati
1136 4051 1215 4108 sunt
1237 4063 1257 4107 a
1307 4015 1454 4089 “mmm
1477 4005 1600 4091 aliqum
1622 4007 1735 4073 diebffl
1757 4007 1820 4072 fuit
1841 4006 1880 4072 de
1902 4005 2051 4073 f⁰¹m¹ffi⁸
2069 4009 2228 4093 abimum
2247 4007 2285 4072 5¹²

279 4127 388 4205 nobis,
418 4133 455 4191 ut
484 4123 630 4208 deposita
656 4127 747 4190 omni
775 4127 984 4194 contentione
1011 4137 1044 4193 et
1079 4128 1255 4194 acerbitate
1308 4093 1427 4176 qffibm
1459 4091 1508 4156 iffi
1539 4093 1630 4158 mffl⁰
1663 4093 1785 4177 ⁰ff¹¹gi³
1822 4101 2003 4177 mmmm·
2065 4093 2151 4174 Μ’
2167 4093 2285 4194 .¹¹.ti.¹¹

278 4212 352 4293 paci
380 4219 413 4276 et
439 4210 631 4277 concordiae
659 4209 873 4279 studeremus.
922 4214 1133 4297 Responsum
1143 4215 1171 4290 6)
1206 4221 1257 4280 est
1307 4187 1458 4262 “perium
1481 4199 1634 4278 dffmpum
1656 4200 1711 4278 ⁰9⁸
1733 4178 1987 4258 “tm‘'mmffi’
2018 4178 2144 4279 minam
2164 4201 2285 4263 ΜΨ·

274 4291 433 4388 {utrinque
455 4318 522 4362 „011
544 4295 607 4361 3110
630 4297 740 4362 animo
760 4299 899 4373 venisse!
915 4319 1012 4383 quam
1040 4305 1078 4364 ut
1103 4299 1256 4366 ecelesiae
1307 4273 1409 4330 tatem
1421 4264 1531 4330 subire
1542 4285 1767 4332 recusavimus
1778 4285 1861 4346 quae
1872 4265 1988 4330 saltem
1996 4265 2090 4331 nobis
2101 4265 2226 4330 selvam
2242 4269 2283 4342 l⁶)

278 4381 510 4464 tranquillitati
542 4382 774 4448 consuporetm..
836 4383 949 4452 Nostri
984 4393 1096 4458 tamen
1128 4406 1257 4468 semper
1308 4371 1426 4449 causae
1454 4349 1674 4450 defensionem
1702 4351 1908 4450 relinqueret.
1960 4351 2176 4449 Aliquantum
2197 4366 2284 4450 5⁰3¹?

280 4465 455 4534 addebant:
480 4469 507 4532 gi
524 4469 1256 4554 quainvenjrjpwffipaffiopoteritwoundum
1307 4456 1396 4518 poris
1417 4443 1619 4516 interesset,
1647 4457 1710 4520 quo
1737 4443 1824 4502 inter
1851 4455 1887 4500 se
1916 4435 2010 4502 uobis
2033 4458 2099 4502 non
2128 4435 2284 4504 adhibitis

1411 4673 1439 4737 i)
1458 4673 1504 4730 sa
1521 4676 1554 4728 B.
1571 4681 1697 4729 constent
1713 4676 1748 4729 Δ.
1766 4675 1921 4730 consultant
1938 4677 1972 4730 N.

294 4739 362 4802 208.
382 4740 411 4806 1)
430 4739 504 4809 qnod
520 4757 570 4796 om.
588 4742 623 4796 N.
1410 4742 1439 4810 8)
1459 4745 1541 4798 etiam
1558 4759 1609 4797 om.
1627 4745 1659 4796 B.

379 4807 410 4874 2)
429 4825 560 4863 consensu
578 4811 610 4867 B.
1409 4813 1439 4876 9)
1458 4813 1490 4866 Β.
1508 4811 1574 4866 add.
1592 4813 1672 4866 enim.

381 4878 410 4946 3)
429 4879 544 4947 triginta
567 4879 597 4934 13.
627 4879 701 4948 quod
720 4885 860 4948 mcttat,
900 4893 964 4934 uum
989 4877 1151 4949 colentium
1174 4895 1196 4936 c.
1212 4879 1254 4934 25.
1410 4880 1455 4948 10)
1474 4881 1594 4935 Genetes
1612 4883 1644 4933 Α.

278 4947 351 5003 Noc.
368 4948 506 5015 inceperit
545 4947 695 5002 &ancello
714 4948 805 5014 adficit
822 4949 849 5002 d.
867 4897 910 5001 id.
1411 4951 1456 5010 11)
1475 4951 1646 5018 disputarent
1664 4949 1697 5002 N.

381 5015 411 5082 4)
430 5017 546 5068 alterum
563 5031 615 5068 οιιι.
635 5016 666 5068 Β.
1409 5017 1456 5082 12)
1473 5018 1583 5070 interim
1601 5017 1701 5071 cnse.

381 5083 412 5148 ὁ)
430 5084 543 5136 biduum
559 5083 592 5138 N.
1410 5085 1457 5149 18)
1476 5083 1510 5137 23
1528 5087 1557 5139 B.
1596 5083 1637 5150 Of.
1658 5091 1747 5140 turarii
1766 5086 1804 5142 N.
1821 5085 1882 5156 258,
1899 5092 1947 5142 act
1963 5085 1987 5140 2.

270 5175 274 5182 ·
381 5151 412 5218 6)
430 5151 600 5221 Responsum
619 5191 624 5203 .
644 5191 650 5204 .
670 5191 677 5204 .
697 5189 703 5202 .
720 5191 727 5204 .
746 5151 812 5204 iuro.
830 5167 880 5208 om.
899 5153 932 5206 Β.
968 5151 1029 5208 Hoc
1049 5153 1152 5222 laem
1170 5159 1210 5208 cst
1226 5151 1252 5207 d.
1410 5153 1455 5220 14)
1473 5153 1679 5222 permitteretur
1697 5155 1726 5210 B.

276 5219 321 5274 29.
340 5219 413 5276 Noc.
1398 5221 1457 5286 15)
1474 5222 1576 5276 salvam
1595 5238 1645 5276 οιιι.
1664 5223 1698 5277 N.
