4942 5982
215 374 256 436 25
1115 377 1197 440 1540
1218 373 1449 440 FEBRUAR.
2170 382 2211 444 26

213 562 370 648 fatigatus
391 583 466 627 snm
484 561 703 640 vehementer,
725 561 1038 645 relpotiusfractus.
1072 561 1189 645 Itaque
1240 561 1288 626 At
1320 581 1412 639 vero,
1445 582 1488 626 ue
1520 561 1556 625 in
1582 560 1644 627 hac
1671 582 1707 626 re
1736 561 1928 646 gloriemur,
1958 563 2122 632 Dominus
2151 587 2212 633 nos

210 647 319 733 patiar
346 655 380 714 te
409 647 549 714 libenter
577 647 613 712 in
639 655 804 730 posterum
831 648 997 730 quiescere
1023 648 1087 712 nisi
1109 647 1188 712 novi
1240 645 1331 711 mille
1351 645 1457 711 modis
1478 645 1639 712 humiliat.
1672 647 1784 712 Nihilo
1801 649 1888 713 enim
1907 649 2024 714 melius
2044 651 2130 735 apud
2151 673 2211 718 nos

210 731 290 818 quid
311 733 473 800 acciderit.
508 733 644 801 Utinam
666 733 766 799 semel
787 733 870 820 mihi
887 733 1001 800 liceret
1021 733 1056 798 in
1077 732 1187 798 sinum
1240 751 1293 798 res
1319 730 1442 798 habent
1467 753 1565 816 quam
1591 733 1680 812 istic,
1713 734 1768 799 nbi
1801 734 1882 800 dicis
1909 737 2050 818 pessime
2079 737 2210 804 habere.

211 830 307 885 tuum
328 819 533 885 familiariter
554 818 715 901 deponere
732 819 809 902 quid
825 821 976 898 sentiam,
995 819 1188 886 acvioissim
1240 815 1308 883 Sed
1334 819 1368 882 in
1397 816 1494 883 rebus
1523 817 1604 884 alies
1632 818 1807 903 deploratis
1845 820 1906 886 hoc
1938 843 2067 906 semper
2101 823 2211 889 solatii

209 913 306 972 tuum
334 905 506 971 consilium
534 904 663 982 audire,
692 925 755 987 quo
782 905 900 970 melius
926 925 1071 970 essemus
1092 924 1186 987 prae·
1239 903 1332 968 nobis
1354 911 1511 987 superest,
1533 902 1618 988 quod
1640 926 1708 969 uon
1729 906 1852 970 frustra
1872 906 2017 972 Domino
2038 909 2209 988 servimus,

208 991 327 1077 parati
371 989 506 1057 Otima
527 990 585 1054 tibi
607 991 732 1056 occasio
753 992 815 1056 erit
835 990 901 1056 huc
930 988 1135 1068 concedendi,
1158 989 1186 1055 si
1238 989 1338 1053 etiam
1370 989 1449 1054 dum
1481 989 1516 1055 in
1552 990 1694 1072 speeiem
1733 989 1885 1056 videmur
1921 991 2033 1058 ludere
2068 1015 2209 1078 operam.

208 1079 270 1143 fiet
290 1076 376 1160 quod
399 1011 439 1142 de
461 1076 610 1159 coniugio
632 1095 810 1159 speramus.
842 1077 1081 1160 Exspectamns
1098 1075 1185 1140 enim
1238 1075 1370 1140 Literas
1391 1075 1432 1139 ad
1453 1075 1573 1140 fratres
1594 1075 1731 1158 scriptas
1743 1079 1784 1158 ¹⁰)
1797 1075 1890 1143 dabis
1911 1079 1941 1144 si
1962 1078 2135 1159 videbitur,
2158 1081 2211 1146 sin

207 1162 354 1247 puellam
383 1161 481 1246 paulo
507 1171 581 1244 post
607 1162 743 1245 pascha:
772 1160 830 1228 sed
858 1163 886 1228 si
913 1162 995 1226 mihi
1024 1162 1185 1246 receperis
1237 1161 1357 1240 minus,
1380 1161 1537 1240 remittes,
1560 1169 1617 1226 aut
1638 1160 1725 1245 apud
1745 1170 1779 1228 te
1801 1162 1955 1230 servabis.
2005 1165 2074 1230 Eos
2095 1167 2209 1252 singn-

208 1255 301 1314 oerto
318 1255 555 1324 tarantarum,
578 1248 765 1330 nuptiaein
783 1256 878 1313 tuum
895 1247 1074 1313 adventum
1092 1247 1184 1312 dilie-
1236 1245 1330 1310 latim
1352 1255 1463 1312 nostro
1488 1248 1634 1312 omnium
1662 1249 1795 1313 nomine
1819 1248 1977 1316 salutabis
2004 1271 2103 1334 quam
2129 1253 2231 1316 ami·-

207 1341 333 1400 rentur.
383 1331 473 1399 Satis
500 1333 588 1398 enim
621 1331 813 1399 habebimus
845 1335 1001 1418 temporis
1027 1333 1068 1399 ad
1097 1332 1184 1398 diem
1237 1331 1375 1412 oiseime,
1397 1353 1584 1416 quanquam
1605 1333 1705 1398 uelim
1727 1343 1762 1398 et
1775 1335 1819 1485 ’ἓ
1837 1355 1911 1400 meo
1925 1357 2080 1402 seorsum.
2125 1337 2210 1404 Vale

206 1419 273 1486 tibi
298 1418 521 1486 indicandum.
566 1417 639 1484 Hoc
668 1439 746 1503 ergo
767 1421 909 1502 primum
932 1420 990 1486 ebs
1009 1429 1042 1485 te
1064 1418 1184 1485 summi
1237 1419 1358 1500 optime
1380 1425 1414 1484 et
1427 1418 1759 1502 integerrimelrater.
1821 1420 2211 1506 alutautteperamanter

207 1505 359 1571 beneficii
379 1505 450 1571 loco
471 1503 609 1588 postulo,
629 1513 668 1568 ut
685 1505 808 1582 venias,
827 1503 945 1570 deinde
958 1513 1184 1570 utventurum
1236 1523 1365 1582 omnes,
1398 1504 1591 1586 praesertim
1623 1502 1749 1586 Oopdo,
1784 1504 1945 1572 §hermias
1976 1515 2010 1572 et
2044 1507 2208 1575 blandire.

206 1599 242 1657 te
265 1591 446 1657 confirmes.
491 1589 636 1656 Omnino
657 1592 746 1655 enim
774 1591 916 1674 aliquem
938 1598 1066 1675 oportet
1086 1591 1185 1656 istinc
1235 1588 1323 1653 Nam
1344 1587 1490 1656 Baccarus
1511 1590 1612 1669 abest,
1634 1589 1690 1654 sed
1713 1611 1825 1657 omnes
1847 1592 1944 1657 simul
1970 1593 2052 1658 mihi
2073 1595 2210 1678 provin·

205 1679 339 1754 venire,
371 1677 427 1759 qui
459 1675 707 1740 matrimonium
746 1678 936 1743 sanctificet.
997 1678 1071 1760 Ego
1103 1696 1184 1742 vero
1235 1675 1319 1740 ciam
1342 1674 1541 1741 rescribendi
1562 1675 1813 1756 mandaverant,
1835 1699 1935 1760 quum
1956 1685 2083 1745 rostras
2104 1681 2210 1746 moni·

205 1762 375 1828 neminem
398 1761 511 1826 malim
533 1781 630 1844 quam
652 1769 693 1826 te.
730 1763 820 1846 Ergo
842 1760 985 1828 delibera
1002 1783 1046 1827 an
1064 1761 1193 1848 dignus
1236 1760 1343 1825 tiones
1370 1761 1411 1826 ad
1439 1781 1494 1826 eos
1521 1759 1726 1839 detulissem,
1755 1761 1873 1845 quibus
1900 1771 2030 1829 tantum
2058 1763 2151 1831 abest
2172 1773 2210 1831 nt

205 1849 270 1914 tibi
291 1847 414 1925 videar,
437 1849 530 1913 cuius
547 1866 645 1912 cansa
662 1849 893 1929 profectionem
911 1848 997 1914 hanc
1015 1850 1182 1933 suscipias.
1235 1845 1359 1910 fuerint
1386 1847 1516 1925 offensi,
1545 1855 1584 1912 ut
1611 1849 1720 1931 potins
1748 1849 1939 1914 confirmata
1963 1849 2064 1916 fuerit
2095 1871 2208 1916 eorum

294 1935 458 2018 Fmspectc
481 1931 558 2015 quid
580 1932 675 1998 nobis
691 1935 822 2017 parient
833 1935 993 2000 tumultus
1005 1934 1054 1998 illi
1066 1935 1183 2017 quibus
1236 1951 1314 2015 erga
1335 1953 1393 1998 vos
1415 1932 1657 2012 benevolentia,
1685 1953 1770 2016 quae
1791 1943 1903 2000 tamen
1931 1934 2051 2018 alioqui
2080 1957 2209 2002 summa

205 2039 297 2086 nuno
327 2018 466 2086 Genera
496 2019 690 2101 exagitatur.
744 2019 829 2098 Res,
862 2031 899 2085 ut
932 2041 1042 2104 spero,
1076 2019 1183 2104 aliquo
1235 2027 1293 2082 est
1337 2017 1421 2082 Vale
1447 2019 1581 2097 iterum,
1610 2021 1719 2084 anime
1752 2019 1807 2084 mi.
1863 2021 1936 2104 ligo
1967 2023 2098 2088 tametsi
2133 2022 2207 2087 dor-

206 2105 419 2169 inclinarerit
445 2103 638 2188 prinsquam
664 2103 730 2170 huc
759 2106 880 2170 venias.
924 2105 1117 2186 Germania,
1145 2113 1184 2171 ut
1234 2104 1383 2182 miturio,
1412 2102 1556 2169 abstrahi
1583 2113 1694 2170 tamen
1721 2126 1741 2170 a
1765 2105 1941 2189 scriptione
1968 2126 2035 2172 non
2064 2128 2205 2190 possum

206 2191 301 2268 solet,
322 2211 480 2274 suspensa
500 2197 551 2254 est
571 2209 765 2273 magnarum
793 2211 904 2256 rerum
931 2193 1182 2274 exspectatione.
1234 2190 1407 2274 Argenter.
1430 2196 1450 2253 4
1472 2189 1595 2256 calend.
1619 2191 1717 2256 Mart
1730 2193 1771 2268 ¹²)

205 2275 313 2342 Nemo
334 2277 423 2340 enim
445 2276 572 2358 estqui
594 2296 661 2340 non
683 2277 875 2360 suspicetur,
899 2276 1066 2342 &moreau
1087 2278 1183 2362 plura

204 2361 315 2426 moliri
338 2381 435 2444 quam
456 2381 535 2444 prae
556 2381 592 2426 se
612 2359 705 2426 ferat.
738 2361 852 2428 Nostri
873 2384 962 2430 nuno
984 2371 1182 2430 conventum

205 2455 311 2532 agunt
332 2445 595 2526 Smalcaldiae,⁹)
618 2447 652 2510 in
675 2467 740 2530 que
757 2447 991 2514 consultabunt
1007 2450 1041 2514 in
1059 2457 1182 2516 utram·

203 2555 269 2618 qne
290 2541 426 2617 partem,
448 2541 494 2611 ut,
517 2533 586 2598 sive
604 2533 819 2617 pugnandum
836 2535 880 2600 sit
897 2535 1089 2616 rationibus,
1111 2535 1182 2601 siva
1619 2586 1750 2594 -,-.,

202 2619 292 2686 bello
321 2617 579 2696 decernendum,
609 2637 677 2684 non
705 2617 992 2702 deprehendantur
1018 2621 1179 2705 imparati.

201 2705 280 2772 Hoc
312 2704 388 2770 boni
421 2703 511 2769 dedit
542 2703 637 2770 nobis
667 2704 774 2782 Dens,
816 2705 903 2788 quod
936 2717 1004 2772 tres
1037 2705 1181 2790 episcopi

1852 2327 2012 2394 Calvinus
2034 2337 2120 2396 tuus

1683 2771 1756 2839 ele

203 2791 364 2858 electores
390 2790 498 2872 potius
528 2809 562 2854 sc
589 2790 712 2854 nostris
739 2789 921 2874 adiungent
950 2791 991 2857 ad
1023 2791 1180 2857 tuendam

202 2877 331 2960 patriae
348 2875 543 2954 libertatem,
565 2895 664 2957 quam
685 2881 725 2940 ut
745 2895 819 2941 cum
844 2875 977 2942 Caesare
998 2875 1179 2942 ullomodo

203 2965 401 3048 conspirent.
444 2960 624 3027 Ecclesiola
644 2967 758 3026 nostra
778 2981 839 3045 pro
858 2982 949 3027 more
971 2957 1084 3028 suo'se
1106 2983 1179 3026 sus-

201 3049 297 3114 tinet.

291 3133 495 3199 Emere
511 3131 553 3198 ad
570 3131 723 3199 ecclesiae
739 3133 926 3199 societatem
937 3132 1035 3199 rediit
1045 3134 1177 3217 optima,

202 3220 269 3284 nisi
291 3217 395 3299 lallor,
417 3218 490 3283 fide.
535 3216 713 3284 (lonlessus
734 3227 785 3284 est
801 3226 896 3284 extra
918 3221 1088 3286 ecclesiam
1111 3241 1178 3286 non

202 3325 276 3370 esse
297 3327 313 3371 s
336 3325 388 3370 em
410 3304 541 3382 salutis,
571 3301 658 3388 apud
687 3323 747 3368 nos
769 3325 882 3370 veram
905 3327 976 3372 esse
998 3307 1176 3386 ecclesiam,

200 3389 278 3455 ideo
321 3389 511 3456 eiectionem
532 3389 633 3454 fnisse
655 3388 741 3474 quod
758 3397 880 3457 sectam
893 3391 934 3458 ab
944 3413 983 3458 ea
994 3401 1178 3475 separatam

200 3475 333 3541 habuit:
365 3475 464 3542 huius
497 3475 658 3552 criminis,
692 3476 784 3541 cuiue
816 3497 851 3543 se
879 3497 973 3542 reum
1005 3479 1178 3558 fatebatur,

199 3561 334 3626 veniam
354 3561 457 3644 petiit
502 3561 677 3626 Delibero
699 3561 850 3642 arbitrio,
879 3561 919 3628 dc
947 3563 1117 3628 divinitate
1145 3573 1178 3629 ct

199 3647 406 3713 humanitate
428 3646 564 3725 curisti,
588 3646 628 3711 de
649 3647 905 3731 regeneratione,
934 3647 974 3714 de
995 3647 1176 3733 paedobap-

198 3734 300 3799 tismo
321 3739 355 3798 et
375 3731 448 3798 aliis
469 3753 584 3816 passus
606 3739 657 3798 est
677 3753 712 3798 ee
734 3731 851 3810 doceri,
874 3753 912 3800 ac
934 3743 1079 3799 nostram
1102 3733 1177 3800 doo-

197 3819 322 3884 trinam
353 3818 522 3902 amplexus
550 3827 607 3883 eet.
652 3819 796 3883 'lantum
824 3819 859 3884 in
881 3820 1178 3904 praedestinatione

198 3903 400 3982 haesitabat,
429 3905 463 3968 in
491 3925 558 3986 qua
585 3911 694 3968 tamen
723 3904 804 3968 mihi
833 3905 1067 3988 propemodum
1100 3905 1176 3972 sub-

199 3989 343 4073 soripsit,
365 3989 430 4056 nisi
451 3986 537 4072 quod
559 4009 594 4054 se
616 3989 780 4070 explicare
801 4011 867 4055 non
889 3999 1017 4076 poterat
1041 4013 1060 4056 a
1082 3991 1176 4058 diffe-

199 4076 310 4140 rentia
340 4075 575 4159 praescientiae
613 4081 647 4139 ct
679 4075 915 4158 providentiae.
972 4078 1176 4162 Depreoatus

199 4171 315 4226 tamen
335 4169 394 4240 est,
416 4181 458 4224 ne
478 4181 518 4225 ea
539 4181 591 4225 res
610 4159 793 4243 impediret,
816 4163 988 4245 quominus
1009 4165 1079 4248 ipse
1101 4185 1176 4229 cum

199 4247 314 4313 liberis
333 4249 370 4310 in
391 4245 544 4312 ecclesiae
565 4245 827 4312 communionem
849 4249 1057 4332 reciperetur.
1102 4250 1175 4334 Ego

200 4353 242 4397 ea
274 4353 337 4415 qua
369 4331 479 4397 decuit
510 4333 663 4397 comitate
695 4331 789 4396 illum
828 4337 954 4417 excepi,
988 4336 1175 4419 petentique

199 4418 333 4482 veniam
366 4437 500 4483 manum
536 4417 689 4484 eeclesiae
721 4418 854 4486 nomine
882 4421 1030 4504 porrexi3
1063 4431 1176 4504 postea

199 4504 365 4585 baptisari
393 4505 463 4568 eins
495 4501 631 4568 filiolam
663 4523 746 4586 quae
778 4505 947 4572 biennium
980 4516 1173 4572 excesserat.

198 4588 277 4653 Nisi
294 4611 346 4656 me
367 4609 467 4672 supra
488 4588 622 4654 modum
643 4589 728 4654 fallit
748 4591 874 4672 opinio,
901 4599 951 4656 est
979 4592 1077 4658 homo
1098 4593 1174 4657 rali-

198 4675 321 4759 giosus.
371 4673 484 4756 Quum
511 4674 620 4757 ipsum
649 4674 799 4740 hortarer
831 4677 872 4741 ad
907 4677 987 4742 alios
1018 4679 1053 4742 in
1085 4679 1174 4744 viam

199 4758 417 4840 reducendos,
450 4761 638 4838 minimum,
670 4761 791 4843 inquit,
825 4770 874 4828 est
905 4771 1037 4829 utnon
1064 4765 1174 4830 minus

197 4845 347 4912 laborem
372 4846 409 4910 iu
440 4844 639 4912 aedificando
671 4867 769 4930 quam
801 4847 862 4913 leci
898 4849 932 4912 in
966 4847 1172 4916 destruendo.

200 4931 337 4997 Ioannes
359 4931 466 5009 etiam,
485 4932 668 5015 quiUlmac
689 4933 824 5011 habitat,
844 4933 962 4999 dicitur
973 4935 1171 5019 resipiscere.

305 5155 336 5219 9)
354 5153 483 5210 ludicius
505 5161 564 5210 erut
585 5156 617 5208 ia
643 5153 700 5210 Gal
725 5156 855 5212 Martios.
895 5155 1054 5224 Adfmot
1081 5157 1172 5214 Witte·

199 5226 247 5282 ber
265 5237 342 5278 cases
364 5229 389 5277 et
412 5223 545 5278 Buca-as.
588 5221 715 5292 Stridon,
738 5223 782 5280 11.
806 5223 864 5280 loa.
912 5224 1085 5294 Sechudors,
1110 5225 1171 5281 111.

199 5291 260 5348 ab.
298 5291 482 5361 Morleiaeke,
501 5291 636 5347 Deuttche
655 5291 716 5360 Res.
735 5291 788 5347 IV.
808 5293 833 5346 l.

1463 2905 1557 2972 LEO
1579 2907 1726 2975 mota
1749 2907 1967 2976 OALVINO.

1255 3163 1274 3175 ..
1317 3075 1480 3159 prtohu
1500 3077 1569 3144 οἰκ)
1582 3077 1673 3176 'duat
1693 3078 1731 3142 de
1751 3079 1843 3145 rebrat
1859 3079 1914 3147 hoo
1929 3081 2051 3148 saeculo
2067 3101 2205 3148 amaa·

1229 3161 2204 3334 scommaticum&

1231 3421 1326 3487 (Manu
1350 3421 1450 3492 scripta
1472 3438 1527 3474 non
1550 3425 1648 3474 entat.
1689 3419 1803 3490 Legitur
1825 3435 1869 3490 up.
1892 3422 1992 3476 Beuum
2017 3421 2083 3478 Gen.
2108 3441 2135 3493 p.
2161 3421 2203 3490 11,

1229 3491 1308 3546 a...
1327 3508 1387 3561 ⁹⁸⁸·
1405 3487 1454 3625 41¹2:
1473 3486 1860 3628 1111111111ἓῖ
1869 3507 1951 3628 lt.
1962 3489 2120 3626 affl
2139 3509 2200 3562 ⁹⁸⁸·

1273 3713 1425 3780 Gratiam
1448 3721 1481 3779 et
1502 3714 1589 3780 vitae
1610 3713 1831 3864 iffiocezuutinam
1854 3735 1874 3778 a
1894 3712 1966 3780 Deo
1988 3725 2081 3798 patre
2103 3737 2161 3799 per

1681 3819 1727 3864 ns
1799 3845 1806 3859 .

1315 3933 1546 4018 Superioribus
1577 3935 1691 4014 annis,
1725 3935 1778 4000 vir
1814 3934 2013 4014 doctissime,
2050 3935 2203 4018 epistolas

1229 4020 1310 4086 duas
1341 4019 1459 4088 dedisti
1488 4041 1555 4085 non
1583 4027 1715 4085 tantum
1744 4020 1870 4100 doctas,
1900 4021 1958 4086 sed
1986 4022 2084 4086 etiam
2107 4019 2203 4088 valde

1230 4104 1324 4172 utiles
1342 4115 1377 4171 et
1397 4106 1597 4172 necessarias
1618 4107 1762 4172 maxime
1783 4107 1947 4190 praesenti
1967 4127 2077 4170 rerum
2104 4113 2201 4173 statu.

1227 4193 1300 4258 Has
1328 4211 1388 4277 ego
1417 4191 1529 4258 ambas
1558 4192 1645 4258 verti
1666 4194 1868 4276 germanice,
1899 4199 1990 4256 utet
2012 4191 2201 4258 iiirnotnm

1228 4277 1345 4344 harum
1360 4279 1566 4360 perciperent
1583 4277 1641 4360 qui
1655 4277 1756 4342 latine
1776 4279 1936 4362 ignorant.
1970 4275 2086 4341 Altera
2103 4299 2201 4360 quam

1228 4363 1269 4428 ad
1296 4363 1496 4448 Episcopum
1528 4363 1700 4446 scripsisti,
1733 4362 1865 4428 Basilea
1896 4381 2018 4427 excusa
2046 4371 2095 4428 est
2126 4385 2202 4430 mea

1226 4469 1340 4534 opera:
1363 4449 1501 4514 alteram
1521 4447 1896 4514 nolueruntexcuderet
1918 4447 2088 4532 pographi,
2109 4457 2201 4514 metu

1225 4535 1363 4619 periculi
1384 4536 1521 4600 fortasse
1542 4534 1700 4600 deterriti.
1735 4533 1820 4598 Nam
1840 4470 1960 4600 iubae
1981 4533 2146 4600 liberrime
2167 4544 2201 4600 et

1225 4641 1285 4705 pro
1306 4621 1486 4687 christiana
1507 4619 1657 4720 rapport?
1678 4619 1820 4701 loqueris
1834 4638 1898 4702 quo
1910 4627 2002 4702 pacto
2026 4640 2061 4685 se
2080 4629 2199 4704 gerant

1225 4709 1281 4790 qui
1304 4705 1365 4771 sub
1385 4727 1489 4790 papae
1510 4704 1686 4790 tyranmdc
1708 4704 1818 4770 vivere
1836 4723 1874 4770 ae
1894 4703 2011 4789 degere
2028 4715 2198 4789 coguntur,

1226 4791 1387 4858 damnans
1407 4791 1539 4857 interim
1561 4813 1615 4856 eos
1641 4789 1697 4873 qui
1723 4797 1860 4873 utroque
1884 4811 1972 4874 genu
1998 4788 2197 4856 claudicant:

1225 4888 1260 4943 et
1280 4899 1345 4944 nen
1366 4887 1434 4942 tam
1452 4877 1525 4942 Deo
1539 4897 1637 4960 quam
1650 4895 1754 4960 papae
1766 4875 1889 4944 servire
1899 4875 2024 4954 volunt,
2042 4883 2198 4960 putantes

1311 5081 1357 5147 10)
1375 5081 1537 5151 deperditos.

1312 5151 1358 5216 11)
1378 5153 1440 5220 Apo
1473 5149 1547 5219 epha
1564 5149 1702 5204 ahlhaul:
1719 5157 1756 5202 ut

1312 5219 1358 5284 12)
1379 5217 1524 5274 Simena.-
1547 5217 1591 5272 dte
1612 5216 1638 5276 t.
1659 5219 1771 5286 Martii,
1793 5219 1882 5272 ιιιεοϊο
1899 5223 1990 5271 um
2014 5231 2080 5273 om
2103 5234 2140 5272 aa
2162 5217 2197 5274 d·

1224 5289 1364 5345 Maricio
1381 5287 1533 5354 mendum,
1551 5303 1573 5342 o.
1594 5302 1678 5358 supro
1695 5295 1748 5344 aot.
1767 5285 1791 5341 9.
