4898 5970
162 332 222 394 75³
1022 331 1102 396 1544
1125 331 1288 400 ΟΟΤΟΒ.
2096 339 2157 404 ret

160 516 469 585 christinonmodo
486 518 573 584 viam
586 537 715 584 omnem
733 516 949 601 praecludunt
965 538 1007 584 ne
1023 517 1129 584 loeum
1180 520 1252 603 ipso
1273 519 1371 603 loqui.
1414 519 1562 586 Nimium
1584 521 1671 586 enim
1693 519 1750 586 diu
1766 519 1926 605 patientia
1945 527 2057 588 nostra
2073 521 2158 590 abu-³

159 601 246 686 apud
268 623 304 668 ee
326 602 454 680 habeat,
475 602 533 670 sod
560 605 669 682 otiam,
691 603 797 685 quoad
818 605 854 668 in
875 625 911 670 se
931 612 991 683 est,
1022 604 1131 688 ipsum
1182 627 1239 670 sus
1260 613 1319 682 est,
1346 625 1407 672 nos
1427 607 1526 672 simul
1547 625 1662 672 omues
1683 615 1716 671 et
1737 605 1866 673 nostras
1887 607 2039 674 eoolesias
2059 618 2155 692 petu-

159 688 273 773 procul
295 687 428 754 areent‘l
472 689 577 772 Atqui
599 689 646 754 sio
668 689 796 755 videtur
818 690 890 754 fieri
907 691 978 756 Deo
999 689 1131 770 iniuria,
1182 690 1289 756 lanter
1306 691 1502 776 impetendo.
1547 691 1644 772 Quod
1673 691 1832 758 haetenus
1853 695 2028 772 tacuimus,
2057 695 2093 759 iu
2115 715 2155 762 eo

159 773 295 859 perinde
317 793 355 838 ao
375 775 404 839 si
426 775 497 842 eius
518 775 641 840 veritos
669 775 710 842 ab
731 774 873 840 hominis
894 775 1028 840 arbitrio
1050 796 1131 857 pen·
1183 775 1358 842 habuimus
1379 797 1446 841 non
1467 785 1536 842 tarn
1557 777 1659 860 ipsius
1681 797 1780 862 quam
1797 777 1995 843 christianae
2017 777 2155 846 unitatis

161 860 262 926 deret
314 859 354 924 ld
385 881 461 925 voro
484 881 690 944 nequaquam
716 859 792 926 inde
818 861 973 942 sequitur.
1018 861 1132 944 Neque
1183 861 1352 927 rationem.
1385 861 1482 928 Nune
1499 883 1577 927 vero
1594 863 1732 927 fratrum
1749 873 1943 943 nostrorum,
1964 883 2032 929 non
2042 865 2156 932 Mons·

160 945 247 1011 enim
266 946 412 1010 elfieiunt
426 946 518 1029 impii
535 968 596 1012 sua
613 946 775 1028 pravitate
791 945 870 1028 quin
891 957 1132 1012 sacramentnm
1182 946 1445 1030 belgardonsium
1463 945 1519 1012 sod
1531 947 1762 1013 Neooomensis
1780 947 1934 1015 eeclesiae
1948 952 1989 1026 12)
2007 958 2041 1015 et
2057 949 2155 1016 huius

159 1031 295 1098 Domini
329 1033 397 1096 vim
428 1053 520 1097 suam
553 1032 708 1107 retineat,
741 1030 820 1114 quin
848 1031 915 1096 illis
944 1031 1006 1097 sub
1038 1034 1132 1116 panis
1184 1041 1324 1110 nostrae,
1344 1041 1462 1118 rogatu
1484 1053 1522 1096 ao
1543 1031 1697 1098 mandato
1719 1045 1751 1098 te
1772 1055 1832 1117 per
1848 1035 2027 1100 Dominum
2048 1035 2155 1102 obtes-

161 1117 309 1202 symbolo
330 1118 498 1194 offeratur,
528 1119 607 1200 quin
628 1115 768 1199 donique
791 1137 891 1182 verax
912 1118 946 1182 in
968 1118 1036 1183 suis
1057 1138 1132 1202 pro·
1184 1128 1244 1196 tor,
1267 1127 1305 1182 ut
1326 1118 1474 1182 fraenum
1495 1119 1545 1182 illi
1565 1119 1701 1197 iniioias,
1730 1129 1905 1202 antequam
1926 1121 1996 1185 eius
2017 1121 2157 1186 stultitia

160 1203 270 1269 missis
297 1210 430 1268 maneat
456 1203 623 1270 Christus:
651 1200 708 1266 sed
736 1203 824 1267 aliud
852 1212 902 1267 est
930 1213 1058 1268 mutare
1084 1203 1132 1268 roi
1185 1201 1341 1290 (nequid
1364 1201 1469 1269 dinam
1491 1202 1638 1290 gravius)
1666 1205 1797 1288 longius
1824 1205 2007 1270 innoteseat
2033 1227 2156 1291 magno

161 1298 314 1354 naturam
337 1290 426 1354 etin
448 1287 587 1352 nihilum
610 1287 765 1370 redigere,
789 1287 879 1352 aliud
901 1309 1054 1372 respuere
1076 1289 1133 1354 ob·
1185 1290 1255 1352 eius
1277 1287 1441 1354 dedecore.
1484 1287 1567 1369 Quis
1596 1298 1646 1356 est
1674 1289 1762 1354 enim
1784 1289 1986 1374 Aapdonder
2010 1300 2049 1356 ut
2067 1311 2157 1358 nuno

161 1373 266 1439 latum
288 1372 409 1439 donum
432 1395 474 1439 ne
496 1371 537 1438 od
565 1395 641 1438 oum
662 1395 765 1455 usque
793 1375 960 1456 perveniat
982 1375 1036 1440 oni
1057 1374 1134 1440 offo·
1185 1373 1345 1439 Bucerum
1361 1378 1401 1450 ιΒ)
1434 1373 1581 1454 allatret,
1614 1397 1701 1440 nuno
1732 1376 1833 1440 istum
1865 1375 2028 1456 mordeat,
2069 1397 2158 1443 nune

162 1461 303 1526 rebatur.
357 1460 459 1542 Atqui
497 1459 655 1524 roelamot
685 1459 810 1524 Paulus
845 1481 946 1542 quum
978 1467 1133 1525 testatur:
1185 1459 1279 1524 illum
1302 1459 1439 1538 luceret,
1469 1468 1566 1542 atque
1594 1461 1642 1524 ita
1663 1481 1722 1544 pro
1744 1481 1805 1526 sua
1825 1459 1959 1527 libidine
1981 1461 2159 1544 quemlibet

162 1561 275 1611 omnes
297 1545 352 1628 qui
380 1544 516 1629 indigne
545 1543 745 1609 manducant
771 1543 929 1610 iudioium
957 1545 1019 1611 sibi
1040 1567 1134 1609 man·
1186 1545 1323 1628 arripiat
1343 1567 1384 1610 ex
1406 1545 1446 1610 iis
1473 1545 1529 1628 qui
1550 1545 1675 1610 utiliter
1696 1546 1859 1611 desudant
1879 1547 1915 1610 iu
1936 1547 2159 1630 promovendo

164 1631 299 1708 dueere,
329 1632 406 1713 quia
433 1653 499 1696 non
529 1628 709 1696 diiudicent
736 1649 853 1713 eorpus
875 1631 1017 1695 Domini.
1062 1631 1134 1715 Ego
1186 1631 1311 1694 Christi
1333 1651 1449 1714 regno,
1477 1639 1518 1695 ut
1538 1629 1687 1696 omuibus
1709 1631 1806 1697 simul
1828 1631 2024 1698 maledicat?
2053 1653 2159 1716 neque

163 1737 242 1784 rere
263 1715 346 1780 nihil
369 1715 441 1782 dieo
462 1715 547 1799 quod
570 1737 635 1779 non
652 1716 774 1798 optime
791 1737 865 1780 eum
882 1715 935 1779 hie
947 1715 1044 1781 Pauli
1060 1737 1134 1781 ver·
1185 1713 1219 1780 id
1237 1713 1342 1793 modo,
1361 1716 1418 1782 sod
1437 1716 1607 1782 universas
1625 1738 1750 1800 quoque
1767 1717 1920 1784 ecelesias
1940 1719 2061 1782 firriose
2079 1737 2159 1783 suae

164 1802 214 1868 bis
231 1811 399 1888 congruat
444 1802 521 1866 Iure
548 1803 636 1865 enim
664 1802 711 1865 rei
732 1800 894 1886 sacrilegii
915 1802 1134 1884 prouunoiau·
1186 1821 1344 1866 oonsurae
1378 1801 1549 1866 subiiciat?
1599 1801 1682 1868 Plus
1708 1803 1789 1867 satis
1816 1809 1867 1867 est
1894 1801 1981 1886 quod
2006 1803 2068 1869 hoo
2096 1803 2159 1867 im·

164 1895 221 1954 tur
242 1888 298 1972 qui
319 1887 431 1952 datum
453 1887 515 1954 sibi
536 1885 667 1952 Domini
693 1905 810 1968 eorpus
836 1887 1038 1968 repudiando
1059 1908 1135 1953 eon·
1186 1907 1274 1970 pune
1294 1885 1342 1951 illi
1364 1885 1522 1952 haetenus
1539 1887 1645 1954 liouit:
1669 1895 1762 1953 tuum
1780 1908 1859 1954 vero
1877 1897 1935 1968 est,
1958 1885 2160 1954 observande

164 1975 300 2040 tumelie
321 1973 475 2038 officiunt
520 1971 718 2054 Quanquam
744 1979 782 2037 ut
811 1971 895 2036 nihil
916 1974 1065 2038 luturum
1086 1973 1136 2036 iu·
1186 1973 1297 2051 frater,
1319 1981 1446 2037 tantam
1467 1971 1610 2038 hominis
1632 1972 1802 2038 audaciam
1823 1975 2016 2056 reprimere,
2043 1995 2087 2038 ue
2108 1973 2161 2038 ul·

165 2058 327 2127 commodi
355 2059 451 2124 video
479 2059 506 2124 ei
534 2060 607 2142 quis
636 2057 737 2135 dieat,
766 2057 912 2140 reeipere
934 2058 1032 2123 etiam
1054 2077 1136 2140 quo·
1187 2057 1289 2123 terius
1310 2071 1469 2140 erumpat
1513 2058 1596 2142 Ego,
1618 2060 1694 2142 quia
1711 2067 1798 2124 oerto
1820 2080 1893 2124 sum
1915 2079 2090 2142 persuasus
2108 2077 2161 2126 me

165 2143 337 2211 dammodo
365 2145 453 2227 ipsos
480 2143 537 2210 sod
558 2144 650 2208 intus
678 2165 744 2208 nou
766 2145 947 2227 pereipere,
977 2144 1022 2208 ito
1042 2143 1137 2208 laoile
1188 2143 1247 2208 abs
1268 2151 1300 2208 te
1322 2144 1440 2222 amari,
1469 2143 1604 2208 minime
1633 2144 1743 2209 dubito
1770 2145 1849 2228 quiu
1877 2145 1958 2210 haee
1986 2146 2021 2208 in
2041 2144 2162 2210 bonam

163 2231 198 2296 id
218 2229 439 2296 oonoederem.
483 2228 610 2294 Verum
637 2230 800 2312 fingamus
830 2228 870 2294 de
899 2249 937 2294 eo
965 2249 1031 2294 uon
1060 2248 1136 2293 eon-
1188 2237 1315 2311 partem
1338 2228 1492 2310 aeuipias,
1522 2237 1618 2311 atque
1644 2229 1743 2294 etiam
1770 2229 1863 2294 faoile
1886 2229 2037 2314 ignoscas
2058 2229 2162 2296 sioubi

164 2317 278 2384 venire
309 2316 397 2380 inter
429 2335 488 2380 nos
515 2335 575 2397 per
607 2315 731 2392 omnia,
771 2315 993 2396 quaestionem
1026 2323 1137 2379 temen
1189 2313 1273 2378 mihi
1305 2311 1428 2396 aliquid
1460 2313 1558 2378 nimis
1598 2313 1716 2378 durum
1749 2313 1914 2380 exeiderit.
1968 2316 2090 2394 Porro,
2123 2321 2163 2379 ut

165 2399 324 2469 eiusmodi
345 2422 416 2468 esse
438 2401 578 2467 arbitror
606 2421 689 2482 quae
709 2401 832 2464 maiore
853 2420 928 2466 oum
950 2400 1060 2465 fruetu
1086 2420 1136 2464 so·
1188 2401 1289 2464 finem
1312 2399 1467 2483 epistolae
1488 2399 1619 2478 laoiam,
1647 2420 1713 2466 non
1735 2399 1823 2464 alind
1845 2399 1902 2466 abs
1925 2407 1957 2464 te
1978 2409 2069 2483 peto,
2097 2399 2162 2466 nisi

166 2489 278 2572 piatur
299 2507 394 2570 quam
418 2507 521 2570 usquo
544 2485 586 2552 ad
608 2485 850 2550 eontentiouem
873 2485 1085 2568 protrahatur
1101 2486 1137 2548 iu
1190 2493 1228 2548 ut
1248 2483 1366 2550 fratres
1389 2505 1498 2549 amoro
1525 2491 1581 2550 tuo
1611 2483 1727 2569 dignos
1753 2487 1789 2550 in
1810 2485 1933 2568 optima
1954 2505 2053 2550 eausa
2074 2505 2161 2550 oom-

164 2571 318 2640 medium.
363 2571 451 2653 Quid
470 2572 566 2649 euim,
589 2569 728 2647 obseero,
751 2569 812 2635 hoe
833 2570 874 2634 ad
896 2571 1033 2654 plebem,
1056 2591 1137 2634 num
1189 2566 1362 2634 mendatos
1383 2569 1512 2635 habeas.
1558 2569 1655 2652 Quod
1674 2570 1764 2636 nullo
1783 2573 1915 2655 negotio
1932 2591 1985 2636 me
2006 2576 2161 2654 impetra·

166 2660 207 2725 ab
228 2658 337 2742 impiis
358 2657 575 2722 mandueetur
593 2655 719 2722 Christi
741 2654 883 2739 eorpus?
927 2655 1042 2739 Neque
1059 2675 1137 2722 vere
1189 2662 1303 2718 turum
1331 2653 1465 2719 confido.
1510 2653 1609 2734 Vale,
1645 2657 1851 2721 ornatissime
1882 2655 2029 2740 Soneplrs‘,
2059 2655 2164 2722 emiee

166 2765 219 2810 me
251 2743 335 2808 latet
367 2751 495 2810 veteres
524 2744 570 2808 sio
597 2740 763 2806 interdum
797 2740 900 2806 solere
928 2740 1025 2824 loqui.
1070 2739 1138 2807 Sed
1190 2739 1356 2804 carissime
1389 2747 1423 2804 et
1454 2737 1586 2805 oolende
1617 2741 1651 2805 in
1674 2741 1808 2806 Christo
1840 2743 1949 2807 frater.
1999 2743 2163 2808 Dominus

167 2851 230 2914 quo
252 2849 350 2895 sensu
370 2829 417 2892 ita
437 2829 623 2910 loquantur,
651 2847 751 2909 quum
773 2847 815 2891 ex
836 2825 950 2892 multis
971 2826 1044 2892 aliis
1066 2828 1137 2891 Au·
1188 2824 1283 2890 lesus
1305 2830 1338 2889 te
1360 2825 1477 2907 spiritu
1498 2846 1557 2890 suo
1584 2826 1746 2909 gubernet
1773 2837 1930 2910 perpetuo
1951 2827 1988 2890 in
2009 2827 2164 2894 eoelesiae

167 2916 291 3001 gnstini
320 2915 516 2979 testimoniis
548 2921 689 2990 onustat,
722 2922 795 2977 tum
824 2933 901 2977 vero
933 2913 989 2977 ubi
1022 2911 1137 2994 dioit0)
1190 2931 1269 2976 suae
1291 2909 1439 2976 salutem.
1454 2909 1496 2991 ¹⁴)

166 3012 409 3068 sacramentum
436 3000 499 3064 hoo
527 2999 612 3064 sumi
641 2996 682 3063 ad
709 2999 810 3063 ritum
839 2998 911 3063 aliis
939 3007 972 3062 et
999 2997 1071 3063 aliis
1097 2995 1138 3062 ad

168 3087 322 3166 exitium,
351 3105 421 3150 rem
447 3105 527 3151 vero
554 3105 621 3149 non
643 3085 706 3149 nisi
735 3083 776 3148 ad
798 3084 901 3149 vitam
929 3085 971 3148 iis
992 3085 1047 3166 qui
1068 3083 1139 3148 eius

168 3173 342 3258 partieipes
368 3171 498 3236 fixerint
542 3168 617 3251 Quo
644 3172 743 3234 etiam
769 3169 913 3252 pertinet
939 3169 1043 3234 altera
1069 3169 1139 3234 eius

169 3257 346 3325 sententia:
391 3255 509 3321 Iudam
554 3277 628 3322 oum
666 3253 820 3340 apostolis
859 3254 965 3320 edisse
1009 3253 1140 3338 quidem

168 3365 289 3428 panem
312 3341 456 3419 Domini,
483 3342 556 3407 illos
585 3361 664 3406 vero
687 3339 792 3406 odisse
812 3361 932 3424 panem
949 3339 1139 3405 Dominum.
1585 3355 1787 3364 -“·-·

169 3429 306 3506 Verum,
328 3429 414 3494 siout
436 3427 542 3494 dioere
564 3447 741 3509 eoeperam,
763 3447 917 3509 quorsum
939 3425 1001 3492 hao
1022 3423 1141 3491 disser-

170 3517 292 3580 tatione
307 3513 347 3598 ¹⁰)
359 3533 450 3596 opus,
472 3513 568 3578 modo
579 3521 705 3578 oonstet
720 3511 896 3595 impiorum
913 3513 1040 3577 malitia
1057 3510 1142 3576 nihil

170 3601 365 3668 saeromenti
387 3610 525 3664 naturae
552 3606 586 3664 et
607 3597 770 3664 effioaoiao
792 3597 947 3680 deperire,
970 3597 1035 3661 nisi
1057 3594 1143 3679 quod
1442 3611 1445 3620 ’
1643 3605 1717 3677 576,

170 3687 205 3751 in
227 3707 339 3751 eornm
360 3705 462 3767 usque
479 3686 604 3749 animas
621 3706 687 3749 non
703 3691 854 3766 penetrat
870 3692 1040 3767 propterea
1057 3679 1143 3765 qnod

171 3772 302 3839 olausus
324 3779 374 3835 est
394 3769 525 3834 aditus?
568 3770 651 3846 Ubi,
680 3770 829 3852 inquam,
857 3767 897 3833 de
925 3769 988 3834 hae
1009 3789 1045 3834 re
1066 3787 1142 3832 oon·
1437 3760 1672 3830 OALVINUS
1695 3759 1925 3827 FARDLLO.

171 3858 273 3934 venit,
296 3876 338 3920 au
360 3857 513 3921 eonvenit
533 3855 573 3920 ob
595 3857 800 3938 quaestiones
822 3856 970 3937 spinosas
993 3861 1027 3917 et
1046 3853 1142 3917 intri-

172 3951 260 4010 oatae
287 3941 376 4007 inter
407 3961 467 4008 nos
494 3940 711 4005 tumultuari?
755 3939 821 4007 Ubi
852 3942 941 4023 panis
974 3937 1141 4005 studium?
1281 3933 1332 4001 De
1353 3933 1463 3998 itinere
1488 3931 1637 3997 Turicum
1663 3952 1773 3996 rosus
1800 3931 1996 4015 suscipiendo
2023 3933 2066 3998 od
2086 3953 2168 4000 eoen-

172 4027 238 4096 Ubi
268 4045 346 4094 eura
373 4027 621 4103 aedificationis,
646 4045 749 4108 quum
777 4025 868 4090 nulla
897 4026 931 4089 in
960 4045 997 4090 re
1019 4025 1143 4090 dissen-
1191 4020 1372 4106 ponendam
1387 4019 1525 4100 fratrum
1541 4037 1611 4084 enm
1621 4017 1756 4082 Lutbero
1769 4017 1853 4084 litem
1865 4018 1961 4100 plone
1979 4017 2046 4084 olio
2063 4020 2168 4102 ipsine

172 4115 309 4180 tientem
332 4114 415 4177 ferre
437 4111 609 4194 possimus,
622 4113 664 4194 ¹¹)
689 4111 769 4192 quin
796 4131 872 4175 mox
893 4129 1143 4194 prorumpamus
1195 4103 1619 4174 momentumque.

172 4199 209 4264 in
230 4199 349 4266 hostile
371 4196 557 4264 esttamen?
602 4193 742 4277 Quando
772 4205 882 4260 autem
905 4196 1053 4261 videmus
1075 4196 1144 4260 Aa·

171 4285 366 4370 paenorum,
389 4293 426 4347 ut
446 4283 553 4348 solent
575 4281 723 4347 homines
744 4281 876 4360 indoeti,
898 4281 1018 4347 forooia
1039 4289 1073 4346 et
1093 4281 1144 4344 in·
1197 4277 1253 4340 (ΕΙ
1271 4281 1335 4328 ³³2⁰
1384 4273 1439 4342 91¹⁰
1462 4273 1526 4327 0⁰⁶·
1545 4275 1645 4328 ⁶0³⁰*-
1666 4249 1721 4336 l0⁶2
1744 4273 1789 4326 s⁰l
1811 4272 1867 4326 ¹¹⁷·
1902 4246 2053 4344 Deanpsit
2069 4275 2167 4335 Tum·

174 4371 333 4454 temperie
360 4391 419 4434 sua
447 4367 569 4452 abripi,
606 4377 642 4432 ut
671 4388 789 4448 susque
817 4365 920 4449 doque
948 4377 982 4433 et
1011 4366 1145 4432 Domini
1196 4343 1364 4482 Ἢοῗοπ·
1382 4343 1444 4481 ζῖἅ
1462 4341 1578 4482 {wilt
1596 4341 2168 4484 gfflfessemolf‘ff‘ffnffll'lfiglss

174 4457 313 4542 gloriam
334 4463 367 4520 et
388 4453 542 4519 eoelesiae
568 4451 825 4551 aedificationem
852 4451 986 4531 habeat,
1014 4453 1145 4518 obsoero
1196 4431 1227 4536 l}
1245 4481 1281 4535 Π.
1300 4483 1372 4550 App.
1391 4498 1417 4549 p.
1438 4479 1495 4535 103·
1523 4480 1634 4548 mum
1652 4479 1751 4548 legitur
1767 4480 1795 4532 in
1814 4496 1829 4532 Β
1830 4481 1855 4532 n.
1866 4479 1889 4532 E
1890 4479 1963 4534 dish.
1981 4479 2011 4534 Τ.
2021 4480 2042 4534 Ι.
2059 4498 2086 4550 p.
2094 4479 2169 4547 Μ)

175 4551 208 4607 te
230 4541 351 4625 optime
375 4539 523 4620 Serapbi.
552 4549 589 4604 ut
609 4559 685 4605 eum
709 4545 884 4603 autoritate
906 4547 965 4604 tua
986 4557 1144 4615 coerceas,

175 4645 219 4694 ne
251 4626 388 4692 ulterius
423 4627 546 4692 sanetis
580 4635 613 4690 et
644 4623 780 4690 eruditis
812 4621 999 4688 hominibus
1032 4643 1070 4705 pe
1113 4631 1147 4686 at
1198 4639 1320 4650 ”·*·····*·
1333 4639 1394 4646 *-

174 4711 332 4778 molestus
353 4731 433 4777 esse.
478 4709 536 4778 Sio
562 4712 648 4776 enim
679 4708 843 4795 agendum
872 4718 1025 4807 osteum
1052 4707 1088 4772 in
1111 4729 1146 4772 o-
1288 4755 1328 4816 12)
1351 4755 1491 4808 samm
1507 4753 1625 4808 mm
1642 4751 1784 4807 Fanum
1800 4752 1962 4820 mmm
1989 4752 2048 4806 m·
2068 4753 2168 4809 Mm-

174 4799 266 4864 mitis
288 4799 357 4864 istis
379 4797 554 4880 capitibus,
583 4796 815 4882 quaeratione
844 4817 878 4862 se
903 4816 974 4879 regu
1001 4815 1067 4859 non
1089 4813 1146 4876 pa·
1198 4823 1353 4892 mma,
1368 4823 1581 4890 ,mmm
1617 4821 1660 4887 07,
1713 4821 1802 4875 ΜΝ
1820 4791 1972 4890 „W

175 4887 316 4950 tiuutur.
358 4883 472 4966 Neque
498 4881 628 4948 mireris
656 4882 803 4966 asperius
830 4881 996 4965 aliquanto
1025 4901 1078 4944 me
1106 4875 1146 4944 de
1285 4893 1329 4958 13)
1347 4892 1587 4973 mammem
1608 4837 1968 4976 apod‘ll'irteaterprem
1992 4905 2044 4958 pro
2069 4889 2168 4946 Mono-

1197 4961 1421 5084 ltelporfferpasbaea
1446 4965 1643 5016 autumat
1690 4958 1729 5025 Ofi
1761 4959 1800 5012 N.
1829 4959 1880 5012 blo
1908 4964 1964 5012 not.
1987 4961 2006 5011 4
2030 4963 2057 5013 et
2078 4959 2170 5015 Hord-

281 5104 309 5164 er
328 5106 428 5160 noma
447 5103 488 5158 ae.
506 5103 534 5156 a
553 5103 645 5156 rann.
664 5103 807 5170 (aarum
822 5105 855 5157 a·
871 5077 1015 5170 earm)
1196 5047 1329 5180 wil)
1344 5071 1477 5154 haeum
1493 5097 1657 5178 rumpam
1677 5097 1725 5177 ro..
1735 5096 1791 5150 oo.
1812 5113 1836 5150 a.
1853 5093 1897 5148 44.
1929 5095 2066 5176 eruum
2082 5111 2170 5153 m

264 5174 308 5240 10)
326 5175 366 5226 dis
387 5175 508 5228 utatione
526 5169 602 5226 Ena
1171 5125 1174 5260 l
1196 5185 1229 5222 aa
1246 5168 1408 5237 apoeropto
1426 5167 1605 5224 Naeuam
1626 5165 1692 5220 hoe
1712 5164 1778 5219 ande
1799 5163 1998 5219 menomenae
2014 5165 2106 5231 [edm
2121 5165 2169 5223 do·

265 5243 309 5308 11)
398 5281 403 5295 .
439 5243 494 5296 Cur
511 5241 677 5294 uullainra
694 5279 701 5293 .
721 5283 726 5294 .
745 5281 752 5294 .
770 5281 778 5295 .
795 5259 937 5311 mamus
954 5245 1032 5297 euell-
1194 5236 1353 5306 mamaea

198 5329 201 5336 ’
291 5327 400 5383 eumne
415 5343 508 5396 opera.
550 5326 607 5382 Vol.
627 5323 683 5378 Xl.
1927 5317 1962 5370 48

1650 3047 1791 3114 Ioannes
1814 3047 1974 3118 Calvinus
1996 3055 2081 3113 tuus.

175 5023 380 5035 --—-.--——-
