4860 5968
319 321 380 384 ete
1091 311 1353 380 EPISTOLAE
1376 315 1546 378 389—390
2252 317 2308 382 380

319 505 506 592 argumenti
528 500 786 578 similitudinem,
808 501 986 566 admonuit.
1031 499 1143 579 Quum
1166 499 1206 565 dc
1227 499 1291 564 eri·
1342 501 1514 577 cursitare,
1544 499 1584 564 ab
1612 497 1686 564 aliis
1713 519 1891 584 emungere
1918 503 2104 584 pecuniam,
2133 509 2242 568 vestes
2271 503 2308 568 ab

320 591 426 677 gendo
458 589 674 655 ecclesiastico
707 587 826 652 iudicio
858 588 1089 670 cogitaremus,
1129 595 1226 668 atque
1258 583 1291 648 id
1342 587 1428 652 aliis:
1459 587 1505 650 ite
1531 606 1590 667 per
1617 585 1814 666 imposturas
1844 588 2007 652 victitare:
2040 587 2310 669 quemadmodum

319 677 414 743 nobis
435 685 568 740 senatis
585 673 762 752 detulisset,
789 673 865 737 boni
892 672 946 736 isti
967 672 1031 736 viri
1054 691 1163 736 eoram
1184 691 1292 735 assen-
1342 693 1475 736 errones
1513 671 1568 736 isti
1605 670 1718 734 solent
1784 671 1931 736 Venerat
1968 672 2032 740 huc
2069 673 2200 757 saepius
2238 684 2311 740 ante

319 764 498 828 tiebantur:
527 759 605 842 quia
627 759 751 824 scilicet
776 756 996 824 contradicere
1028 757 1062 820 in
1095 757 1191 821 rebus
1222 765 1291 820 tam
1342 767 1489 822 nostram
1512 755 1744 838 expulsionem,
1766 755 1873 822 locum
1892 757 2045 840 petierat:
2064 759 2121 824 sed
2138 781 2205 824 non
2222 781 2311 840 repo-

319 849 442 930 apertis
458 845 608 930 pudebat.
652 845 771 909 Postea
792 865 939 908 seorsum
960 843 1141 919 circumire,
1165 855 1198 905 et
1219 863 1291 923 pre·
1344 844 1489 908 ricbatur
1514 842 1664 916 idoneus,
1699 843 1775 922 quia
1812 844 1939 908 volebat
1970 844 2116 908 scholam
2144 845 2310 922 celebrem,

320 934 460 998 hensare
489 931 634 1016 singulos
662 943 842 1004 senatores,
879 950 920 992 ne
949 927 1034 1010 quod
1067 927 1225 992 haberent
1257 927 1290 990 in
1344 949 1427 1012 quae
1449 929 1483 992 in
1505 927 1557 991 his
1578 927 1765 1009 regionibus
1787 928 1878 992 nulla
1899 939 1962 1006 est,
1992 939 2025 994 et
2046 950 2165 1013 magna
2191 931 2311 1012 stipen-

320 1039 421 1084 manu
454 1017 495 1081 ad
526 1015 625 1099 pedes
662 1015 855 1097 proiicerent
888 1013 950 1096 (sic
977 1013 1217 1095 loquebantur),
1251 1033 1291 1076 ne
1344 1013 1404 1078 dia.
1460 1012 1564 1078 Paulo
1592 1021 1665 1094 pest
1691 1011 1804 1090 rediit,
1833 1011 2006 1096 deplorans
2029 1035 2087 1079 suo
2108 1037 2213 1092 more,
2241 1036 2311 1098 spo·

320 1113 508 1190 protestate,
531 1123 627 1185 qnam
645 1101 711 1165 illis
723 1101 812 1164 Deus
824 1099 1022 1174 contulisset,
1041 1121 1076 1164 se
1094 1097 1290 1172 abdicarent,
1343 1099 1458 1163 liatum
1480 1119 1515 1164 se
1535 1097 1636 1163 fuisse
1657 1119 1677 1162 a
1697 1096 1889 1162 latronibus.
1934 1099 2092 1166 Concedit
2112 1101 2147 1166 in
2168 1102 2333 1166 vicinum.

320 1211 364 1256 ne
386 1189 502 1254 darent
522 1190 720 1253 occasionem
743 1185 905 1251 seditioni:
929 1195 963 1248 et
983 1185 1053 1248 eius
1075 1184 1204 1267 generis
1225 1204 1292 1264 per·
1343 1182 1582 1268 oppidulum,⁸)
1604 1183 1735 1248 scholae
1755 1185 1993 1266 praefecturam
2015 1187 2129 1250 ambit:
2156 1206 2225 1251 non
2253 1187 2312 1250 im·

321 1276 436 1341 multa.
449 1275 476 1358 ⁶)
531 1272 786 1338 Dissimulanter
825 1271 966 1335 transire
1006 1270 1092 1334 hanc
1124 1267 1292 1351 perfidiam
1344 1279 1465 1352 patrat:
1490 1271 1575 1334 hanc
1597 1270 1760 1350 repulsam
1779 1270 1871 1334 nobis
1888 1270 2042 1352 imputat:
2065 1272 2120 1353 qui
2137 1271 2217 1336 adeo
2233 1271 2312 1336 nibil

322 1361 414 1426 nullo
442 1358 537 1424 modo
566 1359 695 1423 licebat:
725 1371 758 1420 et
785 1369 893 1420 tamen
922 1355 1070 1420 dedimus
1092 1376 1232 1437 operam,
1256 1363 1294 1417 ut
1343 1356 1410 1420 illic
1433 1355 1483 1420 vel
1506 1355 1678 1420 autoritate
1701 1355 1754 1420 vel
1775 1356 1881 1438 gratia
1901 1365 2096 1438 poteramus,
2125 1359 2212 1422 atsi
2240 1379 2312 1441 eog-

322 1445 357 1512 id
384 1447 455 1510 sine
482 1445 687 1510 contentione
713 1443 957 1526 transigeretur.
1007 1442 1103 1505 Nunc
1137 1441 1294 1504 habemus
1345 1442 1450 1506 nitum
1472 1441 1589 1506 luisset
1610 1439 1701 1506 nobis
1723 1440 1909 1524 displicere,
1940 1461 1978 1506 eo
2006 1441 2073 1506 solo
2101 1444 2233 1508 nomine
2255 1443 2312 1506 im·

323 1531 547 1614 qualecunque
575 1529 837 1614 presbyterorum
871 1527 1065 1606 iudicium'l)
1094 1535 1127 1590 et
1157 1528 1293 1589 lormam
1345 1535 1533 1609 patraturus
1554 1527 1660 1590 fuerit.
1705 1527 1751 1590 llt
1778 1535 1888 1591 tamen
1914 1529 2007 1592 testis
2028 1535 2080 1592 est
2101 1528 2194 1594 nobis
2214 1529 2311 1605 Deus,

324 1615 530 1698 disciplinae,
562 1615 688 1698 qualem
724 1614 848 1678 ferebat
887 1623 1071 1695 temporum
1110 1611 1293 1675 infirmitas.
1347 1634 1384 1677 eo
1417 1625 1564 1694 temporo
1596 1610 1679 1674 nihil
1712 1610 1801 1676 aliud
1828 1621 1974 1688 conatos,
2007 1633 2104 1694 quam
2132 1625 2169 1677 ut
2197 1611 2311 1678 alieubi

323 1701 391 1768 Sed
424 1722 465 1764 ne
497 1709 589 1784 putes
620 1700 654 1763 id
687 1721 747 1764 nos
781 1701 851 1763 sine
885 1699 1027 1762 maximo
1056 1696 1173 1762 sudore
1195 1696 1295 1760 brisso
1347 1698 1566 1764 conditionem
1604 1697 1664 1762 sibi
1703 1705 1812 1780 aptam
1845 1705 1878 1762 et
1910 1698 2112 1762 commodam
2143 1699 2311 1763 inveniret.

323 1795 549 1870 consequutos.
602 1785 731 1866 Ubique
766 1785 855 1858 enim
881 1791 1057 1866 erumpunt
1089 1783 1216 1863 profani
1247 1780 1295 1844 illi
1348 1783 1445 1848 Venit
1472 1791 1584 1865 postea
1610 1783 1838 1866 argentinam,
1867 1783 1923 1848 ubi
1944 1783 2062 1866 viginti
2085 1783 2202 1850 batales
2225 1806 2244 1848 a
2265 1805 2314 1848 me

323 1874 473 1956 spiritus,
500 1872 574 1954 qui,
604 1881 642 1935 ut
665 1869 868 1954 disciplinam
896 1879 930 1934 et
958 1869 1104 1933 ordinem
1126 1867 1294 1950 effugiant,
1346 1869 1498 1945 extorsit,
1527 1889 1608 1950 quos
1636 1889 1696 1951 ego
1723 1867 1855 1933 aliunde
1883 1881 1996 1934 mutuo
2027 1870 2170 1951 accipere
2187 1880 2313 1934 coactus

324 1979 420 2041 quem
443 1957 533 2022 nullo
554 1956 651 2020 modo
672 1959 757 2020 ferre
779 1965 916 2038 queunt,
946 1954 1107 2036 quoslibet
1133 1961 1296 2035 quaerunt
1346 1977 1428 2021 sum.
1459 1955 1545 2018 Nam
1562 1953 1662 2018 libros
1679 1963 1757 2018 tunc
1777 1952 1996 2032 vendideram,
2019 1963 2053 2018 ct
2074 1955 2206 2020 omnino
2227 1975 2314 2020 eram

323 2053 514 2128 praetextus
542 2041 584 2104 ad
610 2041 867 2106 labefactandam
895 2041 1048 2106 ecclesiae
1078 2039 1295 2104 autoritatem.
1346 2041 1535 2105 exhaustus.
1579 2039 1799 2104 Redditurum
1826 2061 1861 2104 se
1890 2040 1977 2104 intra
2002 2059 2123 2123 paucos
2150 2037 2220 2104 dies
2242 2060 2312 2122 pro·

323 2129 370 2195 Et
400 2129 543 2193 mundus
577 2128 637 2192 hoe
668 2127 766 2192 habet
793 2127 940 2200 solenne,
965 2124 1051 2207 quod
1079 2146 1138 2206 pro
1163 2123 1295 2188 libidine
1346 2127 1490 2190 miserat
1542 2124 1704 2190 Oistulam
1732 2125 1853 2190 nullius
1873 2126 1969 2207 pretii
1992 2126 2077 2208 apud
2100 2147 2151 2190 me
2173 2125 2314 2208 pignoris

323 2235 463 2298 regnare
495 2215 599 2296 cupit,
632 2213 765 2277 Ohristc
796 2223 902 2276 autem
933 2211 1106 2292 imperium
1128 2212 1296 2293 resignare
1347 2212 1418 2276 loco
1451 2209 1607 2292 deposuit.
1668 2211 1832 2276 Reversus
1870 2210 1994 2292 aliquot
2033 2221 2105 2293 post
2142 2211 2313 2288 mensibus,

324 2322 390 2366 non
411 2299 561 2365 sustinet.
611 2297 678 2363 Sed
708 2309 872 2379 utcunque
893 2296 1097 2380 plausibilem
1120 2293 1241 2359 mundo
1264 2301 1298 2358 et
1347 2298 1442 2381 petiit
1474 2295 1655 2372 subridens,
1688 2295 1743 2362 vel
1775 2297 1880 2378 potius
1907 2293 2062 2374 illudens,
2092 2318 2135 2361 an
2161 2317 2227 2360 nou
2259 2295 2316 2362 sibi

323 2387 415 2450 carni
455 2403 585 2448 causam
624 2391 724 2466 agant
762 2383 919 2448 eiusmodi
960 2385 1168 2465 impostores,
1202 2379 1297 2444 modo
1347 2393 1460 2447 mutuo
1480 2381 1603 2464 aliquot
1623 2389 1791 2447 coronatos
1812 2381 1890 2448 darc
1907 2381 2035 2446 vellem.
2079 2379 2246 2464 Respondi
2269 2402 2316 2445 mc

324 2481 435 2534 tamen
464 2471 644 2534 coniunctis
673 2469 790 2534 animis
815 2479 848 2532 et
875 2466 991 2533 studiis
1018 2468 1146 2532 obviam
1174 2487 1296 2544 eamus,
1347 2469 1403 2532 illa
1424 2467 1587 2533 summula
1609 2487 1714 2550 egere,
1732 2487 1829 2550 quam
1848 2467 2015 2532 habuerat.
2050 2467 2316 2534 Nebuloiuterim

324 2555 467 2637 fortique
489 2565 524 2618 et
544 2556 657 2619 invicti
677 2554 746 2618 uelo
766 2574 948 2637 pugnemus
969 2573 1027 2636 pro
1050 2573 1141 2618 saera
1162 2552 1219 2616 illa
1239 2571 1297 2632 po-
1348 2554 1500 2620 cistulam
1527 2551 1711 2618 dentulum
1741 2572 1761 2616 a
1793 2573 1867 2618 mea
1899 2553 2094 2618 bibliotheca
2125 2552 2317 2618 subductam

324 2649 461 2717 testate,
494 2661 593 2722 quam
625 2639 846 2705 inviolabilem
884 2659 955 2704 esse
993 2638 1101 2717 decet,
1133 2638 1297 2702 Dominus
1348 2640 1444 2704 uxori
1456 2637 1573 2704 Bucari
1589 2637 1808 2704 commendat:
1830 2638 1888 2703 illa
1905 2639 2019 2716 reiicit,
2037 2638 2316 2704 aomeadmonet:

324 2725 480 2792 Christus
512 2725 628 2808 spirita
661 2727 726 2790 oris
758 2725 810 2790 sui
836 2745 891 2790 cos
922 2725 1078 2790 conficiet
1132 2721 1298 2788 Illustrier
1348 2746 1408 2808 ego
1419 2721 1657 2806 impudentiam
1677 2724 1746 2790 eius
1764 2743 1874 2789 eoram
1891 2725 2015 2806 aliquot
2032 2724 2170 2790 testibus
2187 2725 2317 2807 castigo.

326 2813 415 2878 enim
437 2819 487 2876 est
508 2811 545 2874 in
567 2811 628 2876 hac
657 2831 693 2875 re
721 2812 785 2876 Dei
813 2811 952 2888 veritas,
981 2831 1079 2892 quam
1106 2816 1143 2873 ut
1163 2806 1296 2874 menda·
1347 2810 1494 2875 Dimidio
1516 2831 1602 2874 anno
1622 2817 1706 2890 post,
1729 2817 1787 2874 aut
1808 2809 1937 2892 integro
1959 2831 2045 2874 anno
2066 2809 2178 2876 scribit
2204 2807 2248 2874 ad
2268 2829 2317 2872 me

325 2899 452 2964 ciorum
473 2897 600 2962 offueiis
617 2897 710 2962 facile
731 2895 843 2961 induci
864 2904 968 2978 queat.
1002 2895 1130 2960 Mosem
1153 2894 1297 2977 allegant
1348 2896 1511 2979 simplices
1528 2895 1650 2972 literas,
1673 2917 1708 2961 se
1726 2893 1866 2962 obsideri
1876 2894 2038 2972 Badenae,
2061 2904 2165 2960 totam
2178 2893 2318 2978 regionis

325 2993 360 3048 et
387 2981 558 3048 Davidem.
609 2981 732 3062 Quasi·
745 3003 822 3046 vcro
853 3003 919 3046 non
952 2980 1041 3046 aliud
1064 2980 1211 3046 muneris
1238 2979 1298 3044 ha·
1349 2981 1552 3047 nobilitatem
1573 2983 1608 3045 in
1630 3003 1665 3046 se
1686 2981 1901 3064 conspirasse:
1924 3001 1991 3046 non
2014 2981 2108 3046 aliter
2125 3001 2219 3062 posse
2245 2999 2318 3044 eva·

324 3069 459 3135 buerint
484 3068 533 3132 illi
562 3067 639 3144 duo,
668 3089 766 3150 quam
794 3079 828 3132 ut
850 3068 1008 3150 populum
1030 3066 1119 3132 civili
1138 3073 1298 3148 potestate
1351 3067 1437 3145 dere,
1459 3085 1556 3149 quam
1579 3067 1690 3150 siege
1716 3067 1880 3132 mitterem
1908 3066 2066 3144 baiulum,
2095 3067 2152 3150 qui
2182 3087 2260 3130 eum
2288 3065 2318 3128 in

324 3161 488 3238 regerent
543 3155 634 3218 Dent
665 3153 767 3238 igitur
805 3153 899 3218 nobis
937 3153 1047 3218 insani
1085 3151 1140 3216 isti
1177 3149 1299 3216 similes
1350 3153 1433 3220 cista
1459 3153 1652 3218 mercatoria
1679 3161 1871 3236 asportaret.
1922 3151 2078 3218 Bedrotas
2106 3151 2223 3217 habuit
2256 3151 2320 3214 fere

324 3241 553 3323 magistratus,
587 3238 647 3303 hoc
680 3247 744 3316 est,
778 3238 935 3322 singulari
962 3236 1150 3320 prophetiae
1182 3237 1299 3319 spiritu
1351 3239 1487 3304 similes:
1509 3257 1570 3302 nos
1586 3238 1729 3316 risimus,
1742 3238 2033 3321 egoetiampaucis
2050 3237 2214 3320 respondi.
2238 3236 2319 3301 Nam

325 3323 534 3401 excellentes,
555 3331 589 3387 ct
610 3338 782 3406 utramque
804 3326 1004 3388 susanentcs
1025 3341 1205 3406 personam,
1233 3343 1299 3386 non
1351 3323 1464 3388 multis
1496 3324 1690 3389 coniecturis
1724 3321 2013 3406 deprehendimus,
2043 3325 2152 3405 ipsum
2180 3324 2216 3386 in
2244 3321 2320 3386 urbe

324 3411 458 3494 proprio
479 3409 622 3489 oonsilio,
646 3417 704 3474 aut
724 3411 859 3486 affectu,
895 3408 952 3474 sed
985 3409 1049 3473 Dei
1081 3408 1235 3472 mandato
1267 3414 1301 3471 et
1352 3431 1431 3475 esse.
1477 3409 1529 3474 Ab
1556 3429 1594 3473 eo
1616 3419 1760 3491 tempore
1790 3430 1852 3474 non
1881 3410 2075 3492 comparuit:
2104 3408 2320 3492 sesquiannus

326 3497 511 3562 vocatione:
540 3515 600 3559 nos
627 3494 748 3560 talibus
783 3493 816 3558 id
845 3493 928 3576 quod
963 3493 1132 3576 postulant
1161 3493 1301 3558 libenter
1352 3496 1480 3578 clapsus
1507 3495 1632 3559 interea
1660 3507 1717 3559 est.
1772 3493 1884 3575 Quum
1917 3495 2033 3560 scirem
2063 3494 2186 3560 multas
2218 3511 2321 3575 nugas

326 3581 512 3664 largiemur.
574 3579 664 3660 Quin
703 3581 813 3645 Moses
844 3581 914 3663 ipse
961 3591 1038 3644 ante
1075 3587 1299 3645 consecratum
1351 3579 1494 3646 inclusos
1515 3601 1585 3646 esse
1603 3581 1638 3644 in
1656 3580 1782 3658 cistula,
1801 3581 1913 3663 aperui
1931 3601 2041 3646 coram
2052 3581 2167 3644 multis
2179 3578 2322 3644 testibus

326 3667 493 3732 Aaronem
521 3665 697 3731 sacerdotis
722 3685 858 3730 munere
891 3665 1056 3750 fungitur:
1088 3675 1200 3748 postea
1235 3663 1300 3730 Dei
1352 3669 1459 3732 Erant
1487 3665 1554 3732 illio
1583 3666 1670 3731 mala
1697 3664 1844 3749 putrida,
1878 3673 1912 3731 et
1941 3687 2037 3732 omne
2067 3687 2174 3748 genus
2207 3670 2324 3738 scruta,

326 3750 419 3818 iussu
440 3750 631 3834 praescribit
652 3749 737 3834 quod
758 3752 842 3817 facto
858 3771 940 3833 opus
957 3759 1017 3816 est
1050 3751 1160 3816 David
1172 3771 1299 3833 quoque
1351 3752 1426 3816 libri
1449 3751 1639 3828 semilaceri,
1661 3761 1695 3815 et
1713 3753 1735 3816 ii
1757 3751 1918 3835 vulgares,
1941 3759 1980 3816 ut
1997 3749 2274 3834 Despauterius0)
2295 3754 2326 3810 et

326 3857 394 3903 non
413 3837 483 3902 sine
498 3835 632 3901 Domini
652 3837 813 3919 permissu
834 3835 875 3902 ad
894 3835 1108 3902 ordinandam
1130 3837 1299 3902 ecclesiam
1352 3837 1482 3902 similes.
1517 3837 1638 3919 Reperi
1656 3838 1754 3902 etiam
1772 3837 1892 3914 literas,
1915 3857 1996 3919 quas
2013 3837 2093 3902 mihi
2105 3837 2325 3919 subripuerat

327 3923 518 4006 aecingitur.
574 3923 627 3986 Pii
666 3923 720 3985 alii
763 3942 857 4006 reges
896 3923 1111 3986 constitutum
1151 3921 1299 3987 ordinem
1351 3923 1453 3987 Novit
1485 3922 1546 3988 hoc
1578 3921 1753 4000 himins,
1782 3944 1879 4004 quem
1907 3943 1969 4006 ego
1995 3921 2165 3988 advocavi.
2218 3921 2326 4000 Repo·

326 4015 465 4073 tuentur
490 4027 550 4072 sua
583 4016 760 4090 potestate,
794 4019 831 4073 ut
863 4007 971 4073 decet:
1000 4007 1154 4073 eeclesiae
1186 4017 1299 4071 tamen
1352 4010 1475 4074 suimus
1497 4008 1622 4085 omnia,
1651 4029 1718 4072 non
1746 4009 1817 4074 sine
1838 4008 1941 4074 multo
1968 4009 2046 4074 risu.
2091 4007 2205 4088 Quum
2228 4005 2326 4070 Wor·

326 4115 421 4160 suam
443 4091 711 4170 iurisdictionem,
740 4101 774 4158 et
802 4093 1021 4159 sacerdotibus
1049 4103 1158 4175 partes
1185 4093 1250 4157 illis
1280 4111 1300 4155 a
1352 4095 1489 4158 maciam
1513 4095 1654 4158 veniret.
1667 4103 1799 4158 sanctae
1828 4095 2003 4160 memoriae
2033 4094 2211 4244 Ἥκω,
2243 4111 2327 4156 nun·

326 4179 470 4245 Domino
492 4177 665 4242 attributas
687 4178 883 4262 relinquunt.
1352 4181 1449 4245 cievit
1476 4201 1546 4244 esse
1573 4179 1734 4244 Basileae.
1783 4179 1942 4244 Mandavi
1970 4179 2051 4246 meis
2102 4177 2265 4256 'eredens
2293 4183 2328 4238 ut

413 4261 480 4329 Sed
503 4284 563 4348 ego
585 4265 715 4346 ineptus
736 4285 823 4340 sum,
852 4264 909 4347 qui
936 4265 969 4328 in
992 4263 1077 4330 hanc
1099 4263 1227 4348 sylvam
1250 4264 1299 4327 in-
1351 4265 1502 4332 cistulam
1523 4266 1739 4330 remitterent
1774 4265 1910 4344 Nebulo,
1932 4287 1971 4330 ea
1992 4273 2134 4348 accepte,
2156 4265 2329 4331 clamitare

328 4349 467 4433 gradiar,
489 4371 591 4432 quum
613 4348 803 4414 tabellarius
823 4350 957 4414 iamiam
982 4349 1149 4414 abituriat:
1168 4370 1231 4432 quo
1252 4350 1299 4426 fit,
1351 4373 1404 4416 me
1435 4371 1507 4416 esse
1538 4351 1661 4429 furem,
1701 4349 1871 4416 sustulisse
1904 4350 2026 4416 multos
2051 4347 2328 4433 incomparabiles

327 4443 366 4498 ut
398 4433 438 4497 ad
471 4433 666 4500 narrandam
702 4434 845 4518 Alberpii
877 4434 1048 4500 historiam
1086 4456 1151 4500 non
1190 4435 1234 4499 sit
1263 4435 1297 4498 in
1351 4434 1458 4501 libros.
1515 4436 1618 4500 Venit
1657 4437 1881 4502 Lausannam:
1914 4437 2026 4502 eadem
2058 4436 2173 4501 retulit
2217 4435 2329 4502 Virdo

328 4539 482 4670 gnoseos
521 4521 600 4586 satis
640 4519 706 4584 otii.
762 4521 923 4603 Incipiam
960 4529 1070 4585 tamen
1103 4529 1136 4586 et
1174 4541 1300 4602 sequar,
1351 4523 1466 4604 Nuper
1487 4543 1587 4604 quum
1610 4522 1675 4586 huo
1696 4543 1731 4587 se
1752 4523 1952 4602 contudisset,
1974 4521 2084 4587 decem
2103 4521 2242 4588 circiter
2264 4519 2330 4583 dies

351 4624 431 4670 oneo
455 4605 565 4670 veniat
590 4607 737 4684 nuncius,
760 4607 814 4688 qui
842 4607 955 4670 literas
974 4606 1168 4690 semiplenas
1189 4627 1207 4670 e
1230 4627 1299 4670 ma·
1351 4628 1404 4672 me
1426 4609 1527 4674 inscio
1549 4610 1584 4672 in
1601 4608 1682 4672 urbe
1703 4608 1774 4672 fuit
1817 4609 1939 4674 Postea
1968 4607 2068 4673 Verri
2084 4607 2238 4690 impulsu
2256 4622 2330 4672 eum

328 4691 426 4756 nibus
447 4689 529 4754 mihi
551 4692 698 4774 abripiat.
740 4691 813 4756 Hoc
834 4691 994 4774 principio
1018 4692 1109 4771 habe,
1133 4692 1300 4757 hominem
1352 4693 1539 4778 aggredior,
1569 4713 1647 4778 rogo
1677 4714 1719 4758 an
1748 4715 1814 4758 non
1843 4694 2005 4760 achonem
2030 4694 2110 4758 furti
2137 4693 2226 4758 mihi
2252 4690 2332 4757 velit

327 4775 429 4843 istum
451 4777 516 4840 iam
537 4776 649 4842 multis
670 4778 764 4843 annis
786 4776 871 4842 nihil
897 4775 984 4842 aliud
1012 4797 1110 4861 quam
1134 4778 1197 4844 huc
1221 4778 1300 4844 illuc

430 5015 461 5080 6)
483 5015 562 5083 Quod
588 5017 631 5068 lu'c
655 5017 713 5083 ipre
732 5017 843 5082 factor,
868 5017 902 5071 de
924 5017 1029 5071 medlo
1050 5017 1169 5085 quadam
1193 5022 1299 5071 matro-
1453 4949 1484 5082 gl
1503 4951 1959 5088 l'bfi'llhclr‘polltee’r'lmmloxdurlafle,
1982 5019 2089 5073 carrale
2108 5018 2175 5073 XV.
2207 5023 2333 5088 cauma

329 5085 445 5140 dictione
461 5085 660 5150 maranorum,
679 5085 737 5138 eiua
753 5087 795 5139 rei
810 5086 878 5140 alchi
893 5085 1034 5140 maaca
1052 5085 1192 5154 omipiara
1205 5090 1299 5139 cantat
1351 5088 1443 5140 claras
1459 5089 1576 5141 marim
1597 5089 1629 5142 ot
1648 5089 1731 5143 libror
1746 5091 1938 5158 grammaticos
1955 5089 2076 5142 triuiales
2092 5104 2118 5142 a
2139 5089 2214 5143 1512
2232 5097 2259 5144 et
2277 5101 2332 5141 aar·

328 5153 462 5278 mig)
470 5152 1035 5290 §gagat'coztmegggtnffi-efflcpitctam,
1048 5161 1201 5210 matamoro
1210 5154 1301 5208 cdbrte
1350 5157 1417 5277 ξιιῗ
1434 5155 1528 5279 {ditos
1572 5157 1612 5222 Os.
1642 5157 1770 5212 Fabricii
1791 5157 1852 5211 oct
1875 5159 1922 5212 tat.
1945 5157 2049 5212 mutue
2076 5163 2102 5210 et
2129 5159 2251 5228 infimae
2283 5161 2332 5210 net·
