4846 5962
1072 279 1334 349 EPISTOLAE
1356 285 1525 347 285-286
2236 282 2288 344 168

752 505 825 575 ²⁸⁵·
1325 466 2290 636 tlttrttttsltttttttttfftttfftttl

565 643 800 712 OALVINUS
823 641 1006 709 VIRE'PO.
1326 659 1454 722 semper
1474 640 1587 706 inflata
1604 641 1671 706 sint
1681 641 1722 706 ad
1737 639 1924 708 excitandos
1935 639 2179 706 contentionum
2190 637 2289 720 ignes,

1325 731 1403 807 quot
1424 726 1614 804 occasiones,
1638 733 1721 809 quae
1742 747 1831 793 nuno
1852 748 1873 792 a
1893 746 1947 791 me
1973 722 2137 808 provideri
2160 723 2290 788 minime

386 815 527 900 Ecpocit
547 835 602 880 eur
618 816 754 881 reditum
775 815 962 893 reformidet,
984 834 1047 880 coa
1067 811 1219 894 resupini,
1246 815 1274 875 ct
1325 819 1470 892 possunt,
1493 831 1564 876 sese
1587 811 1723 878 daturae
1744 813 1821 892 sint,
1843 831 1976 895 prorsus
1997 818 2087 876 metu
2116 809 2288 874 exanimor.

294 923 360 986 qao
376 908 470 985 pecto
486 922 548 984 pro
564 906 694 983 erpere
715 901 882 984 impeditas
898 900 989 967 illum
1008 897 1274 978 inalicdtempao
1325 893 1414 960 Sunt
1436 905 1469 960 et
1489 896 1631 979 plurima
1658 897 1722 963 alie
1749 900 1783 963 in
1809 899 1881 982 ipsa
1907 897 1988 962 urbe
2014 916 2097 979 quae
2124 894 2206 960 mihi
2232 915 2291 960 non

297 989 453 1054 remittere
474 992 608 1070 meatur.
655 987 737 1052 Tum
765 1007 834 1052 vero
862 1007 932 1052 uam
959 985 1082 1051 Bccero
1111 986 1273 1048 υιιιιιιιιιιιι
1324 999 1441 1063 parum
1462 981 1686 1048 sollicitudinis
1703 984 1860 1050 iniiciunt
1904 981 1979 1064 Quo
2007 981 2082 1064 plus
2107 979 2291 1064 progredior

298 1094 334 1140 se
349 1073 514 1155 precidit
1324 1087 1362 1130 co
1383 1066 1500 1132 melius
1521 1089 1618 1133 cerno
1639 1089 1738 1152 quem
1755 1070 1895 1135 arduum
1905 1069 1949 1134 sit
1959 1087 2078 1132 munus
2089 1065 2289 1147 ecclesiam⁵l

1325 1173 1447 1236 regere.
1492 1153 1605 1236 Neque
1624 1163 1736 1220 tamen
1753 1155 1863 1220 omnia
1884 1155 1965 1220 haec
1983 1153 2137 1229 efficiunt,
2156 1152 2237 1234 quin
2254 1151 2291 1216 ad

301 1244 358 1310 (on
377 1242 544 1313 autographo
561 1242 625 1297 cod.
644 1242 724 1296 (Mh-
742 1239 802 1307 4⁰4.
821 1242 867 1298 tol.
884 1240 909 1308 3,
928 1241 988 1294 soll.
1014 1257 1035 1294 ⁰·
1060 1257 1153 1310 apogr.
1171 1239 1272 1292 0²11ss
1324 1259 1419 1320 opem
1440 1239 1578 1306 miserae
1600 1239 1754 1306 eeclesiae
1774 1239 1942 1306 serendam
1969 1239 2033 1304 sim
2057 1237 2291 1321 paratissimus,

300 1311 367 1394 ⁰94
386 1311 456 1378 ¹¹¹¹»
473 1311 522 1392 sol,
538 1311 559 1364 ¹·
599 1310 636 1364 cf.
655 1312 736 1365 “lm
765 1311 894 1381 cypriani
920 1309 1067 1402 stpedrm
1102 1323 1150 1361 ¹¹⁰¹
1172 1307 1272 1361 Unter-
1325 1325 1354 1388 si
1381 1325 1460 1408 quid
1486 1346 1540 1390 me
1567 1325 1677 1393 valere
1704 1326 1904 1392 intellexero.
1956 1323 2179 1406 Quaecunque
2208 1323 2292 1388 euim

299 1381 373 1435 rrcbt
391 1389 440 1434 ete
476 1381 541 1433 Berl.
559 1397 585 1448 p.
603 1379 636 1432 41
661 1386 689 1432 et
711 1396 781 1432 vers.
800 1379 870 1448 angl.
888 1379 912 1432 Ι.
930 1395 956 1448 p.
976 1377 1033 1433 206.
1087 1393 1209 1446 mpressa
1231 1379 1273 1429 est

300 1450 330 1502 in
354 1450 395 1503 ed
423 1448 524 1503 Gener.
548 1465 574 1516 p.
591 1447 635 1510 ab,
660 1449 783 1501 Hannov.
802 1465 828 1516 p.
847 1447 881 1501 59
913 1447 992 1500 Laus.
1011 1463 1036 1516 p.
1055 1444 1096 1511 53,
1116 1446 1227 1500 Obouet.
1246 1461 1271 1514 p.
1324 1431 1377 1474 ΜΘ
1395 1410 1430 1474 in
1451 1411 1513 1476 1¹³⁰
1535 1432 1571 1475 ¹¹⁰
1593 1411 1726 1476 turbant
1748 1412 1969 1512 ⁰⁰gil²ll⁰¹¹⁰ffi
1992 1410 2122 1475 mmet&
2143 1407 2292 1508 ⁰⁰³¹{ihfl

652 1515 695 1582 30,
713 1517 800 1570 Amet.
818 1533 844 1586 p.
864 1491 916 1576 ll.)
1325 1495 1467 1560 afferunt
1505 1517 1669 1575 remorae,
1709 1497 1786 1562 dum
1825 1517 1971 1562 ammum
2008 1516 2120 1561 meum
2159 1515 2292 1560 annum

1324 1587 1452 1660 tenent,
1482 1582 1565 1646 mihi
1593 1590 1704 1646 tamen
1731 1591 1883 1649 excutere
1910 1581 1971 1646 hoe
2002 1588 2183 1664 nequeunt,
2218 1581 2292 1664 quin

387 1703 492 1770 Docto
513 1714 547 1769 et
563 1705 617 1788 pio
633 1705 704 1770 viro
714 1705 815 1768 Petro
826 1703 952 1782 Vireto,
975 1701 1128 1768 ecelesiae
1146 1701 1273 1768 Christi
1324 1666 1470 1732 samm
1497 1669 1558 1733 sim
1586 1669 1697 1767 mimia
1725 1690 1808 1752 quae
1836 1670 1872 1732 in
1898 1669 1970 1733 ⁰i¹¹⁸
1997 1667 2137 1733 ”lum
2169 1667 2293 1732 fflfflffl

299 1789 389 1856 fideli
410 1791 567 1868 ministro,
591 1790 686 1854 fratri
707 1810 780 1854 meo
802 1790 979 1856 carissimo·
1324 1761 1491 1835 putavero.
1541 1753 1648 1818 'Pestrs
1683 1763 1733 1819 est
1759 1753 1921 1830 Farellus,
1954 1774 2007 1817 me
2033 1773 2203 1835 nunquam
2232 1773 2291 1816 uno

1325 1838 1426 1903 verbo
1448 1837 1643 1903 detrectasse
1664 1839 1755 1904 illam
1778 1841 1990 1918 vocationem,
2011 1837 2068 1904 sed
2086 1837 2293 1921 deprecatum

388 1926 500 2008 Quum
517 1925 725 1990 mihiliterae
739 1935 813 1990 tuae
824 1924 1048 2004 redderentur,
1067 1925 1273 1991 iameramus
1325 1943 1395 1987 esse
1418 1923 1577 1988 duntaxat
1598 1947 1639 1988 ne
1661 1926 1747 1990 male
1776 1923 1973 1992 consulendo
2002 1924 2172 1990 ecelesiam
2195 1923 2292 1988 semel

300 2012 342 2078 ad
363 2013 427 2078 iter
444 2012 590 2078 accincti.
622 2012 668 2076 Et
685 2033 751 2076 non
768 2012 902 2076 memini
920 2012 1152 2095 profectionem
1172 2011 1274 2077 fuisse
1325 2007 1485 2090 perditam
1514 2010 1564 2075 bis
1593 2009 1752 2094 perderet.
1796 2011 1934 2076 Interim
1957 2011 2037 2075 satis
2059 2009 2188 2076 ostendi
2211 2009 2292 2072 nihil

298 2098 382 2163 mihi
404 2098 441 2162 in
460 2099 531 2164 vita
552 2097 658 2180 magis
679 2097 922 2164 tumultuosam.
957 2097 1073 2180 Itaque
1088 2117 1189 2180 quum
1205 2118 1274 2162 non
1324 2093 1407 2158 mihi
1428 2095 1534 2179 magis
1556 2117 1626 2161 esse
1648 2097 1683 2160 in
1705 2097 1799 2176 votis,
1822 2117 1920 2180 quam
1940 2093 1994 2161 vel
2022 2096 2167 2160 animam
2189 2114 2293 2159 meam

298 2203 430 2267 possem
451 2184 522 2265 ipse
543 2180 749 2266 respondere,
771 2182 925 2248 mandavi
949 2180 1083 2248 Claudio
1107 2181 1224 2249 Ferceo
1237 2185 1272 2264 ¹),
1325 2179 1522 2264 impendere,
1545 2181 1601 2248 ubi
1613 2201 1695 2264 opus
1714 2190 1808 2248 esset.
1843 2183 1980 2248 Possem
2001 2180 2060 2246 tibi
2072 2201 2182 2247 coram
2204 2179 2292 2245 lucu·

300 2289 398 2352 quem
418 2289 545 2333 mecum
567 2267 682 2334 vidisti
701 2268 861 2345 Basileae,
884 2276 918 2333 et
938 2268 1033 2333 fiatri
1054 2289 1127 2334 meo
1149 2275 1187 2333 ιιι
1209 2267 1273 2334 Fo-
1324 2263 1423 2330 lentis
1450 2267 1654 2350 argumentis
1681 2267 1816 2351 planum
1843 2267 1963 2346 faeere,
1995 2287 2093 2349 quem
2126 2265 2213 2334 nihil
2243 2265 2293 2330 hio

299 2355 376 2420 rollo
397 2354 627 2432 rescriberent,
656 2353 733 2436 quid
762 2353 917 2420 haberem
939 2353 1049 2419 animi.
1094 2353 1192 2420 Nunc
1213 2353 1273 2418 ali-
1324 2351 1559 2418 simulaverim.
1610 2351 1677 2418 Sed
1704 2352 1765 2418 boe
1793 2353 1876 2418 mihi
1904 2351 2120 2418 certissimum
2155 2350 2290 2432 videtur,

301 2439 496 2522 quantulum
518 2439 575 2504 otii
597 2449 713 2505 nactus
735 2439 876 2504 scribere
898 2440 998 2504 etiam
1020 2438 1078 2504 tibi
1102 2461 1144 2504 ex
1165 2437 1272 2504 medio
1324 2436 1411 2519 quod
1444 2459 1546 2520 quum
1579 2439 1746 2504 venissent
1773 2439 1873 2523 legati
1901 2437 2135 2516 Wormatiam,
2168 2445 2292 2504 nostms

299 2525 429 2589 itineris
456 2544 554 2590 eursu
582 2524 679 2589 volui.
728 2524 912 2590 Excusabis
941 2532 1052 2590 autem
1078 2524 1163 2608 quod
1195 2545 1272 2592 oon·
1323 2521 1438 2588 multis
1456 2543 1531 2588 cum
1548 2522 1702 2607 lacrymis
1721 2545 1781 2607 per
1797 2524 1908 2589 omnia
1918 2543 2010 2590 saera
2021 2545 2094 2590 sum
2105 2525 2291 2602 obtestatus,

300 2610 372 2674 fuse
393 2607 453 2673 tibi
474 2619 507 2673 et
528 2609 671 2674 breviter
693 2609 887 2692 respondeo,
913 2613 990 2693 quia
1016 2631 1076 2676 neo
1101 2609 1273 2693 epistolam
1324 2616 1361 2672 ut
1380 2607 1446 2673 mei
1468 2607 1557 2673 obliti
1579 2607 1777 2692 dispicereut
1797 2630 1908 2676 coram
1929 2610 2010 2690 Deo,
2040 2610 2117 2694 quid
2142 2609 2293 2676 ecelesiae

300 2701 393 2759 tuam
420 2692 523 2759 habeo
550 2693 592 2759 nd
621 2713 771 2774 manum,
799 2703 837 2760 ut
863 2695 994 2780 singula
1022 2696 1128 2779 capita
1149 2696 1272 2780 possim
1324 2693 1423 2758 fidem
1460 2713 1572 2758 eorum
1611 2694 1800 2778 imploranti
1837 2695 1979 2760 maxime
2016 2703 2102 2761 esset
2141 2695 2290 2761 salutare.

300 2778 414 2845 ordine
442 2787 475 2844 et
499 2780 681 2862 perspicere
708 2786 742 2844 et
763 2786 929 2861 excutere,
956 2803 1017 2847 neo
1038 2787 1167 2846 tantum
1189 2789 1272 2847 tem-
1323 2778 1390 2846 Ubi
1412 2777 1581 2862 domum⁶)
1604 2787 1740 2846 ventum
1758 2787 1816 2862 est,
1834 2781 1983 2864 quamvis
2006 2802 2102 2846 nemo
2120 2781 2292 2859 insisteret,

299 2865 388 2950 poris
410 2863 506 2930 datur
529 2864 646 2932 viatori
667 2865 702 2930 in
723 2885 878 2950 caupona,
901 2873 940 2932 ut
961 2865 1083 2950 aliquid
1104 2867 1186 2933 bene
1203 2887 1272 2932 me-
1324 2884 1392 2928 non
1422 2864 1546 2930 cessavi
1572 2865 1795 2949 interpellare,
1824 2874 1862 2932 ut
1888 2886 1960 2930 eam
1982 2885 2094 2932 curam
2119 2868 2204 2932 serio
2225 2889 2293 2932 sus·

300 2949 442 3016 ditatum
464 2957 497 3016 et
515 2951 608 3034 quasi
630 2957 817 3018 concoctum
825 2953 855 3027 ²)
872 2952 969 3019 liceat
985 2952 1141 3018 mandare
1157 2953 1270 3018 literis.
1325 2949 1478 3032 oipereut.
1512 2950 1581 3017 Nec
1592 2951 1654 3034 ipsi
1666 2952 1775 3032 etiam,
1787 2951 1882 3018 erede
1893 2951 1984 3030 mihi,
1997 2952 2103 3020 officio
2114 2975 2173 3019 suo
2185 2953 2292 3018 defrue-

300 3035 469 3118 Quantum
490 3045 600 3102 antem
622 3038 778 3103 memoria
806 3045 916 3116 teneo,
945 3035 1027 3102 duae
1049 3047 1128 3104 sunt
1148 3039 1272 3120 praeci·
1324 3042 1411 3100 runt.
1461 3033 1529 3100 Sed
1556 3037 1641 3120 quod
1670 3039 1914 3122 suspicabamur
1949 3039 2062 3121 fore,⁷)
2089 3039 2188 3123 paulo
2223 3043 2293 3122 post

299 3142 386 3205 puae
413 3121 584 3188 literarum
610 3129 740 3188 tuarum
774 3133 892 3206 partes.
942 3123 1094 3200 Priore')
1129 3123 1273 3189 ostendis
1325 3119 1490 3187 decretum
1523 3129 1587 3202 est,
1620 3129 1658 3186 ιιι
1690 3121 1813 3190 Baeero
1840 3123 2080 3212 adiungerer.⁸)
2130 3125 2203 3191 Hoc
2229 3145 2292 3188 non

300 3225 369 3272 non
396 3228 467 3274 csse
494 3207 578 3272 mihi
606 3207 818 3274 deserendam
840 3208 1010 3275 ecclesiam
1034 3207 1271 3288 Geneveusem
1324 3206 1431 3272 videri
1460 3207 1543 3272 mibi
1575 3209 1698 3274 factum
1730 3210 1922 3294 composito,
1962 3218 1999 3274 ut
2036 3219 2135 3277 antea
2168 3209 2292 3276 Ferello

299 3292 593 3393 alteracontendis
615 3293 847 3392 maturandum
867 3314 994 3394 quoque
1021 3314 1093 3358 esse
1120 3294 1271 3372 reditum,
1325 3293 1453 3376 scripsi,
1483 3293 1531 3358 ite
1563 3315 1651 3360 nuno
1679 3295 1739 3394 tibi
1769 3303 1879 3362 sancte
1907 3317 2065 3364 assevero.
2116 3297 2171 3362 Ita
2205 3297 2291 3362 enim

299 3378 442 3530 lidii
462 3377 1273 3548 ltlllnlt“tlttltltltltnltt
1323 3377 2292 3552 ttffitblmllltqtltftttltttuttttlltt

298 3567 429 3632 semper
450 3549 564 3615 solitus
586 3568 675 3616 sum:
704 3549 832 3614 nullum
860 3569 930 3616 esse
956 3549 1064 3616 locum
1090 3552 1151 3617 sub
1183 3551 1271 3616 coelo
1323 3549 1459 3614 minime
1469 3552 1660 3634 cogitabant
1704 3553 1875 3636 Equidem,
1898 3555 1926 3620 si
1945 3575 1997 3620 me
2015 3556 2205 3638 interroges,
2226 3573 2292 3616 non

235 3651 237 3658 ‘
300 3653 398 3717 quem
427 3635 531 3718 magis
563 3634 769 3700 reformidem
776 3659 784 3716 3
822 3657 888 3700 non
921 3634 1007 3720 quod
1038 3635 1177 3716 oderim,
1214 3636 1271 3703 sed
1324 3635 1419 3701 video
1446 3657 1576 3702 oausam
1604 3659 1663 3704 cur
1691 3639 1812 3704 mittar.
1864 3641 1989 3706 Verum
2014 3647 2053 3704 ut
2073 3641 2209 3705 minime
2230 3639 2292 3702 sim

299 3720 455 3802 quoniam
477 3726 526 3784 tot
545 3719 751 3786 difficultates
772 3720 838 3787 illio
860 3721 942 3786 mihi
964 3723 1145 3805 propositas
1167 3721 1270 3804 video,
1322 3720 1468 3799 idoneus,
1491 3743 1557 3786 non
1576 3729 1686 3788 tamen
1706 3724 1767 3790 fuit
1783 3747 1892 3791 meum
1910 3746 2070 3791 recusare.
2103 3723 2293 3792 Necessario

320 3805 418 3870 uibus
443 3805 636 3888 superandis
663 3806 768 3871 sentio
795 3827 848 3872 me
874 3807 970 3892 longe
999 3828 1070 3873 esse
1101 3808 1268 3892 imparem.
1323 3807 1426 3892 igitur
1451 3807 1647 3872 veniendum
1675 3817 1759 3888 erat,
1789 3812 1851 3876 nisi
1880 3811 1998 3878 vellem
2026 3811 2149 3895 passim
2180 3810 2294 3876 audire

298 3825 437 3972 Quoties
457 3893 661 3974 superiorum
683 3897 867 3976 temporum
889 3891 977 3958 subit
1005 3893 1194 3972 recordatio,
1222 3895 1270 3958 fa-
1322 3894 1470 3976 pessime.
1504 3891 1648 3958 Proinde
1670 3893 1747 3958 dum
1770 3895 1884 3962 literae
1905 3905 1983 3962 tuae
2000 3902 2170 3976 venerunt,
2193 3915 2294 3978 quum

297 3998 371 4042 cere
393 3997 517 4060 nequeo
539 3977 619 4060 quin
641 3983 710 4042 toto
728 3985 857 4059 pectore
874 3978 1113 4057 exhorrescam,
1132 3980 1161 4044 si
1173 3998 1271 4062 cogar
1322 3979 1489 4062 integrum
1518 3979 1582 4044 iam
1606 4000 1669 4044 non
1693 3991 1777 4046 esset
1799 3980 1994 4062 deliberare,
2023 3984 2136 4065 putavi
2157 4002 2210 4046 me
2233 3979 2294 4045 tibi

298 4083 352 4127 me
373 4062 493 4127 iterum
521 4064 664 4146 antiquis
690 4062 755 4128 illis
783 4064 1014 4130 certaminibus
1040 4065 1187 4130 obiicere.
1232 4062 1270 4129 Si
1323 4064 1403 4129 satis
1429 4085 1589 4148 superque
1616 4065 1684 4130 fore
1712 4075 1901 4134 excusatum
1934 4091 1969 4134 ro
2003 4068 2085 4134 bene
2117 4067 2293 4132 intellecta.

298 4147 381 4210 mihi
402 4169 477 4214 cum
498 4149 634 4214 ecclesia
654 4147 712 4213 illa
729 4157 860 4215 tantum
870 4157 956 4216 esset
967 4151 1142 4235 negotium,
1161 4151 1270 4214 animo
1322 4149 1435 4216 Habes
1468 4171 1554 4216 nunc
1589 4149 1630 4215 ad
1664 4159 1838 4236 utrumque
1872 4163 1967 4219 tuum
1999 4153 2200 4237 postulatum
2230 4171 2295 4236 quo

299 4251 405 4296 essem
426 4235 591 4316 quietiore,
615 4243 702 4300 certe
720 4235 829 4301 minus
847 4245 995 4301 terreret.
1029 4235 1097 4302 Sed
1108 4235 1233 4301 viciuos
1241 4234 1269 4320 ⁴)
1322 4235 1461 4300 satisfiat
1482 4234 1523 4299 ad
1544 4235 1632 4302 hunc
1653 4258 1755 4320 usque
1777 4237 1877 4304 diem:
1900 4262 1953 4305 me
1968 4241 2092 4308 seilicet
2105 4261 2167 4306 neo
2179 4240 2295 4303 venire

297 4317 415 4399 cogito,
438 4320 492 4401 qui
514 4320 594 4385 mihi
612 4319 691 4386 olim
709 4327 838 4386 tantum
855 4321 1023 4387 molestiae
1041 4321 1268 4387 exbibuerunt
1322 4340 1466 4404 unquam
1493 4340 1671 4402 recusasse,
1698 4345 1758 4390 nee
1779 4326 1921 4407 potuisse
1943 4326 2111 4392 haetenus.
2156 4325 2195 4390 In
2219 4344 2295 4408 poa·

298 4400 439 4466 Necesse
461 4413 510 4469 est
531 4414 563 4470 te
585 4406 689 4470 multo
716 4407 790 4489 plus
817 4406 998 4490 intelligere
1026 4427 1122 4491 quam
1154 4407 1268 4472 dicam.
1322 4415 1429 4472 terum
1459 4406 1521 4472 hoc
1548 4406 1606 4471 tibi
1656 4429 1691 4474 ro
1719 4417 1807 4476 certo
1833 4410 2000 4494 polliceor,
2034 4433 2087 4478 me
2118 4409 2296 4478 consilium

297 4485 373 4552 Hoc
395 4487 478 4552 habe
500 4511 564 4556 uno
586 4491 694 4558 verbo.
738 4491 829 4557 Dum
852 4492 964 4558 multis
986 4492 1090 4578 signis
1110 4492 1268 4577 intelligo,
1320 4491 1407 4556 istuo
1428 4429 1654 4574 proficiscendi

1674 4516 1841 4578 nunquam
1863 4505 2076 4576 mutaturum,
2104 4498 2167 4563 nisi
2188 4497 2296 4560 maior
2406 4499 2407 4558 1

299 4573 370 4638 eius
392 4572 447 4654 qui
468 4572 644 4654 plurimum
666 4597 783 4643 nocere
805 4585 912 4661 potest
938 4577 1133 4662 inexpiabile
1159 4579 1194 4643 in
1216 4600 1268 4645 me
1320 4577 1430 4660 aliqua
1456 4579 1508 4642 vis
1536 4577 1616 4642 mibi
1646 4581 1733 4644 viam
1763 4581 1981 4663 praecluserit
2038 4585 2170 4668 langor
2201 4584 2297 4646 enim
2406 4607 2407 4624 ι

1319 4663 1409 4729 illius
1430 4664 1583 4730 ecclesiae
1611 4686 1703 4743 cura,
1732 4677 1768 4730 ut
1788 4688 1850 4750 par
1871 4679 1936 4748 est,
1964 4678 1997 4735 et
2017 4670 2083 4735 iam
2105 4671 2213 4738 nescio
2237 4669 2297 4752 qui
2406 4733 2407 4736 ,

313 4773 382 4837 ffi5·
401 4775 431 4841 1)
450 4773 804 4837 Edd„,7„·1„‚,„1„„„·
1319 4749 1442 4814 factum
1472 4751 1515 4814 sit
1542 4759 1579 4814 ut
1607 4751 1716 4816 animo
1745 4753 1898 4836 incipiam
1928 4775 1998 4822 esse
2024 4755 2230 4822 inclinatiore
2253 4751 2298 4818 ad
2406 4815 2407 4830 ,

401 4845 430 4908 2)
450 4855 610 4968 conseptum
628 4845 701 4905 Ede.

400 4913 629 5035 PHb...
854 4989 860 5002 Ι
1040 4989 1045 5002 ¹
1170 4991 1196 5002 ..
1556 5013 1562 5023 ι
1669 4992 1727 5005 Η

330 5050 337 5064 .
420 4987 431 5049 )
456 4983 556 5064 Korba.
578 5001 680 5039 vrcmos
697 5026 705 5042 .
724 5026 729 5038 .
749 5030 755 5042 .
773 5031 780 5045 .
799 4989 982 5070 exbibuerunt
990 4994 1115 5070 conruunt
1129 4989 1267 5072 educeres,
1421 4989 1452 5056 5)
1472 4989 1560 5044 Besa.
1579 4991 1795 5047 ecclesiasticum.
1832 4993 1902 5048 Inde
1921 4994 2009 5051 Leuc.
2027 4996 2164 5050 madal.-
2184 5011 2299 5064 gerere.

295 5055 379 5106 elsam
403 5053 539 5134 espiers..
560 5053 597 5107 Ia
620 5057 787 5140 catoqropltp
809 5059 938 5115 vocabulo
956 5075 1058 5140 nempe
1083 5075 1101 5113 ιι
1123 5065 1269 5114 recentiore
1403 5057 1451 5148 'ot
1469 5059 1682 5128 Arqeatorotum
1698 5077 1734 5117 aa.
1751 5078 1841 5118 messae
1857 5063 2002 5119 usuam.

294 5124 1267 5260 ,ttttt'tttttttttlss'tttttlsttttttlt'nb‘ttff‘m
1378 5126 1452 5265 'll
1467 5127 1526 5252 {iti
1542 5127 1723 5267 tata,
1742 5197 1944 5256 natam.
