4860 5968
308 281 373 342 tor
1075 273 1335 342 EPIS'POLAE
1357 277 1524 340 436-437
2227 275 2287 338 468

306 483 397 528 nunc
414 463 681 545 exspectabimus,
700 461 777 544 quid
792 462 857 528 illis
875 463 1037 529 Dominus
1054 461 1187 528 dederit.
1222 462 1273 526 De
1325 482 1424 545 quum
1446 461 1634 544 praelucere
1656 462 1740 527 bono
1762 461 1909 544 exemplo
1931 459 2004 526 aliis
2025 460 2173 541 debeant,
2203 463 2287 528 exci-

308 549 458 626 laceror)
481 547 562 611 mihi
582 568 650 612 non
669 547 784 630 placet,
810 549 895 630 quod
917 557 984 613 tam
1004 547 1146 613 molliter
1162 567 1273 630 accep-
1324 555 1397 612 tent
1418 546 1498 611 haec
1519 545 1721 612 offendicula.

308 643 378 698 term
401 632 569 697 dimiseris.
602 633 688 696 Nam
710 634 737 698 si
754 633 886 700 nolebas
903 653 1033 700 oausam
1050 642 1140 698 tuam
1158 633 1272 709 facere,
1410 633 1461 696 De
1494 650 1604 697 socero
1636 632 1746 698 fratris
1776 633 1842 696 mei
1855 631 1884 715 ὁ)
1912 639 2098 698 constanter
2125 631 2288 696 affirmare

307 739 368 783 cur
388 737 454 782 non
476 717 654 800 simplicius
672 718 841 784 obiiciebas
858 741 932 783 eum
951 720 1048 784 nimis
1070 716 1274 800 impudenter
1324 725 1415 800 potes
1445 737 1557 782 omnes
1578 717 1709 782 mentiri
1730 718 1787 801 qui
1813 717 1912 782 talem
1939 737 2102 782 rumorem
2124 725 2286 801 spargant

306 803 421 880 faeere,
444 803 529 886 quod
546 824 616 868 rem
634 803 682 867 ita
698 813 910 869 contestatam
928 812 1070 888 negaret,
1089 803 1273 885 implevisse
1324 803 1467 868 Emisset
1487 803 1595 866 forsan
1617 802 1646 866 si
1666 803 1862 886 probassem.
1904 801 1970 868 Sed
1987 823 2086 885 quum
2103 823 2124 866 a
2140 823 2194 866 me
2214 821 2287 866 con-

307 908 381 953 eum
403 896 505 952 totam
532 888 685 953 viciniam
707 890 774 954 suis
796 889 1026 972 querimoniis?
1067 888 1177 970 Quum
1198 888 1273 971 plus
1324 888 1434 952 silium
1466 894 1606 970 peteret,
1639 887 1734 970 idque
1766 897 1940 971 antequam
1972 888 2152 954 celebratae
2185 889 2288 952 forent

307 974 494 1056 quingentis
520 974 659 1039 testibus
687 973 836 1040 convinci
862 983 972 1057 queat,
1001 974 1141 1039 audetne
1168 973 1273 1039 adhuc
1324 974 1472 1055 nuptiae,
1512 972 1663 1055 respondi
1695 973 1781 1054 quod
1812 974 1999 1038 sentiebam.
2043 971 2227 1054 Respondit
2254 991 2288 1037 se

307 1057 539 1142 tergiversari?
584 1059 635 1123 Τιι
662 1067 770 1124 autem
798 1071 854 1124 tua
876 1058 1131 1124 dissimulatione
1152 1058 1273 1124 videris
1325 1059 1497 1141 pecuniam
1513 1078 1644 1140 prorsus
1659 1056 1902 1123 inRhcdauum
1912 1058 2010 1124 malle
2026 1059 2183 1141 prolicere
2192 1077 2287 1139 quam

307 1143 390 1208 mihi
419 1143 624 1208 audaciorem
653 1144 785 1225 posthac
811 1144 989 1210 reddidisse
1016 1144 1057 1209 ad
1079 1143 1271 1228 negandum.
1325 1142 1481 1208 adversus
1502 1163 1611 1208 meum
1633 1143 1803 1209 consilium
1825 1143 1988 1209 collocare.
2020 1144 2129 1209 Abeo
2144 1145 2311 1224 tempore

306 1228 380 1312 Ego
401 1249 481 1293 vero
502 1235 688 1306 emmeram,
710 1229 774 1294 nisi
791 1231 948 1294 memoria
969 1228 1148 1306 excidisset,
1169 1228 1273 1293 literis
1325 1247 1392 1293 non
1413 1228 1509 1293 modo
1530 1227 1653 1293 nullam
1674 1229 1750 1293 lecit
1770 1229 1976 1307 mentionem,
1998 1228 2055 1293 sed
2076 1248 2120 1292 ne
2141 1229 2176 1292 in
2197 1247 2287 1292 man·

308 1313 504 1379 adscribere:
534 1315 644 1398 Legae
667 1315 783 1393 Incede,
810 1325 844 1379 et
865 1316 893 1380 si
915 1336 1011 1398 quem
1038 1315 1138 1380 habes
1159 1313 1273 1378 huma-
1324 1322 1391 1379 tem
1412 1311 1541 1396 quidem
1560 1313 1608 1377 illi
1629 1314 1729 1379 venit.

308 1399 421 1464 nitatis
441 1419 580 1477 sensum,
602 1400 689 1464 fleas.
730 1397 769 1464 Si
790 1421 921 1465 causam
942 1421 983 1465 ex
1000 1420 1053 1463 me
1075 1399 1272 1482 quaesiisset,
1409 1397 1505 1478 Quod
1537 1406 1570 1463 te
1600 1419 1658 1481 pro
1693 1398 1821 1464 Socerio
1852 1419 1983 1483 rogasse
2014 1399 2121 1478 aiunt,
2157 1397 2192 1462 id
2224 1417 2287 1462 non

307 1484 413 1548 multo
446 1485 592 1567 asperius
631 1486 850 1566 exposuissem
889 1505 985 1568 quum
1018 1484 1171 1550 Forellus.
1216 1483 1273 1550 Sic
1325 1483 1455 1548 aliunde
1475 1503 1572 1566 quam
1600 1483 1702 1548 abeo
1728 1483 1906 1567 profectum
1933 1483 2089 1566 suspicor.
2133 1483 2182 1546 'lle
2202 1482 2287 1547 euim

306 1569 469 1634 mactandi
491 1581 569 1634 snut
589 1568 645 1634 isti
667 1567 815 1648 ἀλάζονες.
849 1571 900 1635 De
919 1569 1193 1635 Neooomensibus
1214 1589 1272 1652 pa·
1324 1569 1468 1652 proferre
1500 1568 1581 1633 solet
1611 1569 1689 1633 dum
1722 1571 1929 1635 excusatione
1960 1571 2071 1634 utitur.
2122 1567 2287 1648 Quemad-

307 1655 427 1718 tieuter
450 1655 525 1730 lero,
549 1653 635 1736 quod
656 1655 785 1734 nuncio,
807 1662 845 1719 ιιι
866 1656 1034 1739 hucusque
1055 1655 1136 1720 meis
1158 1655 1273 1720 saltem
1324 1654 1456 1718 modum
1489 1675 1593 1737 nuper
1625 1654 1711 1736 apud
1737 1655 1949 1733 Geaistocam,
1982 1663 2093 1736 postea
2120 1652 2209 1736 apud
2238 1671 2287 1716 me

307 1738 492 1822 sumptibus
511 1740 645 1813 veniret,
668 1761 735 1803 non
752 1740 958 1806 mandarunt.
992 1739 1059 1806 Sed
1081 1738 1273 1823 iampridem
1324 1759 1459 1822 quoque,
1487 1757 1538 1815 an,
1566 1741 1594 1804 si
1615 1739 1737 1804 malum
1759 1750 1844 1804 esset
1864 1739 2003 1817 dicebat,
2032 1759 2091 1822 pro
2112 1759 2167 1802 me
2187 1738 2287 1802 inter·

307 1824 387 1889 novi
405 1831 442 1888 ut
463 1824 598 1906 sapiant.
632 1825 807 1908 Negotium
817 1847 895 1891 vcro
912 1828 1105 1906 ranclcyqroi
1122 1826 1168 1890 sio
1190 1833 1272 1891 trao-
1325 1825 1497 1890 cessissent
1519 1823 1667 1889 Forellua
1688 1833 1721 1888 et
1747 1824 1893 1890 Viretees?
1936 1824 2008 1907 Ego
2037 1843 2115 1890 vero
2137 1821 2288 1905 respondi

307 1909 371 1972 tari
409 1910 560 1991 oportuit,
599 1910 664 1974 nisi
695 1910 780 1992 quod
811 1919 952 1976 vestram
984 1912 1200 1976 constantiam
1238 1911 1274 1974 in
1325 1910 1479 1976 continuo
1505 1929 1564 1974 vos
1592 1930 1659 1972 non
1686 1911 1829 1992 potuisse
1857 1907 1891 1973 id
1918 1909 2023 1974 faeere
2048 1910 2119 1975 sine
2146 1908 2288 1973 maxime

307 2003 469 2076 postremo
497 2003 572 2060 actu
602 2015 690 2060 nunc
719 1995 874 2062 desidero.
918 1997 990 2081 Ego
1019 1997 1047 2061 si
1073 2005 1184 2062 vestro
1204 1995 1274 2060 loco
1325 1994 1475 2078 perfidia,
1505 2014 1604 2077 quum
1632 1994 1728 2059 alitor
1752 2015 1861 2059 coram
1883 1995 1954 2060 Deo
1981 2003 2117 2077 uterque
2143 1994 2287 2058 sentiret

308 2099 421 2156 essem
445 2101 482 2144 ac
503 2079 621 2144 vellem
644 2100 771 2146 summa
791 2081 924 2146 lenitate
946 2103 1021 2148 cum
1041 2101 1079 2146 eo
1101 2103 1119 2146 a
1143 2102 1206 2160 cre,
1228 2081 1274 2147 sie
1326 2080 1393 2146 Sed
1414 2079 1504 2144 nullo
1525 2079 1621 2144 modo
1642 2078 1831 2162 persuaderi
1850 2078 1933 2144 mihi
1954 2099 2057 2162 posse.
2099 2078 2198 2144 Nunc
2219 2098 2288 2160 spc-

307 2164 451 2229 ratioues
472 2185 563 2230 meas
584 2165 796 2230 instituerem.
836 2166 976 2232 Causam
998 2175 1098 2231 totam
1121 2104 1274 2232 deberem
1325 2165 1443 2231 ciosum
1465 2165 1706 2230 excusationem
1727 2165 1848 2230 scilicet
1869 2163 2057 2229 obtendunt
2093 2164 2170 2229 Non
2192 2165 2290 2229 baisse

306 2249 514 2328 instructam,
543 2270 581 2315 ae
608 2250 636 2314 si
663 2250 761 2316 iudici
783 2251 900 2316 vellem
922 2252 1158 2328 demonstrare,
1186 2251 1274 2316 unde
1325 2271 1359 2316 se
1385 2259 1550 2333 empturos
1577 2251 1642 2315 nisi
1668 2251 1896 2334 prostitissent.
1939 2251 2029 2334 Ergo
2055 2257 2217 2316 scortator
2237 2249 2289 2332 qui

306 2333 544 2416 pronunciaret.
599 2335 723 2399 Darem
760 2343 872 2419 postea
910 2337 1081 2419 optionem,
1120 2336 1273 2402 malletne
1324 2335 1488 2419 publicum
1508 2335 1649 2418 lupanar
1669 2335 1852 2420 ingreditur
1868 2335 1946 2418 quid
1967 2335 2102 2418 peccat?
2132 2335 2289 2399 Prostant

306 2420 494 2484 missionem
515 2418 576 2484 hoc
593 2427 763 2502 praetextu
780 2431 898 2502 petere,
920 2422 1004 2504 quod
1016 2423 1177 2488 Dominus
1187 2421 1273 2486 mul·
1324 2421 1413 2486 enim
1445 2427 1559 2486 scorta.
1603 2421 1706 2503 Atqui
1735 2419 1897 2498 Soteira,
1929 2427 1966 2484 ut
1992 2420 2090 2497 scias,
2121 2439 2190 2484 non
2224 2427 2288 2484 tam

308 2502 352 2568 tis
374 2503 541 2570 decausis
563 2525 639 2568 eum
661 2525 681 2569 a
702 2505 881 2577 ministerio
907 2507 1106 2573 excluderet:
1133 2527 1176 2570 an
1198 2528 1273 2573 cum
1324 2507 1527 2572 verecundus
1548 2514 1608 2584 est,
1630 2514 1667 2570 ut
1688 2505 1729 2570 ad
1751 2505 1908 2571 eiusmodi
1930 2505 2188 2588 subterfugisse
2210 2505 2289 2570 reoi-

307 2588 447 2653 fratrum
468 2588 664 2672 praeiudicio
684 2591 828 2655 Bernam
856 2590 1013 2676 ablegari:
1044 2592 1104 2658 hcc
1124 2601 1182 2670 est,
1205 2613 1273 2657 om·
1323 2593 1401 2675 piat.
1445 2591 1531 2656 Nam
1558 2591 1629 2656 sine
1657 2590 1724 2656 ullo
1749 2589 1870 2673 pudore
1897 2589 1976 2657 dicit
1996 2609 2052 2655 eos
2078 2591 2162 2656 bene
2183 2597 2221 2654 et
2240 2589 2290 2672 pie

307 2673 404 2750 nibus
433 2674 601 2739 sententiis
631 2674 787 2740 damnari.
842 2677 950 2760 Atque
979 2677 1089 2742 habito
1120 2677 1190 2742 eius
1222 2697 1274 2742 re-
1324 2677 1437 2742 fecisse
1469 2677 1524 2760 qui
1556 2677 1824 2758 proscripserunt,
1856 2683 1951 2742 etse
1982 2675 2084 2742 fuisse
2114 2675 2150 2738 in
2182 2674 2291 2740 Deum

307 2778 444 2842 sponso,
477 2779 628 2843 urgerem
659 2759 700 2824 ad
739 2761 837 2826 fidem
874 2762 1110 2845 praestandam.
1162 2761 1274 2829 Sicubi
1325 2769 1532 2844 peccaturum
1553 2761 1616 2826 nisi
1638 2761 1777 2826 emisset.
1822 2761 1867 2825 Et
1892 2781 1953 2826 nos
1973 2771 2042 2826 tam
2061 2779 2208 2826 crassam
2229 2761 2288 2844 hy·

307 2843 501 2922 deflecteret,
535 2851 613 2909 tuuc
641 2845 749 2927 palam
777 2845 813 2910 in
841 2853 989 2930 apertum
1021 2867 1172 2931 campum
1199 2868 1273 2913 eum
1325 2847 1466 2930 pocrisin
1485 2847 1521 2910 in
1543 2847 1663 2912 nostris
1683 2845 1870 2929 palpamus,
1900 2847 2051 2928 quitum
2076 2867 2167 2912 acres
2189 2863 2293 2929 nuper

307 2928 517 2994 retraherem.
571 2929 686 3013 Neque
716 2932 803 2996 enim
835 2952 973 3015 aequum
1006 2941 1071 3011 ost,
1107 2940 1146 2997 ut
1177 2933 1275 2998 totius
1324 2953 1453 2998 eramus
1474 2932 1509 2996 in
1530 2933 1682 3015 papistas.
1766 3009 1770 3016 ,

309 3013 462 3080 ecclesiae
487 3013 643 3080 dedecore
669 3015 768 3082 unius
793 3016 948 3096 hominis,
977 3039 1044 3082 non
1069 3017 1140 3084 dico
1160 3018 1273 3100 qualis,
1408 3016 1486 3082 Itali
1514 3023 1547 3082 te
1574 3016 1751 3099 plurimum
1779 3016 1930 3096 saluoent,
1959 3017 2015 3099 qui
2038 3015 2139 3082 coebo
2164 3021 2304 3083 meenm'

307 3099 504 3164 existimatio
536 3099 722 3166 redimatur.
773 3101 849 3166 Nou
880 3111 931 3168 est
961 3110 1070 3168 autem
1101 3122 1160 3168 our
1190 3102 1275 3168 huno
1325 3123 1366 3168 ex
1388 3102 1497 3168 animo
1524 3101 1701 3185 plurimum
1729 3101 1938 3186 gratulantur
1958 3101 2043 3184 quod
2064 3111 2098 3166 et
2119 3102 2233 3168 salvus
2254 3099 2294 3166 ad

308 3183 526 3251 conditionem
563 3193 705 3251 recuset:
748 3185 911 3252 Dominus
953 3209 1018 3253 non
1062 3189 1185 3271 patitur
1221 3207 1275 3253 me
1325 3209 1385 3253 nos
1406 3186 1541 3252 redierit
1561 3194 1595 3252 et
1610 3207 1745 3252 uxorem
1763 3185 1936 3252 adduxerit
1951 3207 2026 3254 cum
2047 3195 2141 3270 parte
2162 3187 2290 3254 sobolis.

309 3269 450 3354 amplius
472 3270 533 3336 hoc
553 3271 734 3336 ministerio
763 3273 865 3356 iungi.
908 3271 1146 3356 Impedimenta
1166 3279 1275 3338 autem
1327 3272 1499 3338 Marotium
1508 3273 1536 3356 ⁶)
1554 3293 1655 3354 quum
1672 3272 1784 3338 videro
1803 3271 1951 3337 salutabo
1969 3273 2034 3338 tuis
2052 3273 2171 3340 verbis
2202 3273 2293 3337 Haec

309 3376 376 3420 non
398 3356 575 3438 exprimat:
597 3355 655 3422 sed
675 3357 722 3420 ita
744 3354 925 3423 dissimulet
944 3371 1001 3422 aut
1018 3358 1147 3424 silentio
1169 3367 1275 3424 trans-
1325 3377 1425 3423 causa
1444 3357 1611 3435 adventus,
1633 3357 1719 3440 quod
1736 3377 1836 3440 quum
1853 3378 1895 3422 ex
1915 3357 1990 3422 aula
2007 3357 2139 3422 domum
2160 3378 2197 3423 se
2218 3377 2293 3423 con-

309 3441 430 3518 mittat,
459 3461 501 3505 ne
528 3462 591 3522 qua
612 3441 753 3524 suspicio
774 3443 811 3506 in
832 3442 1000 3508 ecclesiam
1021 3443 1196 3522 derivetur,
1218 3441 1275 3510 sed
1326 3445 1425 3508 ferret
1446 3441 1584 3507 audierit
1606 3442 1769 3507 decretum
1790 3443 1890 3508 fixisse
1912 3443 2039 3509 acurio
2054 3443 2239 3508 Parisienei
2258 3447 2294 3505 ut

310 3524 437 3590 ineius
457 3525 581 3590 familia
601 3527 708 3608 potius
729 3528 870 3592 resideat
890 3535 966 3593 tota.
981 3529 1009 3610 ³)
1048 3528 1145 3610 Quod
1166 3536 1275 3594 autem
1326 3536 1439 3611 captus
1466 3527 1545 3593 illuc
1566 3528 1805 3611 quamprimum
1833 3526 2054 3594 adduceretur.
2097 3527 2213 3594 Flexit
2234 3529 2294 3592 iter

310 3609 491 3694 periculum
512 3610 604 3676 vobis
633 3611 831 3678 denunciant
854 3611 977 3678 Seeleeri
997 3614 1119 3692 literae,
1149 3615 1218 3679 lore
1238 3623 1275 3678 ut
1326 3614 1388 3679 alio
1416 3621 1455 3678 ut
1486 3611 1674 3697 diligentius
1706 3613 1893 3694 inquireret.
1937 3613 1988 3678 Re
2017 3613 2099 3679 bene
2127 3620 2293 3698 comperta

310 3701 442 3760 senatus
459 3717 516 3761 vos
539 3695 580 3760 ad
599 3695 798 3762 reddendam
813 3698 972 3764 rationem
989 3709 1091 3778 vocet,
1104 3700 1133 3784 ⁴)
1153 3699 1188 3766 id
1203 3719 1276 3765 mea
1327 3699 1392 3764 huo
1412 3707 1503 3764 recta
1523 3697 1692 3763 concessit.
1726 3699 1822 3763 Nunc
1838 3697 1969 3780 penitus
1985 3697 2105 3764 habere
2125 3699 2162 3762 in
2184 3699 2294 3764 animo

311 3779 476 3846 sententia
497 3781 588 3847 vobis
609 3781 787 3866 optandum
809 3789 866 3849 est.
905 3783 1037 3850 Literna
1058 3804 1186 3850 summa
1206 3805 1275 3848 mo-
1327 3804 1361 3850 se
1383 3783 1469 3861 dicit,
1491 3782 1544 3849 hic
1565 3802 1705 3848 manere.

310 3865 476 3930 deratione
505 3866 642 3948 scriptae
664 3874 749 3932 sunt.
793 3867 901 3934 (lausa
921 3869 1020 3935 nimis
1041 3870 1135 3935 bona.
1179 3868 1276 3951 Quod
1412 3866 1509 3950 Quod
1536 3889 1589 3933 me
1613 3868 1757 3950 Popuetr'e'
1784 3875 1900 3952 rogatu
1928 3867 2068 3932 hortaris
2096 3865 2139 3934 ad
2166 3879 2296 3934 nostros

311 3953 340 4017 si
358 3951 439 4016 illuc
459 3957 595 4015 ventum
617 3952 723 4030 fuerit,
744 3954 850 4035 prima
867 3953 947 4019 haec
964 3953 1106 4020 defensio
1122 3955 1213 4020 vobis
1234 3953 1276 4018 ad
1328 3951 1598 4020 exstimulandos:
1620 3953 1745 4018 utinam
1767 3953 1837 4036 ipsc
1854 3959 1920 4017 tam
1939 3953 2022 4019 bono
2040 3953 2148 4018 animo
2171 3975 2210 4020 ac
2228 3961 2296 4018 tam

311 4057 446 4101 manum
468 4036 545 4102 erit:
578 4037 653 4102 Non
680 4039 844 4120 potuimus
871 4047 992 4105 tacere:
1024 4041 1140 4123 quibus
1166 4049 1276 4104 autem
1326 4038 1504 4124 prudenter
1524 4039 1710 4104 observaret
1725 4036 1811 4122 quod
1831 4045 1991 4121 peccatur,
2013 4059 2112 4121 quam
2134 4060 2196 4124 ego
2216 4037 2296 4104 fide-

312 4122 430 4187 melius
444 4141 681 4204 exponeremus
698 4122 782 4188 hauc
800 4125 1035 4206 querimoniam
1050 4145 1146 4208 qnam
1162 4125 1274 4192 vobis?
1326 4125 1401 4190 liter
1422 4145 1573 4207 cuperem
1601 4124 1635 4188 in
1661 4145 1751 4189 meas
1772 4133 1880 4206 partes
1901 4123 2059 4188 insistere.
2102 4122 2172 4189 Sed
2194 4144 2297 4208 quum

313 4207 487 4272 connivere
508 4216 579 4271 erat
600 4207 711 4274 deesse
728 4209 832 4274 officio
850 4218 962 4275 nostro
983 4219 1016 4276 et
1036 4211 1173 4294 prodere
1190 4210 1276 4276 veri·
1327 4211 1428 4275 stulta
1444 4209 1620 4275 ambitione
1641 4229 1728 4274 nuno
1749 4209 1887 4292 ineptiat
1905 4229 1995 4274 nuno
2014 4209 2167 4288 insaniat,
2190 4227 2298 4293 neque

313 4297 430 4356 tatem:
460 4293 488 4357 si
510 4293 581 4375 quis
603 4294 778 4360 excessisse
800 4294 932 4359 modum
959 4296 1134 4374 insimulet,
1163 4295 1276 4360 literae
1326 4316 1379 4360 me
1400 4296 1522 4361 sosium
1539 4291 1670 4359 habebit
1685 4315 1789 4378 neque
1806 4295 2002 4359 ministrum.
2036 4292 2110 4360 Scis
2131 4315 2192 4361 our
2210 4295 2298 4360 male

312 4375 403 4458 ipsae
429 4385 486 4440 aut
512 4398 571 4460 pro
598 4380 691 4444 nobis
719 4387 776 4443 aut
796 4387 908 4444 contra
929 4402 988 4446 nos
1011 4380 1164 4446 iudicent.
1209 4380 1277 4446 Ob·

313 4461 435 4540 iicient,
464 4463 543 4528 alios
570 4465 809 4530 communicare
837 4466 1013 4550 sacrilegiis
1041 4487 1122 4550 quae
1144 4487 1164 4530 a
1184 4467 1276 4531 vobis

313 4545 603 4630 reprehenduntur.
636 4551 794 4614 Vestrum
816 4551 886 4627 erit,
908 4551 980 4616 illos
997 4552 1096 4618 libere
1117 4572 1173 4616 ore
1190 4551 1279 4615 dam-
1429 4545 1460 4611 5)
1476 4547 1594 4602 Asteeis·
1618 4548 1728 4603 Catari
1749 4549 1833 4602 wora·
1853 4563 1952 4602 merea
1977 4554 2036 4603 aar
2058 4547 2146 4602 Am
2167 4548 2204 4602 de
2227 4549 2296 4614 Fu,

315 4651 405 4710 nare,
428 4633 493 4696 imo
513 4641 615 4698 totam
632 4635 840 4718 asperitatem
858 4637 1018 4720 stringere
1038 4640 1073 4702 in
1094 4639 1190 4721 ipsos,
1212 4636 1276 4720 qui,
1328 4616 2174 4755 mflffiamjwffzffiffmffimwi‘ffl
2200 4617 2298 4686 ΜΨ

1329 4755 1442 4809 caldore
1455 4760 1595 4822 poterunt,
1612 4755 1740 4821 foetosae
1757 4760 1783 4808 et
1798 4755 1892 4822 ι’ριιιιιι
1909 4754 2044 4808 Nostrum
2057 4761 2186 4822 petentes.

1431 4823 1459 4884 6)
1478 4823 1641 4877 Ferrarium
1659 4838 1720 4877 cum
1737 4823 1800 4876 ultis
1815 4822 1904 4877 Gellia
1920 4823 2072 4892 relinquere
2089 4829 2199 4878 moraes
2209 4823 2299 4877 Vene-

418 4887 449 4948 2l
469 4885 548 4940 Gallo
566 4887 728 4955 Morpiertse.
763 4889 814 4956 (N.
831 4889 892 4957 419,
911 4895 965 4944 act.
983 4889 1020 4958 3.)
1329 4892 1384 4945 tice
1401 4905 1429 4945 ee
1445 4898 1592 4960 receperat,
1611 4893 1683 4946 ande
1700 4910 1726 4945 a.
1752 4891 1818 4944 1536
1834 4892 2013 4946 mercedem
2029 4893 2126 4960 repieta
2143 4892 2301 4946 Nouercae
2414 4899 2415 4926 l

419 4955 449 5020 3)
468 4953 586 5022 Reliqua
602 4955 634 5008 ic
650 4957 709 5010 edd.
725 4957 923 5012 ᾶιιίάειαιιιιτ.
1330 4965 1361 5014 ιιι
1379 4959 1506 5014 Parisios
1528 4963 1657 5014 reviseret
1678 4961 1705 5014 ei
1727 4975 1881 5014 ιοιιιιιιιιι
1904 4967 1953 5027 eet,
1976 4961 2026 5016 ute*
2041 4963 2166 5041 psalmos
2191 4967 2300 5014 uertere
2414 4955 2415 5000 l

418 5025 449 5084 tl
466 5025 545 5078 Haec
578 5025 715 5090 ρειιιίιιιι
748 5027 785 5082 ud
815 5027 1060 5082 Loacouuersrium
1090 5029 1280 5084 miride-crura
1329 5029 1440 5096 incepit.
1476 5029 1520 5083 De
1539 5035 1728 5098 temporeque
1746 5029 2179 5084 Ommreeeeaoaextce
2198 5035 2302 5084 nom

317 5095 567 5147 ιιωιιιιιιιιι
585 5092 660 5146 eres
676 5094 747 5148 cm
769 5095 951 5151 scaenae
973 5111 1007 5152 ee
1027 5103 1107 5166 pam
1130 5097 1280 5152 αιιιιι.
1331 5097 1500 5151 macana
1517 5113 1587 5165 aare
1603 5097 1784 5152 ιιιιιιιιι.
1803 5099 1862 5152 eea.
1883 5099 1904 5151 ι.
1920 5113 1953 5166 p.
1971 5101 2005 5154 aa
2021 5097 2227 5168 qemun.
2246 5097 2301 5152 ιιι
2414 5079 2415 5160 ζ

318 5160 475 5228 (noua.
489 5180 517 5230 p.
538 5161 610 5229 ιιι.)
1331 5166 1593 5234 mamam
1612 5167 1847 5234 renarrem
1860 5172 1970 5235 paee.
