4910 5974
168 319 229 381 465
1060 320 1140 382 1542
1162 316 1267 385 NOV.
2088 321 2154 387 468

167 525 252 570 nem.
296 503 441 570 Hortstu
467 504 612 588 Philippi
641 503 886 571 mundane
905 511 939 568 et
960 503 1090 569 meet
1106 504 1132 588 ¹)
1182 504 1324 588 aliquam
1346 505 1394 570 nti
1422 506 1588 590 exoogites
1614 525 1656 570 ne
1682 524 1817 588 prorsus
1838 502 2047 654 pereundum
2067 505 2153 572 mihi

167 603 228 672 ego
259 587 379 655 librum
411 589 492 673 legis
520 589 762 656 mahomedieae
790 610 832 655 ex
859 589 988 655 arabiea
1019 587 1133 672 lingua
1182 591 1233 654 sit
1282 589 1358 655 Non
1387 589 1559 656 delirerunt
1588 591 1744 656 haetenus
1771 611 1836 673 spu
1887 611 1946 656 nos
1976 591 2031 672 qui
2061 591 2149 656 ultro

167 681 243 739 ante
262 677 326 740 400
347 695 450 739 annos
471 675 506 738 in
526 675 661 740 latinam
679 674 873 740 translatum
895 681 928 738 et
945 674 985 740 ab
1007 673 1073 738 illis
1091 671 1132 738 sd
1182 675 1281 740 etiam
1302 677 1473 758 peeuniam
1490 697 1583 742 suam
1600 674 1680 740 mihi
1697 685 1811 739 mutuo
1826 673 1966 740 dandam
1984 676 2149 757 offerrent,

166 780 219 824 me
240 759 377 824 missum
398 758 487 842 prelo
506 761 739 839 eommisersm,
761 767 794 824 et
810 758 1004 844 magistratu
1021 767 1131 824 nostro
1182 780 1277 842 saepe
1299 761 1397 825 etiam
1419 782 1484 826 non
1511 761 1629 844 egenti.
1671 760 1743 825 Iam
1770 767 1942 843 postquam
1971 759 2072 826 semel
2098 761 2150 825 in·

167 843 207 910 de
235 865 273 910 eo
299 844 369 927 ipso
390 845 525 910 eertiora
552 846 651 920 laete,
684 867 727 910 an
755 845 790 909 in
818 865 856 910 ee
885 845 967 909 mihi
995 864 1131 928 pergere
1181 845 1321 910 fortunio
1343 845 1519 912 muletatus
1540 867 1622 924 sum,
1651 866 1746 912 nemo
1774 853 1824 912 est
1850 845 1972 911 amiens
1999 846 2093 928 alius,
2115 852 2150 912 et

166 929 287 1008 lieeret,
309 937 343 994 et
367 929 451 994 nihil
478 929 605 996 obstare
625 930 718 1010 dixit,
732 931 760 1016 ²)
789 928 885 1012 idque
906 931 952 994 ita
973 929 1051 994 dum
1074 929 1130 994 ab·
1181 951 1312 996 neeesse
1339 940 1389 996 est
1416 930 1552 996 habeam
1575 931 1695 996 amieos
1721 929 1849 1014 longius
1878 931 2006 996 dissitos
2033 929 2149 1014 implo-

166 1015 346 1081 solveretur
372 1015 465 1080 liber:
518 1015 720 1082 Ouraveram
752 1024 862 1080 autem
900 1015 999 1080 etiam
1034 1011 1131 1078 adiiei
1182 1035 1262 1080 rare.
1306 1015 1420 1098 Neque
1448 1037 1526 1083 vero
1555 1038 1575 1081 a
1602 1023 1636 1080 te
1664 1014 1752 1080 alind
1779 1023 1861 1098 pete,
1890 1035 1988 1098 quam
2016 1016 2043 1080 si
2064 1017 2148 1080 forte

165 1100 402 1166 eonfutstiones
423 1099 566 1166 eiusdem
592 1101 760 1186 legionen
787 1100 906 1164 latinus
934 1100 1046 1176 selum,
1073 1097 1130 1164 sed
1181 1099 1322 1182 aliquem
1340 1122 1450 1167 nosses
1467 1103 1523 1184 qui
1540 1122 1650 1167 esrere
1666 1101 1795 1166 tantula
1810 1100 1982 1184 peouniols
1998 1099 2148 1166 adbreve

166 1192 199 1252 et
216 1184 419 1250 Grasoorum
440 1193 474 1250 et
484 1186 629 1251 Arabum
650 1187 684 1250 in
704 1186 840 1250 latinam
858 1185 1002 1268 linguam
1022 1192 1130 1248 trans·
1181 1193 1311 1267 tempus
1333 1195 1449 1268 posset,
1480 1187 1520 1252 ab
1542 1207 1580 1252 ee
1601 1187 1683 1250 mihi
1712 1206 1807 1268 opem
1835 1185 1925 1250 illam
1947 1185 2146 1268 implorares.

164 1269 263 1348 latas,
292 1291 359 1335 una
385 1291 460 1336 eum
488 1269 623 1336 historia
650 1291 760 1336 rerum
789 1269 986 1336 tureiearum
1008 1291 1027 1334 a
1048 1291 1129 1334 non·
1181 1271 1400 1336 Restituerem
1430 1279 1537 1336 summ
1567 1269 1750 1350 bonafide,
1779 1292 1855 1336 eum
1882 1271 2012 1336 foenore
2039 1271 2147 1350 etiam,

165 1355 271 1439 gentis
294 1356 388 1420 annis
404 1377 507 1438 usque
528 1355 569 1420 ad
591 1366 702 1422 nostra
719 1365 874 1437 tempera.
909 1355 1047 1419 Interim
1069 1355 1130 1438 igi·
1182 1376 1299 1438 nempe
1320 1378 1378 1422 sex
1400 1365 1626 1423 coronatorum
1651 1357 1685 1420 in
1708 1362 1849 1436 eentum,
1878 1357 2056 1421 autetiam
2079 1377 2148 1420 am-

163 1448 220 1505 tur
246 1439 372 1506 invidia
399 1439 617 1522 quorundam,
652 1441 731 1506 mihi
764 1461 805 1505 ex
838 1441 1042 1506 contentione
1074 1439 1130 1504 illa
1182 1441 1275 1522 plius,
1298 1463 1357 1525 pro
1377 1443 1481 1525 spatie
1502 1463 1619 1508 annuo.
1635 1443 1663 1521 ⁶)
1705 1441 1820 1508 Faeies
1839 1461 1892 1506 me
1910 1463 2007 1525 super
2027 1441 2090 1508 hae
2111 1461 2150 1507 re

164 1523 324 1610 graduum
340 1529 366 1604 ⁸)
389 1524 496 1592 adhue
517 1525 602 1590 male
623 1525 811 1604 volentium,
841 1547 1014 1609 persuasus
1036 1545 1129 1590 sena·
1181 1526 1351 1592 eertiorem
1379 1549 1480 1610 quum
1507 1528 1569 1592 erit
1595 1525 1808 1604 eommodum,
1838 1547 1875 1592 ao
1897 1547 1949 1590 me
1979 1526 2038 1592 tibi
2059 1547 2147 1594 eom-

163 1617 226 1688 tus,
245 1609 329 1676 nihil
339 1611 545 1694 pestilentius
561 1632 598 1676 ae
614 1611 860 1694 ignominiosius
877 1611 1021 1674 futurum
1033 1630 1129 1693 quam
1179 1611 1370 1676 mandatum
1382 1611 1524 1692 habebis,
1542 1620 1687 1678 veterem
1705 1611 1828 1678 seilieet
1838 1612 1986 1690 amioum,
2005 1618 2039 1675 et
2056 1613 2148 1678 euius

164 1697 191 1762 si
212 1695 295 1761 liber
317 1695 371 1760 ille
389 1695 544 1778 publieari
563 1696 813 1778 permitteretur,
836 1696 918 1760 mihi
939 1695 1038 1760 libros
1060 1715 1128 1759 om·
1180 1697 1303 1761 servati
1325 1706 1357 1761 te
1378 1719 1444 1763 uon
1462 1698 1564 1776 laoile,
1586 1707 1623 1762 ut
1640 1717 1742 1780 sparo,
1807 1695 1952 1762 enitebit.
1986 1695 2078 1774 Vale,
2100 1696 2148 1760 mi

163 1803 223 1846 nes
243 1780 365 1846 ademit
391 1788 425 1845 et
446 1803 498 1846 me
525 1791 653 1862 praeter
674 1803 768 1845 omne
788 1782 937 1845 maritum
967 1782 1001 1844 in
1023 1800 1127 1845 earea-
1180 1781 1222 1846 D.
1248 1781 1389 1862 Caluina,
1425 1791 1458 1847 et
1484 1783 1571 1850 hune
1599 1803 1725 1865 queque
1814 1783 1923 1847 mium
1960 1781 2014 1864 qui
2046 1780 2145 1847 husee

164 1887 233 1931 rem
260 1867 405 1932 eonieeit
418 1865 448 1948 ⁴)
492 1865 609 1932 Adhue
637 1867 737 1950 igitur
765 1867 864 1931 libros
896 1865 944 1930 illi
976 1865 1063 1948 apud
1094 1885 1129 1930 se
1180 1865 1499 1948 tibiliterasaffert,
1525 1869 1637 1950 siqua
1663 1868 1699 1930 in
1726 1888 1761 1932 re
1780 1868 1862 1931 eitra
1882 1865 2064 1932 molestiam
2086 1872 2144 1932 aut

164 1951 322 2030 detinent,
349 1958 383 2016 et
410 1970 470 2035 ego
495 1958 582 2017 sorte
609 1973 682 2016 mes
710 1972 776 2016 una
803 1971 875 2016 eum
902 1973 1002 2017 usura
1029 1971 1129 2015 eareo.
1179 1951 1417 2018 incommodum
1439 1961 1532 2019 tuum
1553 1953 1667 2018 invare
1688 1959 1787 2034 potes,
1808 1973 1880 2016 meo
1902 1953 2033 2018 nomina
2054 1971 2142 2017 eom·

163 2037 258 2102 Haeo
279 2057 332 2102 ree
352 2037 400 2102 ita
421 2057 473 2102 me
500 2037 637 2102 eonfeeit
657 2037 823 2114 haetenus,
849 2043 886 2100 nt
906 2035 982 2118 quid
1004 2037 1128 2114 faeiem,
1179 2037 1367 2103 mandatum
1390 2038 1482 2104 habe.
1526 2038 1676 2104 Basileae
1702 2041 1747 2102 10.
1770 2036 1964 2102 Novembris
1990 2039 2079 2100 1542.

164 2143 228 2204 quo
246 2144 298 2186 me
315 2130 451 2198 vertam,
472 2121 568 2206 plane
586 2122 735 2186 neseiam.
770 2121 938 2204 Insnmpsi
956 2121 989 2186 in
1007 2121 1128 2185 librum

164 2207 252 2274 hune
281 2205 508 2272 excudendum
535 2206 675 2290 amplius
702 2227 799 2289 quam
827 2211 890 2271 400
918 2207 1067 2284 florenos,
1096 2212 1129 2269 et

163 2293 230 2356 iam
250 2291 353 2357 nihilo
379 2293 483 2358 secius
504 2292 639 2358 reddere
666 2292 732 2358 illis
759 2300 895 2374 eportet,
923 2293 1040 2373 quibus
1068 2311 1128 2374 ego

163 2376 262 2442 fidem
284 2397 390 2442 meam
411 2377 578 2443 obstrinxi.
622 2377 726 2442 Nemo
748 2377 872 2459 estqui
893 2374 934 2440 ob
957 2375 1128 2460 indignum

164 2483 276 2528 essum
302 2462 397 2526 illum
422 2461 538 2528 saltem
559 2463 688 2546 longius
708 2462 838 2526 differre
859 2461 1016 2526 ereditum
1037 2461 1126 2526 velit.

164 2548 210 2612 Et
236 2548 294 2630 qui
320 2546 459 2613 libenter
479 2548 561 2612 mihi
589 2547 740 2614 adessent
767 2547 828 2612 hae
855 2547 891 2610 in
912 2567 957 2623 re,
986 2553 1025 2610 ut
1051 2553 1129 2612 sunt

164 2633 279 2714 optimi
300 2632 418 2716 quique
438 2632 501 2708 hie,
530 2633 553 2696 ii
580 2633 789 2699 faeultatibus
816 2630 1045 2696 destituuntur.
1089 2629 1128 2696 Si

165 2718 274 2784 solum
301 2719 441 2784 amioum
470 2718 610 2802 aliquem
636 2738 764 2784 nossem
792 2717 931 2800 qni100
960 2723 1128 2781 coronatos
1621 2765 1686 2834 43⁰

165 2803 248 2868 mihi
265 2802 307 2868 ad
324 2803 402 2868 anni
419 2805 559 2886 spatium
576 2802 730 2879 erederet,
748 2802 842 2868 faeile
857 2822 910 2866 me
926 2802 1127 2866 extriearem.
1687 2813 1697 2838 0

165 2888 251 2954 Nam
272 2887 364 2953 brevi
380 2909 433 2954 me
453 2909 547 2970 spero
569 2888 775 2972 privilegium
795 2907 982 2952 eaessreum
998 2886 1129 2952 habitu·
1441 2901 1673 2968 GALVINUS
1696 2899 1880 2968 vuemo,

165 2995 239 3039 rum
261 2971 304 3038 ad
325 2972 479 3039 Aleorani
500 2973 588 3038 illius
609 2972 830 3039 venditionem
851 2972 994 3038 liberam.
1035 2973 1128 3050 Tum,

165 3079 268 3141 spero,
290 3079 366 3124 mox
386 3080 439 3124 me
460 3057 655 3142 reeelligem.
688 3059 733 3123 Et
754 3059 788 3156 in
810 3059 871 3156 hee
891 3057 957 3155 iam
979 3063 1129 3124 versatur
1267 3071 1438 3139 (maium
1459 3073 1583 3138 ,prm
1600 3071 1773 3156 mam·
1794 3070 1902 3136 „bewe
1917 3089 1980 3150 pre
2001 3074 2143 3150 ⁸⁶⁴an-

165 3146 212 3209 rei
230 3143 327 3210 osrdo
346 3158 393 3224 ut,
414 3145 669 3227 quamprimum
688 3143 894 3227 privilegium
915 3141 997 3206 illud
1014 3149 1129 3208 neotus
1181 3157 1328 3226 Iacobum
1348 3158 1445 3224 „imis
1464 3157 1596 3223 monitor
1624 3161 1787 3222 tractam
1809 3153 1953 3236 perhibet.
2000 3154 2145 3236 Qaeitm

166 3229 271 3304 fuero,
300 3229 377 3294 libri
403 3227 565 3295 vendendi
593 3237 735 3312 potestas
763 3229 864 3294 etiam
892 3249 913 3294 a
937 3228 1129 3309 magistratu
1180 3245 1218 3310 αθ
1241 3243 1502 3310 Momm,
1545 3241 1634 3326 Erya
1657 3241 1845 3307 Remmia
1865 3243 2004 3304 amatam
2025 3239 2145 3304 eordate

1508 2173 1555 2240 Io.
1577 2171 1751 2257 Oporinus,
1773 2179 1913 2272 tuusex
1936 2173 2054 2251 animo,

1724 2267 1763 2322 ut
1783 2265 1877 2324 nostr.

1691 2551 1760 2558 ...ο-

166 3323 276 3380 ¹¹⁰⁸t1'0
307 3315 389 3378 mihi
417 3316 483 3380 fiai·
498 3317 527 3391 6)
570 3315 636 3381 ffi⁰
664 3335 724 3398 ⁰8⁰
749 3325 842 3378 Μ]
870 3313 1041 3380 ⁰⁰ss⁸ffi¹¹m
1068 3313 1129 3411 im:
1175 3329 1401 3411 procedendum
1422 3329 1510 3394 docet.
1547 3327 1693 3394 Socerum
1712 3326 1826 3408 fratris
1843 3325 1882 3390 ab
1902 3325 2021 3389 iniuste
2042 3323 2144 3389 erimi-

166 3401 266 3482 ploro,
288 3401 333 3464 mi
347 3399 389 3464 D.
404 3399 540 3478 Galatea
563 3401 591 3466 si
613 3399 680 3466 ulle
700 3407 795 3482 paeto
817 3409 918 3482 potes,
939 3399 1028 3466 viam
1048 3397 1131 3462 mihi
1180 3416 1303 3482 mm
1322 3415 1466 3481 „qnam
1513 3412 1677 3480 smflm
1698 3416 1726 3476 er
1749 3410 1937 3494 famiam
1957 3414 2048 3474 notat

169 3547 368 3555 ——-.-.--=

1181 3585 1293 3652 (liutet
1315 3601 1396 3638 mann
1419 3583 1560 3637 lenvillaei
1584 3584 1685 3652 seripte
1701 3582 1729 3634 in
1747 3580 1811 3635 Cod.
1829 3579 1929 3634 Gener.
1948 3578 2019 3631 111⁸.
2040 3579 2086 3632 fol.
2103 3577 2145 3646 28,

185 3635 249 3697 435·
269 3635 299 3700 1)
324 3637 389 3692 W‘
409 3637 513 3704 ΟΜ
533 3635 594 3699 Res·
618 3635 646 3690 T·
667 3637 696 3690 V·
710 3652 739 3704 Ρ·
759 3635 799 3688 10
835 3633 1131 3718 H‘fssfflbfflbfl'l‘dff
1182 3659 1210 3706 et
1233 3654 1307 3723 typis
1330 3669 1345 3706 e
1383 3668 1465 3718 resse,
1489 3652 1537 3706 sed
1560 3667 1592 3704 ex
1635 3656 1693 3704 erte
1718 3655 1831 3718 tantum,
1856 3648 1897 3702 ed.
1921 3647 2022 3702 Gener.
2040 3665 2067 3718 p.
2085 3646 2145 3716 369,

168 3705 224 3758 aed
241 3705 290 3760 der
308 3705 406 3760 Koron
429 3721 477 3760 eor
500 3703 559 3760 dem
584 3702 673 3758 moa
696 3720 731 3758 re
755 3703 841 3768 Burei,
867 3720 897 3757 en
920 3704 947 3758 d.
969 3703 1057 3758 Beetr.
1079 3717 1131 3756 eur
1181 3723 1260 3776 Lm·
1283 3739 1309 3791 p,
1410 3721 1514 3774 flam,
1533 3737 1560 3788 p,
1582 3669 1641 3784 22ss,
1665 3717 1769 3772 Ohouet
1791 3735 1816 3786 p,
1839 3715 1897 3784 pop¹
1920 3717 2009 3771 me,
2028 3734 2054 3785 p,
2072 3715 2145 3782 231)

168 3775 260 3828 merl.
281 3773 374 3828 Gescla
397 3773 426 3826 T.
445 3772 500 3827 IX.

269 3841 300 3908 ἓ)
320 3841 435 3896 Senum
453 3841 539 3896 Basti.
563 3839 683 3894 Larem
706 3841 868 3906 φασι-ὥσπε,
887 3840 970 3907 plene
992 3837 1071 3892 elder
1093 3840 1129 3892 le·

169 3913 268 3982 saiw»
286 3911 348 3964 esee
365 3909 487 3978 quu
505 3909 521 3962 1·
539 3911 556 3962 l·
574 3924 600 3974 a·
618 3906 677 3960 29⁸·
1265 3909 1338 3973 Non
1356 3915 1431 3991 peto
1448 3913 1486 3972 ut
1502 3907 1658 3990 ignoscas,
1681 3905 1857 3971 sibrevius
1875 3911 1908 3968 et
1924 3901 2145 3986 perturbatius

209 4049 214 4060 ·
268 3977 299 4040 3)
316 3977 380 4032 ΗΜ
396 3977 438 4058 “d-
455 3977 665 4058 mmm
688 3975 843 4056 mal-'⁸⁴¹
865 3975 957 4056 dm
979 3967 1132 4027 Mam
1181 3994 1239 4060 tibi
1272 3993 1419 4071 seribam,
1456 4012 1554 4074 quam
1590 4013 1642 4058 res
1671 3990 1858 4074 postularet.
1913 3989 2024 4053 Habes
2056 3989 2144 4052 enim

253 4063 301 4128 'm
326 4043 712 4181 ffefflffffffissffi
729 4118 755 4166 π
808 4059 881 4181 013⁸
891 4039 1131 4178 &mm
1181 4100 1287 4144 meam
1319 4079 1574 4156 exeusationem,
1607 4094 1705 4161 quem
1736 4075 1796 4141 tibi
1828 4074 1975 4140 sulficere
2007 4071 2141 4138 eonfido.

168 4187 283 4241 eseam
311 4183 427 4238 edem.
474 4183 579 4251 ραῶιιι
606 4181 767 4236 ouem
791 4196 825 4236 ee
853 4181 978 4236 aeneas
1000 4179 1131 4247 partebus
1180 4163 1395 4248 Respondebo
1416 4171 1524 4228 tamen
1547 4159 1587 4226 ad
1616 4161 1744 4245 singula
1765 4159 1918 4243 epistolae
1940 4167 2016 4221 tuae
2037 4158 2144 4240 eapite

170 4255 327 4336 ΜΜΨ»
347 4253 507 4332 &emma
521 4251 579 4306 ‘⁸¹¹⁸'-
605 4251 740 4316 ΒΜ,
758 4250 849 4328 ‘lam‘
864 4264 940 4304 mc
956 4263 1037 4303 vm
1049 4247 1129 4302 Alw·
1180 4251 1292 4334 pauois
1320 4249 1435 4316 verbis.
1478 4249 1531 4312 De
1553 4246 1679 4314 Farelle
1706 4246 1740 4310 id
1765 4247 1871 4328 ipsum
1899 4243 1980 4307 mihi
2008 4243 2143 4308 nuncia-

169 4341 233 4379 m*
251 4323 339 4377 ‘m'
360 4321 415 4388 fao
431 4319 604 4385 Bfflm’
628 4323 840 4373 mmmm
862 4317 938 4372 mam
952 4317 1047 4370 sedare
1071 4321 1128 4370 ’ω’
1180 4345 1273 4402 verat
1287 4336 1445 4400 Tossonas
1461 4331 1546 4415 qnod
1568 4334 1690 4398 seribis.
1707 4333 1732 4414 ¹)
1765 4331 1879 4412 Itaque
1900 4329 1965 4392 ium
1986 4328 2143 4410 quietiore

168 4394 299 4518 madi
320 4458 416 4512 Totam
437 4455 573 4524 messam
594 4454 687 4520 farier
707 4459 827 4506 naneae
847 4458 960 4522 praeter
980 4451 1129 4522 fimas.
1181 4441 1253 4486 sum
1275 4421 1390 4486 animo.
1425 4417 1521 4500 Quod
1542 4427 1651 4484 autem
1674 4415 1713 4482 de
1734 4415 1929 4499 profectione
1950 4413 2142 4496 eogitabam,

168 4530 268 4594 aiam,
287 4526 425 4592 sember,
442 4540 494 4580 aar
510 4523 609 4577 Butler
625 4522 978 4590 Bamdraekerpercbiehte,
996 4523 1028 4575 ia
1043 4522 1130 4576 Beier.
1181 4526 1248 4570 non
1280 4505 1342 4571 alio
1374 4502 1546 4587 spectabat,
1579 4505 1642 4570 nisi
1674 4511 1713 4568 ut
1743 4503 1778 4564 in
1806 4498 1983 4566 Germania
2012 4519 2142 4564 eausam

167 4599 213 4651 111.
232 4595 274 4650 81.
292 4593 468 4660 sentosa,
491 4593 528 4646 M
618 4591 668 4644 316
685 4605 724 4648 ⁸⁸·
741 4590 790 4644 351
814 4605 849 4644 ⁸⁸·
877 4591 1036 4657 Pmsslom',
1060 4590 1128 4644 Βία·
1180 4610 1411 4674 promoverem,
1433 4595 1467 4652 et
1488 4589 1689 4656 Metensibus
1710 4586 1791 4668 ipsis
1812 4583 1962 4649 adderem
1985 4585 2141 4663 animum,

167 4667 256 4735 uapor
272 4663 330 4718 3¹¹·
369 4662 483 4718 ΡΜ*
492 4729 497 4740 .
535 4661 679 4740 “mm
695 4660 787 4727 ΨΜ
802 4659 935 4726 s““⁶⁰'‘⁸r
959 4659 1128 4728 lem'l‘m’
1179 4697 1222 4742 ne
1244 4677 1279 4741 in
1301 4677 1381 4741 bona
1402 4694 1500 4739 eausa
1519 4673 1597 4740 adeo
1615 4670 1744 4738 timidos
1765 4691 1801 4736 se
1818 4666 2033 4734 ostenderent
2074 4667 2144 4736 Sed

167 4734 336 4800 Bonnam,
355 4737 402 4786 ete.
420 4745 538 4785 mameae
551 4729 711 4784 Tarracenses
722 4734 747 4782 et
758 4728 1000 4796 Arqeateratenaes
1018 4743 1130 4782 eausam

171 4803 292 4872 opereat
323 4817 371 4869 ap.
398 4800 598 4868 uquam
620 4798 818 4852 meamea.
862 4797 970 4850 usum
995 4801 1035 4850 aa
1059 4797 1086 4850 a.
1111 4795 1128 4849 ι.
1180 4830 1382 4842 ..-

171 4871 324 4940 werinum
341 4869 374 4924 de
391 4867 556 4924 Bsbliendro
572 4867 682 4922 manuae
699 4873 796 4921 meere.
1037 4930 1042 4942 Ι
1806 4922 1811 4934 Ι
1985 4909 1994 4930 ,
2025 4922 2030 4933 Ι

169 5008 237 5062 1550
253 4937 430 5074 aldit
451 4935 768 5074 {dmm
785 4934 951 5058 dam
967 4936 1130 5054 tabat
1179 5003 1204 5052 a
1225 4927 1480 5052 mallim
1495 4941 1667 5050 alm
1678 4921 2141 5058 lademund

167 5076 284 5132 aare
320 5051 404 5141 seer,
420 5071 902 5142 praedamnamur.
927 5069 998 5123 nez.
1020 5066 1127 5147 usse.
1178 5067 1299 5122 meas.
1490 5133 1495 5144 ‚
1559 5131 1564 5142 ,
1888 5127 1893 5138 ,

170 5094 349 5214 Medera
368 5143 496 5199 Caesarie
512 5141 626 5196 nonnisi
641 5141 673 5194 e'a
691 5141 785 5220 priore
802 5139 918 5194 editione
934 5142 1031 5219 aaut,
1050 5151 1129 5192 aem
1196 5137 1260 5196 436.
1281 5135 1308 5194 l)
1328 5131 1371 5188 De
1389 5131 1494 5213 Furelle¹
1509 5131 1577 5197 fetes
1595 5129 1764 5184 eleemon
1778 5129 1865 5198 piare
1881 5125 1966 5192 safra
2001 5125 2058 5182 Hb:
2074 5142 2140 5184 eoa·

168 5213 339 5284 prusdiom'
355 5211 518 5267 Bsbb'onder
534 5210 561 5266 d.
579 5211 621 5264 20.
639 5209 773 5264 Iumeaeee
791 5209 857 5264 1548
873 5209 1040 5276 subsespsst.
1178 5205 1254 5272 ferae
1270 5217 1340 5273 qaue
1357 5201 1435 5257 babet
1452 5199 1617 5266 Kerebbofer
1631 5214 1663 5268 p.
1680 5197 1723 5252 bl.

272 5299 382 5356 Gdee'ne'
396 5313 486 5366 opero.
527 5295 582 5350 Vol.
602 5293 656 5348 XI.
1903 5279 1937 5334 30
