4898 5970
1100 251 1362 323 EPIS'POLAE
1384 256 1445 322 tat
2207 253 2270 318 660

283 259 349 324 otc

283 444 372 526 tatis,
385 443 413 526 2)
434 440 493 510 666
512 439 660 508 nondum
681 462 781 510 66666
800 441 911 510 audita
932 449 983 510 666
1004 461 1114 508 coram
1135 441 1251 508 iudice.
1303 460 1376 508 care
1404 439 1518 506 multis
1546 460 1627 524 opus
1654 447 1706 506 est
1734 439 1953 517 caeremoniis,
1982 445 2023 504 ut
2047 445 2202 508 caveatur
2227 461 2270 508 ne

262 527 368 610 .Quis
395 534 506 592 autem
534 527 606 594 fons
634 526 732 593 huius
760 526 827 593 litis
854 529 906 606 sit,
920 529 949 605 Ι6)
981 527 1093 611 paucis
1125 526 1250 608 accipe:
1302 548 1383 608 quas
1403 531 1523 592 vocant
1543 524 1633 592 urbis
1659 523 1825 590 libertates
1847 532 1880 590 et
1905 524 2077 608 privilegia
2097 524 2268 591 violentur.

285 611 401 678 deinde
436 610 515 695 quid
546 611 676 678 Bernao
709 621 819 678 actum
857 613 900 678 sit
938 611 1058 678 audies.
1113 611 1252 678 Veteres
1301 611 1482 696 Postquam
1505 619 1615 676 autem
1635 609 1759 676 frustra
1779 611 1925 694 quaesita
1942 631 2007 676 666
2029 617 2106 676 sunt
2126 611 2271 690 inventa,

284 706 414 763 nostras
443 696 591 780 querelas
613 696 653 763 de
674 697 925 764 scortationibus
945 704 979 763 66
999 697 1168 762 adulteriis
1188 696 1251 760 im·
1301 695 1398 780 culpa
1427 697 1533 760 omnis
1561 696 1706 761 reiicitur
1731 695 1767 761 in
1789 697 1965 776 ministros,
1994 695 2049 778 qui
2076 693 2117 760 ad
2143 694 2269 762 levissi-

283 783 415 866 punitis,
446 803 512 847 nou
545 783 684 866 ignoras.
736 783 939 866 Conquestus
971 803 1044 848 sum
1076 780 1251 866 aliquando
1301 803 1392 847 mum
1415 801 1575 865 quemque
1596 802 1761 847 rumorem
1790 781 1883 846 facile
1904 779 2146 846 tumultuantur
2167 789 2202 847 et
2221 782 2269 846 in·

282 887 343 952 pro
364 874 522 952 suggestu
543 867 578 932 in
599 867 731 950 publica
752 867 1019 1016 666616663666
1041 875 1109 933 tam
1130 867 1251 950 leprosi
1301 867 1507 934 candescunt.
1552 865 2268 950 06666166661666666666661666666666-

283 959 395 1019 essent
414 961 451 1016 66
468 953 550 1017 nihil
569 953 728 1018 sentirent
744 973 886 1035 prorsus,
908 974 928 1018 a
951 973 988 1018 eo
1005 961 1042 1018 ut
1058 951 1251 1018 viderentur
1301 955 1365 1018 tari
1394 953 1577 1036 negotium,
1607 950 1691 1036 quod
1719 953 1958 1035 suspicaremur
1986 951 2094 1034 aliqua
2115 973 2156 1018 ex
2177 961 2270 1035 parte

283 1037 497 1121 obstupuisse.
541 1035 648 1120 Saepe
669 1037 774 1102 multa
795 1037 863 1103 dixi
889 1059 1009 1122 magna
1030 1038 1188 1116 libertate,
1217 1045 1251 1102 et
1300 1060 1370 1103 rem
1391 1037 1555 1120 pertinere
1577 1037 1618 1104 ad
1644 1037 1800 1119 quosdam
1821 1038 1886 1120 qui,
1914 1037 1942 1102 si
1971 1035 2126 1102 audirent
2147 1037 2209 1102 hac
2231 1037 2271 1104 de

282 1124 431 1190 invectus
463 1143 536 1188 sum
566 1123 722 1189 acerrime
753 1124 789 1187 in
819 1123 949 1206 publica
980 1124 1062 1190 vitia
1089 1131 1123 1187 66
1154 1143 1250 1188 omne
1299 1145 1336 1188 re
1357 1121 1538 1203 deliberari,
1566 1123 1648 1188 forte
1670 1144 1690 1188 a
1710 1123 1871 1190 consuetis
1893 1123 2018 1190 artibus
2043 1144 2110 1189 nou
2132 1125 2272 1192 66661616-

282 1207 452 1273 hominum
474 1229 586 1292 genus,
609 1209 731 1274 nemini
752 1229 898 1290 parcens.
942 1210 989 1274 At
1010 1229 1139 1291 semper
1159 1215 1252 1273 muta
1301 1218 1383 1274 sent.
1437 1202 1568 1274 Pladuit
1600 1229 1677 1292 ergo
1709 1209 1897 1274 consistorio
1930 1230 2001 1274 rom
2033 1211 2121 1274 intra
2152 1233 2272 1294 paucos

282 1295 400 1358 omnia.
454 1293 559 1359 Nemo
590 1293 672 1358 mihi
703 1294 842 1358 verbum
879 1292 1015 1359 faciebat
1047 1294 1108 1359 etsi
1140 1294 1250 1358 animo
1302 1293 1470 1372 contineri,
1493 1302 1530 1358 ut
1552 1295 1642 1376 prius
1663 1293 1741 1360 dixi.
1778 1293 1905 1360 Horum
1922 1293 2064 1374 consilio,
2086 1295 2175 1362 inter
2192 1318 2271 1381 quos

283 1379 498 1463 cingerentur.
553 1377 626 1443 Non
659 1377 795 1444 deerant
826 1379 929 1445 aculei
961 1379 1157 1454 acutissimi,
1193 1376 1250 1443 sed
1302 1400 1368 1444 nou
1390 1379 1564 1444 defuerunt
1585 1379 1707 1464 aliquot
1728 1379 1851 1444 cordati
1872 1381 1945 1458 viri,
1965 1381 2072 1448 iussus
2094 1391 2145 1446 est
2166 1383 2272 1448 viator

282 1463 413 1543 1666666,
443 1462 544 1528 donec
570 1464 702 1546 propius
729 1464 770 1528 ad
792 1485 862 1529 rem
884 1472 1020 1530 ventum
1043 1473 1100 1530 est.
1145 1464 1249 1529 Oura·
1301 1465 1431 1550 ingredi
1454 1474 1631 1530 scortorum
1655 1463 1760 1544 aedes,
1790 1472 1823 1530 et
1848 1465 1885 1530 16
1906 1465 2087 1532 consistorii
2108 1487 2271 1534 carcerem

283 1549 398 1622 vimus,
426 1549 599 1614 autoritate
620 1550 813 1628 consistorii,
843 1547 962 1615 additis
983 1550 1082 1614 etiam
1104 1570 1179 1614 oum
1199 1569 1250 1614 se·
1302 1549 1445 1632 primum
1466 1547 1603 1627 detrudi,
1632 1559 1803 1634 praetextu
1831 1551 2033 1618 scortationis
2056 1560 2089 1616 66
2109 1551 2270 1632 adulterii,

283 1635 449 1699 natoribus
475 1635 749 1699 consistorialibue
777 1635 899 1701 civium
927 1635 1084 1718 magistro
1107 1642 1140 1699 et
1161 1655 1179 1700 e
1200 1655 1251 1700 se·
1301 1657 1439 1718 quorum
1459 1637 1607 1702 oouviota
1618 1637 1648 1717 ⁴)
1677 1637 1756 1701 satis
1778 1637 1953 1702 constabat.
1996 1635 2125 1702 Deinde
2143 1639 2172 1702 si
2195 1638 2272 1722 quid

240 1719 242 1722 ’
282 1720 410 1784 66661661
432 1728 548 1784 senatu
569 1720 767 1804 praecipuis,
797 1729 904 1786 scorta
932 1720 996 1785 duo
1023 1721 1059 1784 in
1088 1741 1250 1786 carcerem
1302 1729 1387 1786 esset
1418 1719 1506 1786 aliud
1544 1721 1775 1804 inquirendum
1807 1723 2016 1805 magistratus
2048 1723 2155 1789 civilis
2196 1744 2272 1792 suas

283 1803 493 1870 detrudendo.
529 1804 680 1870 Alterum
702 1803 876 1887 quodiam
897 1807 932 1870 in
955 1805 1105 1870 exsilium
1127 1805 1250 1886 relega·
1302 1813 1411 1889 partos
1440 1813 1560 1891 ageret
1606 1805 1662 1874 Sic
1690 1828 1742 1872 res
1772 1809 1947 1891 peragitur.
1991 1809 2057 1874 Ubi
2085 1809 2139 1876 616
2161 1831 2271 1875 rumor

283 1899 352 1955 tum
374 1889 489 1968 iuerat,
511 1889 653 1955 redierat
674 1899 783 1955 tamen
805 1897 841 1954 in
858 1891 982 1970 urbem,
1006 1897 1040 1955 et
1057 1890 1143 1955 domi
1165 1889 1250 1973 apud
1301 1891 1453 1976 pervenit
1474 1891 1515 1957 ad
1536 1911 1630 1957 aures
1658 1899 1873 1958 scortatorum
1895 1899 1927 1958 66
1949 1891 2170 1960 adulterorum
2193 1916 2271 1978 quo·

280 1987 420 2039 matrem
448 1975 623 2058 pristinum
655 1975 794 2059 lupanar
823 1975 928 2042 denuo
958 1983 1119 2054 erexerat,
1152 1975 1250 2059 idque
1301 1976 1449 2055 6666666,
1484 1976 1571 2042 66666
1599 1978 1721 2041 mirum
1753 1999 1833 2060 quas
1866 1979 2023 2062 querelas,
2056 1999 2136 2062 quas
2165 1983 2271 2046 minas

280 2062 347 2124 iam
370 2069 447 2125 ante
467 2081 598 2126 menses
620 2060 751 2144 aliquot.
795 2061 836 2126 Id
863 2081 922 2127 nos
945 2081 1010 2126 non
1032 2060 1163 2139 latebat,
1193 2060 1249 2125 sed
1301 2061 1490 2128 audivisses.
1530 2061 1725 2142 Queruntur
1746 2063 1866 2128 violata
1887 2065 2027 2130 civitatis
2047 2065 2129 2132 iura.
2170 2065 2272 2132 Soda-

280 2165 377 2210 nemo
399 2146 541 2212 curabat.
585 2145 737 2211 Alterum
766 2145 858 2212 nobis
880 2155 1016 2212 venerat
1036 2148 1072 2210 in
1093 2147 1249 2230 suspicio-
1301 2148 1377 2214 litas
1406 2167 1503 2230 quarn
1532 2157 1653 2212 vocant
1674 2147 1846 2229 abbatiam,
1874 2170 1956 2232 quae
1978 2171 2013 2214 66
2036 2149 2151 2235 dignos
2173 2151 2271 2217 habet

281 2251 356 2296 uem
385 2231 481 2295 malis
509 2230 634 2297 artibus
661 2233 823 2314 procurati
852 2233 997 2298 abortus:
1027 2251 1088 2296 666
1116 2231 1251 2296 deerant
1301 2233 1485 2311 monachos,
1503 2233 1626 2300 scilicet
1643 2233 1846 2300 iuventutem
1863 2246 1896 2298 et
1914 2237 2105 2318 praesertim
2120 2238 2178 2319 qui
2195 2245 2274 2303 sunt

281 2317 486 2382 coniecturae
518 2327 553 2380 et
583 2328 785 2400 argumenta.
836 2317 922 2382 Nam
954 2318 991 2383 in
1023 2318 1250 2384 consistorium
1301 2318 1538 2398 insolentiores,
1568 2326 1773 2385 convocatur.
1787 2318 1815 2402 ⁵)
1858 2319 1995 2386 Iubetur
2023 2321 2161 2404 populus
2195 2343 2271 2389 oon·

282 2410 395 2466 vocata
416 2401 503 2483 lupa,
533 2402 596 2466 ctsi
617 2410 732 2466 venter
757 2401 851 2467 valdo
877 2403 1094 2480 intumuisset,
1123 2424 1160 2469 ao
1181 2424 1249 2468 om·
1302 2405 1414 2470 venire
1436 2402 1478 2467 ad
1500 2404 1672 2470 concilium
1694 2406 1884 2470 marimum.
1929 2407 2094 2486 Pulsatur,
2117 2409 2271 2473 conveni·

282 2486 373 2550 nium
394 2485 512 2551 iudicio
530 2485 666 2570 gravida
684 2495 877 2566 censeretur,
900 2490 1034 2572 negavit
1055 2496 1167 2552 tamen
1188 2487 1249 2551 im·
1302 2497 1364 2554 tur.
1410 2487 1560 2568 Ocniiois,
1590 2491 1712 2572 opinor,
1739 2491 1855 2573 quibus
1878 2491 2079 2575 argumentis
2100 2495 2155 2576 qui
2176 2513 2271 2576 prae-

281 2569 517 2652 pudontissime
549 2592 584 2636 se
617 2593 687 2637 esse
719 2572 897 2656 gravidam.
942 2572 1031 2654 Quid
1059 2574 1113 2638 hio
1147 2572 1248 2668 agas?
1302 2575 1390 2660 cipui
1423 2583 1517 2640 66666
1554 2575 1683 2639 1666166
1715 2585 1839 2642 actores
1877 2575 2004 2658 plebem
2043 2577 2271 2645 dementarent

281 2657 495 2738 Puerperium
518 2657 774 2739 exspectandum
796 2665 854 2724 est.
890 2658 1031 2723 Vetatur
1051 2660 1133 2724 urbe
1154 2679 1249 2724 exoa·
1303 2667 1474 2742 praetextu
1500 2661 1698 2726 libertatum.
1743 2661 1817 2726 Non
1846 2667 2023 2745 potuerunt
2051 2669 2161 2729 tamon
2188 2685 2272 2730 6666-

282 2741 358 2806 dere
380 2749 439 2806 aut
460 2741 569 2824 aliquo
596 2763 630 2807 se
652 2743 794 2825 recipere
824 2750 900 2809 ante
921 2751 1050 2828 tempus
1069 2744 1250 2828 praescrip·

282 2837 360 2891 tum.
404 2827 641 2908 Exspectamus
662 2835 798 2910 tempus.
842 2829 967 2896 Uterus
995 2837 1130 2914 apparet
1158 2829 1250 2894 detu-

281 2912 402 2977 muisse
424 2912 615 2977 certissimis
637 2914 732 2992 notis,
755 2923 789 2980 et
809 2914 905 2998 longe
928 2915 1011 2980 alius
1029 2937 1126 2998 quam
1148 2915 1249 2997 prius.

281 2995 333 3062 De
345 3018 455 3146 (fuero
478 2997 561 3061 nihil
591 2999 710 3063 rescire
737 3020 923 3081 possumus,
953 3000 1056 3066 donec
1083 3001 1250 3082 insperato

281 3103 343 3164 quo
367 3102 419 3146 666
451 3082 608 3148 miraculo
639 3085 676 3148 in
708 3105 803 3150 aures
835 3093 963 3152 nostras
995 3087 1145 3168 pervenit
1172 3083 1250 3168 quid

281 3163 458 3248 accidisset,
487 3167 584 3250 idque
605 3189 717 3234 eorum
739 3170 858 3236 nuncio
880 3171 934 3252 qui
959 3171 994 3234 in
1016 3171 1131 3236 castris
1152 3170 1251 3253 regiis

281 3253 473 3318 audiverant
501 3253 541 3318 ab
570 3254 610 3318 iis
639 3255 695 3336 qui
723 3275 798 3320 cum
830 3255 944 3322 scortis
976 3255 1041 3322 illis
1070 3255 1252 3322 habuerant

281 3339 482 3416 commercia,
515 3338 633 3421 quibus
660 3339 828 3422 explorata
856 3347 950 3406 erant
977 3341 1095 3417 omnia,
1129 3341 1250 3424 quique

281 3424 322 3492 ob
363 3424 507 3490 raeolara
524 3444 584 3488 sua
603 3425 747 3490 facinora
764 3446 829 3490 non
847 3425 969 3491 audent
984 3426 1101 3492 urbem
1117 3427 1247 3494 intrare

281 3509 323 3570 V'
349 3530 384 3574 es
408 3518 445 3574 ut
466 3509 587 3574 veritas
608 3509 710 3575 latere
731 3531 797 3574 non
819 3512 928 3593 possit.
971 3511 1135 3577 Audimus
1157 3511 1250 3576 abor·

281 3595 373 3659 611666
402 3601 475 3678 post
501 3593 653 3659 balneum
683 3603 834 3676 scortum,
863 3607 905 3674 et,
934 3605 971 3661 ut
991 3597 1170 3662 verisimile
1191 3603 1250 3674 est,

282 3679 397 3744 balneo
417 3687 629 3761 procuratum
647 3679 804 3746 abortum.
840 3682 930 3747 Puer
947 3682 1084 3748 vivusne
1102 3702 1143 3746 an
1164 3689 1251 3746 totus

282 3771 431 3832 66666666
452 3762 559 3830 editus
581 3766 680 3830 sitin
701 3766 816 3846 lucem,
837 3788 905 3832 non
923 3769 1002 3833 satis
1019 3774 1155 3834 constat
1191 3766 1251 3833 Se-

282 3850 411 3932 pultum
433 3857 567 3914 constat.
603 3851 754 3916 Alterum
776 3873 902 3935 quoque
923 3859 1068 3918 66666666
1089 3851 1252 3918 abortivos

282 3937 350 4000 iere
382 3956 511 4018 semper
539 3933 685 4000 ediderat
712 3957 779 4001 666
811 3939 881 4003 6166
914 3937 1026 4002 eadem
1060 3939 1252 4022 suspicione.

284 4021 387 4086 Anxii
407 4041 520 4086 sumus
546 4019 624 4102 quid
652 4021 695 4086 sit
720 4022 892 4106 agendum.
937 4021 976 4089 Si
997 4044 1066 4088 rem
1089 4024 1254 4106 aperimus

285 4106 344 4170 toti
366 4107 504 4184 senatui,
534 4105 710 4172 metuimus
732 4127 773 4172 ne
795 4107 887 4173 nobis
909 4107 1034 4174 accidat
1055 4107 1141 4191 quod
1163 4108 1252 4173 alias.

284 4191 371 4256 Nam
400 4191 479 4256 dum
511 4192 680 4274 querimur
707 4191 748 4257 de
780 4194 895 4259 scortis
925 4201 958 4258 et
988 4192 1170 4258 indicamus
1198 4193 1254 4258 ubi

286 4285 372 4353 sunt,
399 4285 602 4360 quaeruntur
621 4275 762 4360 quidem,
791 4285 824 4344 66
850 4279 890 4344 iis
911 4279 1076 4344 interdum
1097 4279 1159 4344 hoo
1180 4301 1253 4344 rnu-

286 4379 348 4426 nus
373 4362 589 4428 committitur
617 4361 673 4446 qui
704 4363 814 4430 fovere
842 4363 1028 4430 creduntur.
1073 4367 1182 4448 Atque
1208 4365 1256 4429 ita

285 4449 324 4511 fit
351 4454 389 4511 ut
415 4469 480 4512 nou
507 4448 720 4513 inveniantur
746 4450 902 4532 quaesita,
936 4471 955 4514 a
984 4451 1081 4534 genio
1102 4451 1255 4533 quopiam

285 4531 375 4615 prius
397 4533 529 4598 monita.
573 4533 648 4598 Non
669 4535 757 4600 enim
777 4543 980 4618 quaeruntur
1001 4536 1065 4602 nisi
1086 4535 1141 4600 ubi
1163 4537 1255 4602 inve·

286 4618 350 4692 uiri
370 4638 438 4684 666
459 4626 605 4702 possunt
634 4626 668 4685 et
696 4620 884 4704 priusquam
905 4619 1002 4686 liceat
1022 4641 1159 4688 manum
1180 4621 1255 4686 inii·

305 4948 315 4964 6
388 4937 419 5005 a)
438 4939 510 4994 acer
533 4941 725 4996 6666666
748 4945 774 4996 et
796 4944 989 5014 66966666
1012 4943 1117 5000 aaran
1140 4945 1173 5000 6
1195 4946 1256 5001 666

290 5007 466 5079 6666666666·
482 5015 508 5062 ct
522 5011 658 5078 66666666·
675 5011 794 5078 6666666,
813 5011 897 5082 deque
907 5011 1097 5068 6666666666
1113 5015 1256 5069 motae

290 5077 744 5148 66666666666666666666166666
753 5081 904 5136 wanti.
934 5081 997 5150 Qua
1013 5081 1257 5150 tacdcmcffectutt

290 5149 329 5196 eu
345 5149 377 5197 ut
393 5161 421 5198 o.
439 5145 506 5199 rote
522 5147 633 5202 Visetur
649 5148 838 5203 6666666666.

1302 2747 1358 2828 qui
1385 2745 1470 2829 quod
1497 2747 1670 2829 cupiebant
1698 2745 1754 2811 sed
1783 2747 1858 2830 plus
1886 2756 1962 2814 suut
1988 2749 2152 2832 assequuti
2174 2771 2273 2832 quam

1301 2832 1486 2914 oportuerit.
1531 2831 1688 2896 Liberata
1719 2842 1797 2897 sunt
1811 2899 1812 2908 ,
1828 2841 1942 2898 scorta.
1986 2833 2154 2914 Alterum,
2188 2835 2274 2918 quod

1301 2917 1391 3000 prius
1422 2917 1644 2994 exsulaverat,
1676 2926 1831 2982 renovato
1860 2917 1974 2984 exsilio
2002 2919 2191 3004 ablegatum
2213 2929 2272 2985 est.

1301 3002 1453 3068 Alterum
1484 3001 1570 3068 domi
1597 3011 1655 3068 est.
1705 3003 1886 3086 Postquam
1916 3004 1997 3070 6666
2030 3013 2103 3070 acta
2131 3004 2276 3072 fuissent

1301 3108 1361 3170 ego
1393 3086 1492 3169 probe
1519 3108 1641 3171 gnarus
1670 3089 1816 3152 omnium
1845 3089 2004 3156 dominico
2032 3089 2084 3155 die
2110 3091 2274 3174 proximo,

1301 3193 1402 3254 quum
1424 3194 1459 3238 se
1480 3181 1663 3256 opportuna
1690 3173 1821 3240 offerret
1849 3175 1988 3254 occasio,
2017 3176 2106 3240 inter
2129 3175 2195 3241 alia
2216 3175 2274 3241 de-

1301 3256 1412 3323 scendi
1445 3258 1481 3320 in
1513 3257 1574 3323 hoc
1614 3268 1853 3341 argumentum.
1909 3261 2093 3326 Perstrinxi
2115 3263 2275 3327 66666666

1302 3340 1400 3408 66666
1426 3342 1505 3408 istos
1533 3351 1567 3408 et
1593 3355 1722 3410 autores
1743 3347 1881 3410 istarum
1909 3347 2078 3411 turbarum
2100 3349 2156 3430 qui
2177 3367 2275 3430 prae-

1301 3434 1395 3493 textu
1417 3447 1550 3494 suarum
1568 3429 1838 3494 consuetudinum
1856 3430 1980 3496 vellent
1999 3432 2094 3497 nobis
2111 3443 2220 3516 pestes
2237 3434 2275 3498 in

1301 3513 1381 3578 urbe
1402 3514 1520 3578 fovere.
1554 3512 1722 3578 Admonui
1742 3515 1899 3600 populum
1916 3528 1955 3581 ut
1971 3517 2145 3601 diligenter
2166 3525 2276 3583 atten-

1303 3597 1394 3664 deret
1420 3619 1499 3682 quos
1528 3608 1725 3681 sequeretur.
1768 3601 1815 3667 Ut
1841 3603 1951 3684 paucis
1980 3603 2162 3682 absolvam,
2196 3603 2274 3670 talis

1301 3684 1365 3748 luit
1392 3703 1465 3749 mea
1494 3685 1606 3764 oratio,
1642 3693 1679 3750 ut
1710 3687 1804 3753 bonis
1831 3685 1982 3756 omnibus
2014 3687 2144 3754 audiam
2175 3688 2274 3754 valde

1405 3921 1434 3986 t)
1452 3921 1500 3975 tic.

1406 3991 1435 4056 6)
1452 3991 1476 4044 11
1493 4009 1510 4060 y
1529 3991 1653 4046 6661666
1670 3993 1769 4060 grands
1792 3994 1933 4048 ddsordres
1956 3993 1973 4047 6
1995 3996 2210 4050 Lemanno...
2247 3997 2276 4050 11

1305 4057 1344 4128 s'y
1361 4060 1456 4128 voyoit
1473 4068 1550 4113 cntra
1568 4067 1658 4113 autres
1676 4078 1728 4114 6666
1745 4063 1863 4132 abbaye,
1890 4080 1992 4118 comme
2009 4081 2045 4118 ou
2062 4064 2186 4134 l'appelle
2202 4065 2277 4123 daus

1306 4143 1336 4180 66
1353 4143 1430 4196 pays,
1447 4143 1468 4180 6.
1487 4127 1503 4180 a
1520 4129 1545 4180 d.
1564 4145 1616 4182 una
1634 4129 1732 4183 6661666
1750 4131 1784 4184 66
1797 4131 1893 4200 jannes
1929 4149 1976 4185 eus
1995 4135 2040 4200 qui
2058 4132 2277 4189 s'assembloient

1306 4201 1334 4248 66
1351 4196 1477 4248 1161661666
1494 4197 1565 4249 leura
1583 4199 1718 4251 ereroices
1741 4200 1882 4252 6616661666
1906 4150 1975 4253 deux
2000 4202 2051 4254 t'ois
2074 4219 2125 4271 par
2147 4221 2181 4255 an
2205 4220 2277 4257 avec

1306 4271 1396 4318 toutes
1414 4274 1501 4319 sortes
1518 4265 1701 4321 d’iurolences.
1736 4266 1833 4322 O’e'toit
1854 4285 1890 4322 uu
1913 4270 2043 4324 6661666616
2065 4271 2200 4324 caruerat
2235 4272 2277 4326 116

1306 4333 1445 4386 couroient
1461 4339 1522 4386 tout
1545 4351 1595 4386 nus
1619 4352 1654 4390 66
1677 4353 1734 4390 mas
1754 4339 1800 4390 666
1824 4353 1873 4406 par
1896 4337 1923 4390 la
1947 4339 2010 4392 villo
2033 4339 2225 4407 representaret
2248 4343 2278 4395 16

1306 4401 1367 4453 6166
1380 4401 1494 4454 Β66666.
1523 4402 1561 4455 116
1571 4403 1725 4457 6666661666
1736 4353 1783 4460 666
1792 4405 1923 4458 chanaone
1933 4407 2109 4487 impudiques,
2129 4408 2279 4463 dansoiant

1307 4485 1341 4522 en
1357 4469 1442 4522 rende
1461 4486 1494 4523 en
1511 4471 1600 4538 plaiae
1613 4489 1668 4538 rue,
1686 4474 1852 4526 buvoientet
1862 4475 2033 4540 irroguorent
2045 4493 2080 4529 ou
2094 4476 2278 4546 repandoisnt

1306 4539 1331 4590 16
1355 4539 1408 4602 616,
1432 4543 1461 4590 66
1482 4539 1499 4592 A
1519 4539 1545 4591 la
1568 4539 1604 4592 flu
1628 4542 1764 4594 6661161666
1787 4543 1812 4594 16
1835 4549 1951 4596 6666666
1976 4543 2053 4612 qu'ils
2076 4545 2185 4598 avaient
2207 4547 2278 4600 vide

1307 4622 1373 4658 avoc
1390 4623 1441 4659 une
1459 4607 1562 4660 1666166
1585 4609 1618 4661 66
1641 4611 1770 4679 singerics
1793 4617 1821 4663 ct
1842 4611 2084 4682 d'extrataganoes.
2119 4613 2157 4667 116
2178 4615 2278 4682 prote·

1306 4675 1416 4743 geoiant
1432 4681 1620 4730 onvertement
1636 4678 1676 4730 los
1692 4679 1761 4732 61166
1779 4684 1806 4732 66
1824 4679 1863 4732 166
1880 4679 1990 4734 lemures
2014 4681 2047 4734 de
2069 4683 2205 4736 mauvaise
2229 4687 2279 4738 vie

1308 4750 1336 4796 et
1365 4743 1456 4812 quand
1487 4761 1522 4798 66
1551 4762 1585 4798 66
1609 4747 1716 4800 mettoit
1757 4747 1897 4816 uelqu'une
1920 4765 1953 4802 66
1977 4751 2079 4818 prison,
2104 4751 2137 4804 ils
2159 4753 2280 4808 alloiant

1308 4809 1359 4864 l'en
1376 4811 1444 4864 tirer
1461 4829 1511 4881 par
1527 4811 1600 4866 force
1618 4831 1651 4867 ou
1669 4815 1732 4868 bien
1768 4817 1826 4868 cire
1844 4823 1872 4870 et
1889 4834 1918 4870 se
1935 4817 2049 4874 61666616
2072 4836 2138 4874 avec
2161 4821 2214 4874 ella
2241 4839 2282 4880 66

1308 4880 1408 4948 prison.
1454 4881 1491 4934 116
1514 4883 1707 4936 maltraitoient
1729 4883 1768 4936 166
1796 4885 1932 4940 ministros
1956 4887 2011 4940 lars
2031 4887 2090 4942 u’ils
2113 4889 2282 4958 6666661666.

1307 4955 1400 5001 contre
1418 4965 1470 5004 eux
1487 4955 1515 5001 et
1532 4950 1571 5002 les
1588 4953 1763 5018 menaqoient.
1800 4955 1838 5006 Le
1857 4953 1957 5010 coneeil
1971 4961 1999 5008 et
2013 4904 2041 5008 66
2059 4957 2220 5012 6666666166
2239 4961 2280 5016 da

1308 5017 1449 5071 Lausanne
1466 5019 1594 5087 voyoient
1610 5025 1672 5071 tous
1689 5035 1733 5074 ces
1750 5021 1891 5078 disordres
1912 5029 1939 5076 et
1956 5023 2012 5086 soit,
2026 5041 2076 5094 par
2092 5026 2221 5080 mollesse
2239 5046 2281 5085 ou

1307 5101 1357 5153 par
1374 5085 1476 5140 crainte
1494 5101 1528 5138 on
1545 5101 1595 5154 par
1612 5087 1769 5144 conformite'
1787 5091 1821 5144 de
1839 5109 1945 5148 moeurs
1962 5093 1996 5146 ila
2019 5093 2081 5150 666
2103 5095 2283 5164 666166ιί6666

1307 5155 1385 5222 point
1401 5154 1441 5207 les
1457 5159 1574 5208 auteurs.
1610 5153 1732 5222 (acuat
1750 5159 1784 5213 V.
1802 5157 1874 5228 tls.)
