4898 5970
320 288 386 354 803
1090 273 1351 344 ΕΡΙΒΤΟΙιΔΕ
1374 275 1541 339 cat-593
2251 272 2311 336 804

321 469 367 536 nd
384 467 537 534 Viretum
559 466 664 532 literis
685 471 720 530 at
740 463 861 531 similia
877 463 1007 550 longius
1024 484 1097 529 sum
1115 483 1292 547 prosequu—
1428 459 1576 530 Libellus
1604 483 1697 528 meus
1726 461 1766 528 de
1795 462 1906 530 Coena
1933 462 1970 526 in
1998 460 2136 526 latinam
2163 458 2312 543 linguam

324 561 386 620 tus.
432 553 544 618 Facile
565 561 675 616 autem
702 551 765 616 fuit
791 550 827 616 in
854 571 960 632 meam
990 550 1187 614 sententiam
1216 569 1292 616 eum
1343 567 1460 613 versus
1488 555 1538 614 est
1572 547 1743 632 acollega
1775 553 1887 614 nostre
1918 547 2078 614 Parisino.
2089 546 2118 626 θ)
2171 543 2312 610 Ioannes

324 637 494 718 adducere,
516 658 616 721 quum
640 637 704 701 iem
727 644 843 720 sponte
864 636 928 701 huc
952 632 1175 718 propenderet.
1208 634 1292 700 Fra·
1347 633 1510 698 Girerdus
1527 654 1602 698 eum
1620 631 1781 700 excudere
1798 635 1920 700 statuit
1950 633 2022 716 Ego
2040 641 2152 696 temen
2166 629 2313 694 nondum

326 733 393 790 tres
415 724 515 788 etiam
537 743 657 788 omnes.
672 722 812 788 libenter
833 723 956 786 assensi
979 734 1064 785 sunt.
1344 719 1456 794 annui,
1479 719 1595 786 amabo
1617 727 1658 798 te,
1683 719 1847 804 significes
1875 740 1956 784 num
1985 717 2065 784 utile
2092 736 2226 782 censeas
2253 715 2313 782 hoo

410 804 1293 890 (laetorumquidCarmelitearmeremurlquumnihilo
1345 816 1490 887 tempore
1514 804 1683 888 publicari
1728 802 1802 872 Seis
1823 815 1861 870 ut
1881 803 2026 888 prudens
2054 803 2243 868 nominatus
2269 801 2325 864 ita.

323 895 438 960 mitius
450 903 590 978 aegerat
602 892 801 977 Copuaesdue
818 908 935 958 voster.
967 892 1076 972 Quium
1097 891 1206 958 hostes
1224 900 1292 955 tam
1344 889 1503 968 incedam,
1525 912 1567 956 na
1589 891 1735 976 graviter
1756 891 1936 974 impingam
1964 890 2000 954 iu
2027 888 2113 954 hanc
2139 897 2197 952 aut
2223 885 2314 952 illam

323 980 439 1065 procul
467 980 605 1063 quaeris,
635 979 757 1044 videris
778 978 884 1044 nullius
908 978 1026 1042 lmine-c
1049 977 1145 1042 demi.
1189 977 1292 1059 Atqui
1344 983 1481 1058 partem.
1532 975 1623 1041 Fieri
1650 977 1785 1059 poterit,
1812 986 1851 1041 ιιι
1877 976 2003 1041 neutris
2029 972 2217 1040 satisfaciat.
2270 973 2315 1036 At

323 1067 433 1150 potius
455 1065 516 1130 hoe
538 1063 778 1143 contenderem,
800 1073 837 1129 ut
857 1065 920 1128 istc
942 1063 1077 1130 insertus
1100 1063 1164 1127 clio
1184 1063 1292 1147 abige-
1345 1081 1444 1126 eausa
1480 1081 1548 1126 nen
1583 1061 1661 1140 erit,
1695 1083 1755 1128 our
1787 1063 1934 1146 asperius
1965 1059 2138 1144 quisquam
2167 1057 2313 1140 accipiat,

323 1159 424 1216 retur.
461 1150 557 1216 Tales
575 1151 603 1216 si
622 1153 690 1216 sint
699 1149 809 1216 hostes
820 1151 966 1232 professi.
987 1172 1051 1214 non
1069 1146 1148 1213 adeo
1166 1159 1291 1214 nocent.
1345 1168 1427 1230 quae
1449 1146 1562 1214 scribo.

323 1237 421 1302 Nune
443 1258 519 1300 vero
541 1257 643 1318 quum
664 1235 785 1302 bellum
806 1235 896 1300 intus
923 1247 1048 1318 gerent,
1080 1236 1139 1300 hac
1166 1233 1292 1299 lubora-
1430 1229 1555 1298 Omnes
1577 1233 1679 1298 nostri
1696 1239 1883 1298 reverenter
1905 1243 1937 1298 te
1955 1231 2107 1298 salutant.
2150 1227 2313 1313 Collegae,

322 1343 397 1388 mus
420 1320 619 1400 difficultate,
643 1321 728 1404 quod
749 1321 815 1386 illis
836 1321 987 1386 resistere
1016 1341 1082 1384 non
1108 1341 1292 1403 possumus,
1344 1317 1599 1398 familianostra,
1622 1328 1657 1384 et
1679 1318 1815 1396 Nimiei,
1837 1339 1918 1400 quae
1940 1327 2036 1383 aucta
2056 1331 2107 1382 est
2127 1337 2234 1398 nuper
2250 1316 2313 1378 ira-

323 1409 402 1490 quin
436 1411 639 1472 concutiatur
671 1406 814 1472 ecelesia.
867 1404 1007 1489 Scripsit
1036 1405 1076 1470 ad
1105 1427 1159 1472 me
1187 1427 1293 1488 nuper
1344 1404 1405 1468 tris
1428 1405 1492 1470 mei
1513 1404 1623 1470 filiola.
1656 1402 1880 1470 Bemerdinue
1901 1425 2038 1487 quoque.
2070 1401 2181 1469 David
2202 1414 2312 1466 nester

324 1492 504 1576 epistolam,
534 1493 628 1558 cuius
657 1491 824 1575 exemplar
845 1491 937 1558 brevi
964 1501 1002 1556 ut
1022 1511 1127 1575 spero,
1161 1491 1201 1556 ad
1234 1513 1292 1556 vos
1344 1490 1427 1556 scire
1448 1490 1548 1572 eupit,
1574 1511 1654 1556 num
1677 1497 1771 1555 vetus
1793 1487 1913 1554 sodalis
1935 1489 2078 1566 redierit,
2108 1498 2141 1553 et
2169 1485 2248 1569 quid
2274 1483 2313 1550 de

323 1579 482 1657 mittetur,
516 1598 583 1642 una
615 1597 689 1642 oum
722 1577 862 1642 fratrum
890 1585 1074 1642 nostrorum
1105 1577 1291 1660 expostula·
1345 1575 1493 1660 coniugio
1525 1584 1682 1658 speretur.
1735 1573 1833 1653 Vale,
1868 1575 1970 1640 frater
1996 1574 2077 1638 mihi
2108 1573 2311 1640 amicissima

323 1664 466 1744 tione2):
501 1662 587 1728 unde
622 1663 788 1746 intelliges
819 1661 922 1728 nihile
954 1663 1068 1728 mitius
1099 1684 1153 1728 me
1185 1663 1225 1728 ab
1254 1683 1293 1727 eo
1344 1659 1461 1726 Saluta
1490 1682 1563 1726 meo
1595 1662 1727 1726 nomine
1759 1662 1877 1726 fratres
1909 1671 1942 1726 et
1963 1662 2083 1725 amieos
2104 1679 2220 1725 omnes
2240 1677 2313 1724 cum

323 1749 492 1832 provocari
520 1769 618 1830 quam
648 1769 668 1813 a
698 1748 875 1813 Carmeiita.
926 1747 1053 1813 Verum
1089 1768 1127 1812 ea
1156 1748 1292 1831 epistola
1344 1753 1414 1812 tota
1436 1745 1567 1812 familia.
1613 1745 1777 1824 Generae,
1804 1750 1852 1810 13.
1875 1744 2075 1812 Decembris.
2089 1747 2118 1830 ⁶)

323 1833 408 1898 nihil
431 1835 471 1899 ad
493 1834 649 1912 libellum,
671 1855 768 1916 quem
791 1832 924 1898 tandem
950 1853 968 1897 e
994 1833 1145 1900 manibus
1173 1835 1291 1912 emisit,

325 1928 365 1984 ut
385 1941 438 1984 me
461 1919 679 1998 ulcisceretur,
702 1917 788 2002 quod
809 1940 875 1983 non
896 1941 937 1984 ex
958 1919 1028 1984 eius
1050 1919 1212 1984 sententia
1234 1940 1293 1984 vo-

325 2004 376 2070 bis
395 2005 567 2070 consilium
596 2005 766 2070 dedissem.
810 2003 884 2069 Non
912 2024 1073 2086 asponam
1103 2004 1162 2068 tibi
1189 2005 1293 2069 fusius
1726 2039 1931 2050 ———-——

325 2091 422 2174 quale
443 2092 486 2156 sit
507 2099 746 2174 argumentum,
776 2099 809 2154 et
837 2099 960 2172 quanta
986 2087 1181 2154 dexteritate
1207 2099 1292 2155 trac-

325 2184 422 2240 tetur.
463 2177 605 2240 'lantum
627 2196 773 2258 propone
794 2175 852 2238 tibi
874 2173 1089 2258 Gopmoculum
1105 2174 1172 2239 illie
1189 2174 1292 2258 loqui:

325 2282 402 2326 nam
416 2261 479 2326 tibi
497 2263 562 2326 iem
581 2273 677 2326 notus
694 2281 764 2325 esse
784 2259 888 2325 debet.
911 2261 1001 2358 'Ego
1018 2269 1107 2324 certe
1124 2281 1293 2359 nupquam
1792 2257 1868 2330 592.

450 2371 463 2410 S
492 2393 500 2409 J

324 2345 997 2513 titillat?stiltittlt
1019 2366 1293 2496 ittlitttt
1606 2393 1840 2463 onnus
1862 2393 2048 2460 emero.

324 2514 361 2582 Si
385 2517 564 2582 eclaustro
582 2519 678 2594 suol)
701 2516 805 2580 veteri
825 2515 869 2580 eie
887 2516 1049 2598 ineptirot,
1072 2537 1131 2600 ege
1149 2518 1293 2581 suaviter

324 2601 475 2676 riderem,
498 2601 583 2683 qued
606 2601 739 2683 professi
762 2601 888 2666 Christi
911 2601 1020 2666 hostes
1048 2621 1140 2666 suam
1169 2601 1293 2667 stolidi·

256 2698 258 2712 '
323 2694 425 2750 tatem
447 2688 557 2768 pueris
580 2707 705 2770 quoque
727 2687 806 2768 ipsis
825 2687 873 2751 ita
890 2688 1073 2770 proderent.
1108 2687 1292 2754 Nuncvero

322 2792 425 2854 quum
448 2771 563 2854 cogito,
596 2769 754 2836 eiusmodi
781 2777 928 2837 monstra
954 2771 1109 2838 incubare
1138 2773 1291 2838 ecclesiae

1437 2566 1536 2632 Varie
1569 2585 1658 2646 uoce,
1689 2567 1854 2633 donemtice
1886 2571 1914 2632 et
1945 2565 2081 2650 publice.
2140 2561 2312 2648 Capaneuis'

1344 2651 1486 2718 insulsus
1505 2651 1636 2718 libellus.

322 2856 385 2921 D·
577 2855 584 2871 .
617 2857 623 2871 .
697 2858 704 2871 .
992 2858 1023 2871 ι.
1344 2823 1429 2886 (Aeto
1479 2823 1552 2892 phou
1571 2826 1661 2876 exstat
1677 2822 1707 2875 iu
1725 2821 1788 2878 coe.
1807 2821 1908 2876 Gener.
1927 2819 1985 2886 106,
2006 2821 2051 2876 iol.
2070 2819 2128 2876 120.
2163 2823 2312 2891 Exemplar

358 2878 404 2935 ⁰¹2
434 2863 468 2921 el
495 2877 586 2939 quam
614 2879 649 2920 ¹¹¹
678 2879 753 2922 ⁸¹¹¹u
780 2865 893 2922 ¹¹⁰⁸t1'0
921 2857 1079 2936 d⁰rm¹r⁰r
1109 2865 1292 2940 temperare
1341 2891 1428 2946 lonvil
1441 2893 1483 2944 aei
1506 2909 1586 2944 manu
1610 2892 1740 2959 seriptum
1763 2892 1847 2945 babes
1869 2889 1935 2945 ibid.
1959 2891 2030 2944 111·
2051 2891 2095 2944 iol.
2120 2889 2144 2955 5,
2172 2890 2310 2944 'l'urretiui

322 2941 491 3006 stomacho
511 2963 584 3007 mee
605 2964 672 3007 non
701 2964 842 3026 possum,
871 2944 948 3025 quin
970 2943 1115 3010 ebulliat
1168 2943 1292 3024 Quam·
1344 2961 1410 3018 Oed.
1429 2960 1488 3030 111,
1505 2958 1604 3027 tel.98,
1622 2961 1762 3015 Beruense
1778 2961 1848 3030 ltpp.
1867 2960 1928 3014 Vll.
1946 2958 2041 3028 pest,
2061 2960 2170 3014 simleri
2181 2959 2309 3024 rocco.)

322 3047 419 3110 quam
441 3028 630 3110 priusquam
653 3027 775 3110 aliquid
796 3027 982 3113 aggrediar,
1004 3037 1099 3093 tuum
1121 3029 1292 3094 consilium

321 3133 420 3194 super
441 3133 480 3178 ea
508 3133 544 3176 re
571 3112 683 3178 audire
712 3115 865 3197 optarim:
895 3136 976 3179 num
1004 3114 1157 3198 expediat
1183 3116 1290 3198 queri·
1342 3147 1449 3213 ΜΘΗ

319 3199 464 3263 moniam
489 3197 615 3263 deferre
637 3199 677 3264 ad
700 3201 825 3265 iratres.
870 3199 969 3266 Certe
994 3197 1153 3264 eiusmodi
1174 3201 1292 3283 probra

320 3283 357 3348 in
379 3303 417 3348 eo
440 3283 560 3366 scripte
582 3286 801 3361 continentur,
832 3283 1012 3369 dequibus
1034 3285 1063 3350 si
1084 3286 1155 3350 iure
1184 3307 1290 3370 egero,

320 3389 419 3434 nemo
441 3375 508 3432 tam
530 3369 661 3452 iniquus
683 3371 746 3434 erit
767 3371 875 3447 iudex,
898 3371 953 3454 qui
975 3393 1039 3436 nen
1063 3370 1292 3436 vindicandam

319 3453 751 3538 publieaignominiatalem
764 3456 978 3539 petulantiam
990 3467 1127 3522 censeat.
1154 3457 1289 3523 Utinam
1428 3454 1465 3522 S.
1486 3455 1560 3522 Non
1582 3455 1697 3539 scripsi
1719 3455 1779 3520 tibi
1797 3478 1855 3540 per
1872 3456 2083 3540 Martinam
2107 3455 2197 3540 quod
2217 3475 2311 3522 vere·

321 3539 455 3604 daretur
488 3540 692 3622 colloquendi
725 3542 870 3606 facultas.
927 3540 994 3608 Sed
1022 3544 1098 3626 quia
1132 3541 1195 3608 hoe
1222 3563 1290 3607 nou
1342 3543 1402 3608 ber
1422 3564 1465 3606 ne
1487 3551 1520 3608 te
1542 3541 1629 3608 domi
1654 3542 1690 3608 in
1717 3541 1823 3608 reditu
1852 3543 2025 3608 inveniret
2071 3542 2199 3608 Deinde
2228 3540 2310 3606 nihil

322 3635 380 3702 est,
403 3625 562 3691 rescribas
578 3627 661 3690 mihi
673 3629 914 3711 quamprimum
937 3628 1044 3708 velim,
1067 3649 1146 3692 num
1159 3649 1291 3694 censeas
1343 3627 1503 3693 habebam
1535 3626 1622 3711 quod
1654 3627 1714 3694 tibi
1746 3629 1860 3705 scribi,
1898 3651 1971 3694 meo
2010 3629 2142 3710 quidem
2182 3625 2309 3704 iudicio,

322 3710 486 3792 expedire,
526 3720 564 3776 ut
602 3732 662 3796 ego
701 3715 838 3778 fratrum
872 3712 977 3780 literis
1008 3735 1098 3779 meas
1137 3715 1290 3796 privatim
1343 3733 1540 3813 magnopere
1560 3715 1740 3780 interesset.
1772 3714 1916 3780 Consilio
1933 3735 1999 3780 nou
2017 3713 2197 3799 indigebas.
2231 3713 2312 3778 Ber·

323 3793 508 3880 adiungam.
564 3797 635 3861 Iam
668 3819 855 3864 communes
888 3799 962 3864 illae
995 3800 1134 3883 scriptae
1167 3802 1291 3882 errnt2⁴)
1343 3820 1417 3864 nam
1441 3798 1526 3864 nhil
1548 3800 1710 3864 volebam:
1735 3797 1812 3882 quid
1834 3801 1921 3864 inter
1942 3801 2068 3867 viciuos
2089 3809 2230 3876 nostros,
2254 3798 2314 3862 hoo

321 3879 365 3945 In
387 3889 550 3948 conventu
573 3883 773 3948 decrevimus
795 3885 970 3950 mittendus
993 3906 1072 3950 esse.
1108 3885 1180 3970 Ego
1203 3905 1292 3950 meas
1344 3897 1394 3949 est
1412 3885 1446 3949 in
1464 3884 1567 3950 classa
1585 3884 1732 3962 (leiensi,
1752 3895 1979 3962 actum'esset,
2002 3885 2156 3968 putabam
2179 3885 2221 3950 ab
2243 3883 2313 3947 aliie

320 3965 439 4050 incepi.
472 3967 679 4050 Quamquam
700 3971 890 4053 egoacriter
906 3991 1023 4054 pugno,
1045 3971 1163 4036 iratres
1182 3983 1291 4034 tamen
1346 3970 1403 4035 tibi
1421 3970 1610 4036 indicatum.
1651 3970 1827 4036 Caeterum
1845 3971 1873 4036 si
1895 3973 2018 4054 priores
2040 3973 2152 4037 literas
2174 3989 2314 4053 quarem

321 4052 426 4117 nihilo
439 4064 516 4118 sunt
529 4054 726 4119 blandiores:
749 4056 796 4121 sie
814 4057 1005 4122 tractandus
1023 4067 1072 4120 cst
1093 4055 1149 4120 ille
1171 4057 1291 4121 asinus.
1345 4056 1423 4120 iacis
1441 4056 1640 4122 mentionem
1651 4058 1855 4138 recepissem,
1877 4058 2313 4141 omninoeeripturuseram.

320 4137 396 4202 Nisi
419 4139 507 4202 enim
529 4139 611 4204 bane
633 4151 807 4224 pungatur,
836 4162 899 4224 qua
928 4151 977 4206 est
998 4141 1197 4224 stupiditate,
1225 4161 1292 4206 nen
1346 4139 1413 4206 Sed
1436 4140 1510 4206 vide
1532 4141 1585 4206 oui
1606 4161 1661 4206 eas
1683 4142 1893 4222 commiseris,
1915 4163 1992 4208 nam
2012 4145 2092 4208 mihi
2105 4167 2169 4208 nou
2182 4145 2316 4208 fuerunt

322 4224 456 4288 sentiet:
492 4226 519 4289 si
548 4224 605 4290 tibi
633 4247 701 4290 nou
730 4227 904 4310 contigerit
929 4227 1014 4292 fidus
1042 4227 1200 4305 nuncius,
1233 4247 1293 4292 nos
1344 4225 1501 4292 redditae.
1528 4225 1661 4293 Interea
1680 4225 1879 4308 Capaneulas
1896 4229 2041 4294 libellum
2059 4229 2192 4296 tandem
2210 4229 2314 4300 illum,

322 4314 434 4374 tamen
467 4311 573 4391 prima
605 4311 772 4377 occasione
806 4314 982 4378 mittemus.
1040 4313 1146 4377 'suum
1180 4323 1293 4394 postea
1345 4333 1440 4394 quem
1463 4319 1540 4377 ante
1567 4311 1736 4380 biennium
1757 4313 1978 4393 minitabatur,
2006 4327 2163 4398 tanquam
2190 4315 2315 4381 fulmen

322 4396 387 4460 erit
407 4395 589 4474 consilium,
617 4419 696 4462 num
718 4397 776 4462 illo
797 4407 969 4480 praesente
990 4399 1121 4464 recitari
1143 4397 1292 4463 debeant.
1345 4395 1475 4480 aliquod
1506 4397 1543 4462 in
1575 4420 1628 4464 me
1659 4400 1808 4466 vibravit.
1862 4400 1954 4464 Nihil
1983 4421 2128 4483 unquam
2157 4399 2313 4467 insulsius

1345 4483 1464 4560 vidisti,
1492 4503 1554 4548 nee
1582 4485 1749 4567 puerilius.
1798 4485 1910 4551 Unum
1938 4498 2067 4551 tantum
2091 4487 2191 4552 habet
2217 4481 2313 4552 virile

1343 4568 1428 4650 quod
1449 4589 1501 4635 ma
1522 4571 1676 4638 atrociter
1696 4571 1882 4655 proscindit
1922 4571 2032 4637 Statui
2050 4573 2120 4655 ipso
2137 4571 2313 4656 praeterite

1478 3148 1614 3214 Domini
1641 3148 1747 3213 nostri
1774 3148 1852 3214 Iesu
1879 3147 2005 3214 Christi
2034 3148 2186 3213 ministro
2215 3147 2313 3212 Petro

1342 3233 1459 3299 Vireto
1476 3235 1721 3300 Lausanneneis
1739 3233 1893 3335 eeclesiae
1911 3235 2034 3318 pastori
2051 3234 2146 3298 lratri
2164 3241 2199 3298 et
2210 3234 2313 3298 anueo

1739 3340 1916 3386 earrssrmo.

320 4551 524 4562 t—————

427 4633 457 4692 2)
477 4633 635 4704 Oapemeai
651 4636 782 4704 epistolae
798 4637 1000 4705 respondeant
1017 4636 1186 4691 &moeres
1203 4635 1230 4690 d.
1249 4637 1291 4690 19.

322 4699 392 4755 Dec.
430 4702 520 4758 Porro
537 4704 614 4758 mam
637 4707 779 4773 ερὶειοίαηι
796 4707 943 4774 dictiapuit
959 4723 978 4760 o
994 4707 1080 4760 libelle
1098 4705 1226 4772 susten,
1250 4707 1293 4760 ite

322 4775 355 4822 ut
374 4770 489 4825 alteram
506 4775 640 4841 seriptum
658 4775 830 4842 deperditum
852 4791 909 4829 esse
930 4776 981 4829 tabi
1005 4775 1087 4842 facite
1106 4775 1290 4842 persuascrie.
1446 4773 1476 4836 bt
1497 4774 1629 4830 Gallam.
1668 4775 1737 4830 Vide
1758 4774 1829 4844 Opp.
1850 4775 1880 4830 T.
1902 4775 1935 4830 V.
1955 4775 2080 4844 Prolepp.
2096 4793 2128 4846 p.
2148 4777 2192 4832 51.

323 4837 386 4892 Nee
414 4839 554 4895 immerite.
596 4843 753 4909 Epictetum
778 4845 949 4898 Geneeeasee
970 4845 1002 4897 in
1024 4859 1075 4898 ease
1097 4859 1229 4914 respersae
1253 4845 1293 4897 sic
1446 4842 1476 4898 6ι
1495 4843 1540 4898 De
1562 4860 1638 4900 eane
1663 4845 1731 4898 1544
1756 4845 1870 4898 ἀιιὸίιιιι
1891 4846 1962 4900 oriri
1989 4848 2092 4914 meod.
2134 4845 2311 4916 Gemestarium

316 4905 482 4985 immutent
498 4916 530 4963 et
552 4927 611 4964 eam
634 4913 666 4964 ia
688 4914 791 4966 nostrie
813 4929 871 4967 aon
892 4913 1012 4981 reperiri
1028 4919 1135 4982 pateat.
1170 4911 1294 4967 moetas
1344 4912 1416 4965 aum
1434 4913 1728 4968 m.Dcc.1545cliem
1744 4928 1825 4966 wem
1842 4915 1897 4968 iem
1915 4915 2027 4979 obierat,
2051 4920 2077 4968 et
2099 4931 2170 4983 meae
2193 4915 2227 4970 de
2245 4917 2310 4970 Cer·

315 4989 388 5028 avere
404 4976 449 5029 elle
466 4983 506 5030 cet
523 4995 601 5046 mrem
618 4981 773 5034 exhebenus
790 4982 830 5036 N.
849 4982 908 5036 590.
1343 4982 1435 5035 nectite
1452 4981 1584 5036 dicentur
1601 4998 1662 5035 caen
1676 4981 1741 5036 eliis
1753 4983 1882 5050 proxime
1894 4983 2188 5050 praeaeternae
2201 5001 2310 5054 sepum·

425 5046 454 5102 31
475 5047 511 5100 Ν,
531 5049 591 5114 eet,
608 5055 665 5102 aet.
682 5051 707 5103 3.
1343 5051 1417 5104 tibus
1433 5049 1522 5105 literis
1539 5051 1698 5106 anaema.

426 5115 457 5168 4ι
477 5114 533 5168 Sed
548 5118 671 5171 madum
687 5119 796 5188 ariam,
819 5118 886 5187 quia
902 5125 986 5174 eatae
1002 5118 1110 5175 Ferus·
1130 5133 1293 5188 responsum
1371 5121 1437 5179 592.
1459 5124 1484 5180 l)
1503 5120 1546 5174 Ie.
1565 5119 1611 5172 Re
1728 5119 1833 5173 Merita
1851 5119 2008 5188 Delphieua
2036 5117 2113 5188 pref.
2135 5120 2212 5177 hebr.
2235 5123 2310 5177 Lae

321 5181 470 5240 abactae.
1344 5203 1451 5242 remae
1467 5193 1531 5256 post
1546 5187 1590 5241 Hi
1633 5192 1730 5242 m.
1777 5187 1889 5244 Redeat
1905 5191 1951 5244 tv.
1970 5158 2030 5244 lab.
2050 5189 2160 5258 Haec.)
