4898 5970
188 259 250 325 'ld'i
1031 265 1113 327 1⁶44
1133 259 1338 328 Duum.
2115 263 2179 330 798

190 449 295 516 santio
323 455 356 514 te
384 469 450 514 non
477 449 588 528 celem,
618 449 740 533 accipe:
771 447 927 533 Quisquis
947 447 1160 517 Christum
1209 447 1336 514 litatem
1353 447 1505 534 possidet,
1528 457 1562 514 et
1580 471 1600 514 a
1616 469 1652 516 se
1668 450 1739 534 ipso
1756 447 1818 517 hoc
1835 468 1901 516 uon
1919 449 2026 528 habet,
2044 451 2179 520 omuino

189 555 224 600 se
245 535 316 618 ipso
337 553 409 600 esse
429 535 559 611 mmtnr,
582 534 752 600 Christum
779 536 884 602 filium
906 535 968 601 Dei
998 557 1065 601 nou
1087 556 1158 602 esse
1209 535 1346 600 mortale
1373 535 1445 600 erit.
1488 535 1541 600 De
1568 535 1667 600 verbo
1717 533 1825 601 uidem
1852 535 1996 618 loquitur
2022 535 2176 620 Cyrillus,

189 620 331 686 fateatur
357 629 493 704 oportet
543 619 609 702 Qui
637 621 739 706 igitur
764 622 822 686 liet
849 630 887 686 ut
914 621 1069 706 Cyrillus,
1102 621 1158 705 qui
1209 617 1295 703 quod
1316 621 1420 685 vitam
1443 620 1638 685 naturaliter
1660 556 1768 701 habet,
1790 641 1856 687 non
1878 641 1937 704 per
1957 623 2178 706 participatio·

188 705 276 772 istud
298 707 404 789 ipsum
423 707 470 786 (te
488 712 616 778 autore)
633 715 812 788 extorquet,
834 707 876 772 ab
892 707 1063 773 haereseos
1080 717 1159 772 nota
1210 725 1294 784 netu,
1318 715 1355 770 ut
1371 705 1558 790 garriebant
1582 706 1746 786 haeretiei,
1768 705 1941 772 advorsum
1959 727 2038 790 qnos
2056 710 2177 790 passim

189 790 374 858 asseratur?
414 789 546 856 Videris
573 813 653 858 sane
681 793 761 856 mihi
789 794 823 858 in
851 793 1033 872 hominem,
1064 793 1158 858 cuius
1209 791 1330 857 bellum
1359 789 1504 857 adornat
1554 791 1624 858 Neo
1651 800 1761 858 tamen
1790 793 1868 859 hinc
1895 791 2042 876 colliges:
2069 793 2177 861 Filius

188 877 308 959 passim
329 878 431 944 utaris
460 877 626 961 suffragio,
655 877 744 942 haud
765 897 883 961 parurn
904 879 1055 956 iniurius,
1078 878 1157 944 dum
1208 897 1267 960 per
1288 897 1324 941 se
1345 877 1452 961 ipsum
1476 878 1543 943 vita
1560 885 1617 956 est,
1640 875 1674 942 id
1691 886 1743 944 est
1759 878 1953 943 naturaliter
1969 899 2006 944 ac
2024 877 2176 944 substan·

188 961 273 1045 quod
295 963 325 1027 ei
346 983 516 1046 nunqnam
544 965 634 1029 venit
661 964 696 1027 in
722 975 865 1029 mentem
890 965 972 1028 citra
998 965 1157 1029 rationem
1208 961 1338 1041 daliter,
1366 983 1443 1046 ergo
1471 961 1624 1028 Christus
1652 975 1704 1028 est
1730 983 1749 1027 a
1778 985 1812 1030 se
1841 965 1920 1048 ipso,
1948 964 2018 1028 vita
2045 963 2176 1047 quidem

188 1047 353 1114 adscribis.
397 1046 494 1130 Quod
515 1048 646 1114 tandem
676 1057 709 1114 te
730 1049 973 1114 intellecturum
996 1051 1155 1126 existimo,
1208 1048 1403 1112 naturaliter
1423 1047 1518 1126 filins,
1548 1047 1604 1114 sed
1632 1049 1700 1112 vita
1727 1048 1767 1115 de
1789 1051 1867 1128 vita,
1895 1047 1945 1113 uti
1965 1050 2086 1132 passim
2107 1049 2175 1134 Cy·

188 1134 215 1198 si
237 1134 307 1200 eius
334 1155 465 1200 sensum
493 1134 624 1216 penitus
650 1155 779 1200 mecum
806 1137 949 1218 coeperis
976 1135 1155 1218 explorare,
1208 1133 1301 1199 rillns
1321 1133 1472 1200 inculcat
1515 1133 1589 1208 Hie,
1614 1133 1751 1212 Calvina,
1781 1142 1875 1200 tunm
1904 1143 2099 1216 excepturus
2125 1141 2176 1200 tc·

188 1218 328 1302 quidque
349 1219 431 1285 velit
457 1228 524 1284 toto
551 1219 606 1284 illo
628 1221 734 1303 eapite
759 1224 797 1284 18
818 1219 894 1285 libri
916 1223 1022 1304 quarti
1047 1221 1081 1285 in
1102 1221 1156 1286 Ic-
1208 1218 1276 1283 lum
1304 1229 1505 1284 commentor
1532 1219 1616 1286 nihil
1645 1219 1730 1303 qnod
1760 1221 1854 1286 facile
1883 1218 2116 1304 deprehendes,
2146 1221 2174 1286 si

188 1325 317 1382 aunem,
338 1304 373 1370 iu
391 1325 455 1387 quo
476 1304 560 1370 nihil
580 1303 670 1370 aliud
689 1315 881 1387 extorquere
899 1305 1066 1371 contendit
1084 1305 1155 1391 (tuo
1208 1323 1254 1384 ea,
1278 1325 1361 1387 quae
1383 1305 1490 1370 verbis
1512 1325 1531 1370 a
1553 1315 1585 1370 te
1607 1305 1747 1371 obtrusis
1767 1305 1899 1370 intusa
1920 1306 2102 1371 sententiae
2120 1303 2175 1372 de-

186 1389 287 1456 rerbo
308 1389 400 1472 utor)
422 1411 519 1473 qnam
546 1390 652 1456 filium
674 1389 855 1457 seeundum
876 1403 1029 1457 naturam
1051 1393 1155 1458 vitam
1206 1389 1385 1456 tensionem
1408 1397 1608 1464 attexuntur,
1632 1389 1812 1457 adverteris
1834 1391 2031 1476 diligentius.
2071 1389 2176 1456 Addit

187 1496 266 1554 asse,
282 1485 395 1542 contra
410 1497 464 1541 eos
479 1476 535 1558 qui
552 1475 677 1540 alienae
695 1477 784 1542 vitae
794 1477 944 1542 dicebant
953 1477 1153 1560 participem.
1206 1475 1325 1560 quippe
1342 1485 1550 1560 postpauca:
1574 1475 1683 1557 Quum
1702 1477 1804 1560 igitur
1820 1477 1854 1541 in
1877 1476 2020 1542 medium
2039 1476 2176 1559 prodeat

187 1559 289 1627 Cuius
310 1561 358 1628 rei
380 1570 417 1626 ut
437 1562 496 1626 tibi
519 1559 616 1626 iidem
645 1561 759 1626 faciam
786 1562 918 1628 attende
945 1562 1045 1628 verba
1072 1583 1155 1647 qnae
1206 1569 1240 1625 et
1266 1561 1384 1626 elamet
1411 1561 1464 1634 (de
1490 1561 1558 1626 lilio
1581 1562 1756 1645 loquitur):
1784 1563 1857 1647 Ego
1885 1583 1957 1627 snm
1979 1564 2174 1628 resurrectio

186 1644 219 1710 id
245 1645 330 1730 quod
356 1647 585 1729 intempestive
614 1647 779 1729 protulisti
808 1649 1009 1731 praecedunt
1037 1669 1075 1714 ao
1104 1669 1155 1714 se-
1206 1654 1240 1711 et
1261 1648 1338 1726 vita,
1367 1647 1656 1712 coniectandumne
1683 1649 1784 1713 vitam
1813 1667 1884 1716 esse
1910 1647 1951 1714 ab
1979 1646 2174 1712 immortali·

186 1740 339 1814 quuutur.
383 1731 528 1797 oannem
550 1733 638 1797 enim
659 1741 734 1818 post
761 1733 892 1816 longam
921 1735 1000 1798 satis
1021 1751 1154 1800 coneor-
1206 1739 1273 1798 tate
1296 1731 1495 1807 destitutam,
1518 1733 1571 1797 vel
1592 1733 1773 1814 quomodo?
1807 1731 1860 1798 Ad
1889 1753 1973 1817 quac
2001 1731 2177 1816 respondet

186 1818 340 1884 tationem
362 1818 518 1883 attexuit:
539 1817 578 1883 Si
598 1819 702 1883 vitam
724 1817 901 1885 secundum
922 1829 1073 1884 naturam
1097 1840 1154 1903 pa·
1206 1817 1442 1901 interloquntor
1463 1817 1635 1884 Hermiae:
1658 1819 1733 1884 Non
1762 1819 1961 1896 destitutam,
1984 1819 2077 1898 absit,
2107 1827 2175 1884 etc-

187 1910 268 1970 trem
284 1923 356 1969 esse
372 1903 556 1979 conceditis,
575 1904 676 1987 probe
691 1903 725 1969 id
740 1904 880 1987 quidem,
901 1903 958 1969 scd
975 1906 1153 1970 ritaetiam
1206 1904 1275 1968 nim
1297 1903 1365 1969 vita
1386 1913 1436 1968 est
1457 1903 1637 1969 secundum
1659 1915 1811 1969 naturam
1830 1905 2067 1970 immortalitas.
2106 1904 2175 1970 De·

185 1989 362 2054 seeundum
389 1997 539 2054 naturam
567 1989 654 2055 filius
686 1997 744 2055 est.
788 1987 829 2054 Id
860 1990 948 2056 enim
977 2013 1018 2056 ox
1043 1989 1154 2057 verbis
1206 1988 1282 2054 indo
1311 1988 1479 2074 colligens:
1508 1989 1622 2071 Itaque
1651 2011 1750 2073 quum
1780 2011 1866 2055 unus
1888 1989 1979 2054 Deus
2001 1997 2096 2072 pater
2116 1989 2175 2053 ha-

186 2074 283 2140 etiam
310 2075 429 2140 restris
456 2075 612 2158 sequitur.
657 2073 747 2156 Quid
776 2076 864 2141 enirn
891 2075 1024 2156 iutilia,
1053 2097 1154 2160 quum
1205 2074 1281 2140 beat
1296 2075 1570 2140 immortalitatem
1589 2076 1651 2156 (sie
1670 2075 1757 2140 enim
1775 2075 1893 2141 alicubi
1911 2075 2057 2140 divinum
2075 2074 2177 2140 habat

184 2159 218 2224 in
239 2161 310 2242 ipso
332 2161 385 2237 sit,
407 2169 500 2243 pater
517 2159 728 2243 operabitur?
762 2162 816 2226 An
835 2181 928 2228 suam
946 2163 1057 2238 vitam,
1080 2170 1153 2226 tan·
1206 2159 1399 2246 eloquium),
1434 2179 1498 2244 qno
1531 2169 1626 2243 pacto
1654 2162 1752 2225 etiarn
1785 2161 1920 2226 haberet
1951 2159 2061 2226 filius?
2105 2157 2175 2226 Sed

185 2265 280 2327 quam
304 2245 466 2329 indigenti
495 2265 557 2310 neo
583 2267 603 2310 a
631 2267 666 2312 se
695 2246 830 2312 habenti
858 2253 893 2312 et
914 2246 1067 2312 donabit?
1108 2248 1154 2312 Et
1205 2247 1321 2328 opinor
1347 2247 1478 2310 omnino
1505 2244 1590 2327 quod
1618 2246 1809 2312 vocabulum
1844 2247 1980 2312 unitatis
2012 2244 2106 2312 facile
2136 2245 2175 2310 in

148 2399 152 2406 ,
205 2329 343 2398 uomodo
371 2351 439 2396 nou
466 2331 530 2396 crit
554 2332 674 2414 ubsque
695 2333 766 2398 uita
786 2331 894 2397 tilius?
927 2333 974 2396 Et
995 2334 1152 2414 seqnitur:
1204 2339 1341 2414 utroque
1373 2329 1526 2396 ostendat
1557 2331 1806 2397 substantialem
1839 2333 1942 2396 vitum
1977 2339 2011 2397 et
2041 2331 2175 2396 insitam

185 2351 281 2496 δηθά
303 2417 406 2496 aiunt,
435 2438 455 2482 a
480 2437 516 2482 sa
542 2417 614 2501 ipso
642 2418 744 2483 vitam
773 2438 839 2482 non
861 2416 970 2496 habet,
992 2417 1153 2498 quomode
1204 2417 1492 2497 immortalitatem,
1521 2438 1587 2482 uon
1609 2418 1823 2483 adventitium
1852 2417 1981 2482 bonum.
2025 2415 2175 2482 'Pandam

184 2502 391 2586 corruptibile
411 2523 477 2567 non
499 2503 584 2566 erit?
618 2501 685 2568 Sed
707 2523 773 2568 non
801 2503 941 2585 largitur
962 2503 1064 2568 uitam
1084 2501 1153 2566 filio
1204 2521 1293 2580 vero,
1315 2523 1378 2584 quo
1404 2515 1437 2567 te
1464 2502 1693 2568 adversantem
1715 2503 1832 2588 Cyrilli
1860 2501 2088 2568 autoritatibus
2116 2501 2175 2568 eb-

183 2596 290 2668 pater:
312 2587 417 2652 vitam
438 2588 526 2652 enim
546 2589 667 2672 genuit,
691 2595 788 2670 atque
809 2586 881 2651 ideo
898 2588 968 2670 ipse
988 2587 1076 2653 tilius
1095 2607 1153 2670 per
1204 2607 1325 2666 rueres,
1347 2608 1389 2652 ex
1411 2587 1535 2652 decimo
1557 2588 1720 2654 Thesauri
1740 2589 1824 2654 libro
1843 2588 2007 2672 protulisti
2028 2588 2174 2653 testimo·

184 2691 218 2738 se
237 2674 348 2756 ipsum
369 2673 438 2739 vita
455 2682 513 2748 est,
534 2672 596 2739 hoe
613 2681 673 2750 est,
694 2673 896 2738 naturaliter.
941 2671 1070 2739 Deinde
1091 2674 1152 2740 sub
1204 2672 1311 2736 nium:
1334 2673 1471 2756 Accepit
1492 2692 1512 2736 a
1533 2681 1625 2756 patre
1648 2683 1746 2756 etque
1768 2675 1867 2738 etiarn
1885 2696 1905 2739 a
1926 2694 1962 2738 se
1982 2673 2053 2756 ipso
2074 2691 2174 2756 quae-

182 2758 282 2824 tinem
308 2759 425 2841 eapitis
452 2759 620 2842 colligens:
651 2757 718 2840 Qui
740 2778 826 2843 ergo,
854 2758 970 2842 inquit,
992 2759 1150 2826 immacu·
1205 2777 1333 2840 cunque
1354 2757 1453 2824 habet
1473 2758 1668 2823 naturaliter
1689 2767 1727 2823 ut
1744 2757 1846 2824 Deus.
1889 2761 2028 2843 Accepit
2043 2757 2174 2842 quidem

182 2842 248 2910 lata
276 2843 430 2910 eeclesiae
457 2843 604 2926 sequitur
632 2843 672 2909 do
730 2853 793 2922 ata,
822 2843 929 2928 fugiat
957 2845 997 2911 ab
1024 2845 1095 2910 istis
1117 2852 1152 2910 et
1203 2843 1344 2927 gratuita
1366 2842 1539 2908 donatione
1561 2863 1581 2907 a
1602 2853 1694 2927 patre
1712 2851 1750 2908 ut
1767 2844 1875 2921 homo,
1898 2853 1995 2926 atque
2012 2867 2032 2910 a
2049 2865 2084 2910 se
2101 2845 2174 2928 ipso

182 2927 223 2994 sd
250 2929 432 3012 simplicem
460 2929 607 2996 veritatis
632 2929 909 3014 puchritudinem
935 2931 1005 2996 vias
1031 2931 1092 2996 diri
1138 2941 1152 2996 t
1202 2927 1358 3008 utDeus,
1380 2949 1500 2994 nomen
1517 2928 1603 3013 quod
1623 2937 1789 3012 estsuper
1806 2945 2047 2994 omnenomen.
2083 2929 2173 2996 Sane

182 3035 268 3094 suns,
291 3023 325 3080 et
345 3015 432 3081 sieut
452 3023 578 3099 patrem
599 3017 701 3082 vitam
724 3035 795 3081 esso
821 3016 1017 3082 naturaliter
1038 3035 1090 3082 ere
1115 3018 1150 3096 it,
1202 3015 1263 3081 hoe
1282 3015 1478 3080 infitiabitur
1498 3035 1602 3080 nemo.
1646 3014 1773 3080 Verum
1801 3013 1883 3079 haec
1910 3013 1988 3096 qnid
2016 3011 2058 3077 ad
2079 3023 2171 3078 tuam

182 3101 228 3166 sio
243 3121 372 3185 quoque
392 3101 499 3166 filium
519 3103 622 3166 vitam
644 3121 715 3169 esse
732 3101 990 3167 substantialiter
1007 3122 1072 3168 non
1091 3102 1150 3168 dn·
1201 3099 1436 3166 assertionem?
1475 3100 1564 3166 Huic
1591 3120 1670 3165 sane
1697 3107 1774 3166 sunt
1801 3098 2069 3182 praeiudicatura,
2097 3107 2171 3162 tan-

182 3185 272 3252 bitet.
316 3187 363 3254 Ut
384 3189 472 3252 enirn
492 3186 604 3252 lumen
626 3186 667 3254 de
687 3187 811 3252 lumine
828 3195 886 3264 est,
909 3189 956 3254 sic
973 3195 1008 3252 et
1023 3189 1093 3254 vita
1110 3188 1151 3254 de
1201 3193 1273 3250 tum
1295 3187 1386 3252 abest
1406 3193 1444 3250 ut
1465 3185 1641 3270 quidquam
1670 3185 1807 3252 subsidii
1829 3185 1976 3250 afferant
2026 3183 2171 3248 Proinde

182 3271 259 3339 vita.
304 3274 351 3339 Et
372 3271 642 3356 quemadmodum
664 3293 748 3358 qnae
769 3273 842 3339 luce
862 3271 1011 3356 indigent
1032 3294 1090 3357 per
1110 3276 1150 3339 fi·
1202 3279 1293 3336 tuam
1319 3293 1384 3338 non
1411 3272 1504 3354 potui
1531 3293 1600 3337 non
1628 3271 1741 3336 mirari
1768 3271 1973 3336 oscitantiam
2000 3289 2065 3353 qua
2092 3289 2171 3334 mox

181 3355 261 3424 lium
284 3367 378 3442 pater
397 3355 563 3424 illuminat
584 3366 618 3424 et
635 3361 798 3444 sapientes
818 3379 878 3442 per
898 3379 974 3424 eum
995 3360 1081 3438 iacit,
1103 3361 1150 3426 sie
1200 3377 1306 3441 paene
1335 3357 1500 3426 diversum
1528 3357 1675 3426 adiecisti
1702 3358 1869 3442 inquiens:
1898 3356 2039 3421 Dixerat
2060 3363 2170 3420 nutem

182 3445 235 3525 qui
255 3444 328 3511 vita
349 3451 447 3529 egent
468 3444 660 3529 partilium,
682 3453 719 3510 ut
747 3445 930 3528 pervitam
951 3466 1044 3511 suam
1067 3467 1149 3530 qnae
1201 3444 1314 3510 statim
1342 3444 1382 3511 ab
1411 3445 1504 3510 initio
1532 3444 1622 3510 libri:
1651 3444 1737 3509 Nam
1764 3445 1791 3509 si
1820 3442 1903 3508 nihil
1924 3441 2023 3507 habet
2042 3441 2172 3506 liliusa

182 3545 223 3593 ex
249 3530 322 3614 ipso
349 3541 488 3609 emanat,
516 3531 670 3599 vivificat.
719 3531 786 3599 Hic
812 3531 921 3610 rides,
953 3530 1089 3610 ware,
1120 3531 1149 3599 si
1201 3552 1237 3597 se
1253 3532 1334 3615 ipso,
1356 3551 1462 3614 neque
1480 3530 1578 3596 etiam
1596 3530 1730 3596 habebit
1746 3537 1839 3613 pater
1856 3551 1876 3594 a
1893 3549 1928 3594 se
1945 3528 2025 3612 ipso.
2058 3525 2170 3608 Quum

181 3611 317 3683 limosus
337 3637 403 3682 non
420 3638 456 3683 ea
472 3637 620 3700 prorsus,
643 3625 850 3701 mentemque
868 3619 1043 3682 cimmeriis
1061 3631 1148 3683 tene·
1199 3615 1254 3683 hic
1281 3627 1349 3681 tam
1378 3615 1438 3681 tibi
1464 3623 1600 3699 argutus
1628 3615 1772 3680 videaris
1799 3625 1874 3680 tuae
1903 3613 2092 3679 assertionis
2113 3611 2171 3678 de·

180 3696 248 3766 bris
274 3721 339 3766 uon
367 3701 465 3768 habes
494 3704 737 3782 circumfusam,
766 3724 863 3786 quarn
891 3704 1031 3786 turpiter
1059 3703 1148 3768 eolli-
1198 3702 1316 3781 teneor,
1331 3702 1440 3766 miror
1461 3723 1519 3767 cur
1540 3723 1579 3765 ea
1600 3723 1683 3785 quae
1705 3721 1783 3766 mex
1804 3708 1997 3764 attexuntur
2018 3719 2084 3764 non
2111 3696 2169 3762 ad·

221 3785 286 3852 ndu
307 3788 477 3866 erraveris,
500 3797 597 3872 atque
618 3809 715 3872 quarn
737 3789 826 3872 turpi
853 3788 1018 3855 calumnia
1039 3787 1148 3873 Cyril-
1200 3788 1348 3866 verteris,
1370 3807 1433 3871 qno
1455 3787 1658 3870 intelligeres
1679 3807 1744 3871 quo
1766 3806 1864 3852 sensu
1886 3784 1965 3852 haee
1986 3783 2168 3868 protulerit

192 3891 248 3937 um
276 3875 554 3956 conspurcaverie.
603 3873 677 3939 Non
710 3895 766 3940 ero
799 3884 908 3939 tamen
935 3873 1149 3941 condonando
1200 3870 1358 3956 Sequitur
1386 3873 1474 3938 enim
1501 3873 1648 3957 Cyrillus
1677 3882 1711 3936 ct
1742 3871 1802 3938 ait:
1832 3872 1943 3938 Patris
1972 3869 2061 3934 enim
2091 3878 2170 3933 sunt

180 3953 242 4022 hoo
268 3958 363 4042 lapsu
390 3957 563 4024 admodum
596 3958 745 4025 difficilis.
795 3958 871 4026 Scio
901 3979 1043 4042 namque
1068 3979 1089 4024 a
1115 3967 1149 4026 te
1200 3960 1421 4041 omniaquee
1449 3958 1622 4023 filiisunt.
1673 3956 1770 4039 Quod
1793 3958 1821 4023 si
1842 3956 1951 4022 omnia
1973 3953 2171 4020 naturaliter

179 4045 340 4109 maturius
362 4065 459 4128 quam
489 4063 542 4109 res
570 4045 717 4129 exigeret
737 4045 837 4110 fnisse
858 4065 1061 4128 responsum,
1089 4067 1149 4112 neo
1200 4043 1300 4110 habet
1319 4054 1422 4128 pater,
1444 4064 1484 4109 aa
1503 4043 1575 4126 ipsa
1595 4043 1682 4107 lilius
1704 4063 1831 4126 quoque
1848 4039 2039 4106 naturaliter
2060 4040 2169 4106 habet

180 4129 358 4196 attendisse
384 4128 462 4214 quid
489 4137 557 4195 toto
587 4131 643 4195 illo
671 4131 776 4212 eapite
797 4143 975 4196 venaretur
994 4129 1148 4215 Cyrillus.
1200 4128 1312 4210 Quare
1339 4149 1472 4195 necesse
1498 4129 1561 4192 erit
1589 4137 1826 4211 consequenter
1857 4126 1945 4192 hunc
1971 4127 2082 4210 ipsum
2111 4124 2168 4190 de·

179 4211 248 4280 Neo
269 4235 323 4281 me
344 4235 460 4299 parum
488 4214 624 4282 offendit
644 4215 729 4298 quod
751 4215 868 4281 deinde
893 4225 988 4281 extra
1014 4216 1148 4282 chorum
1198 4215 1320 4280 lectum
1342 4235 1438 4297 quern
1465 4214 1532 4279 filio
1552 4215 1718 4297 imponere
1738 4219 1908 4291 conantur,
1936 4211 2059 4277 scilicet
2079 4209 2167 4294 qnod

180 4297 282 4382 (quod
303 4301 409 4378 aiunt)
431 4302 555 4368 saltans
577 4322 618 4367 ex
648 4301 776 4384 dialogo
805 4301 845 4367 de
867 4301 1026 4367 Crinitate
1052 4303 1148 4368 tertio
1200 4302 1301 4366 vitam
1329 4299 1525 4365 naturaliter
1550 4320 1615 4364 non
1645 4299 1772 4372 habeat,
1800 4297 1886 4381 patri
1913 4317 2039 4380 qnoque
2060 4296 2166 4379 impo-

179 4386 300 4452 attexis
333 4387 496 4471 inquiens:
530 4387 628 4469 Quod
666 4387 768 4455 vitam
801 4393 835 4453 et
865 4387 1146 4454 immortalitatem
1198 4406 1287 4466 nere,
1316 4407 1358 4451 ne
1386 4385 1463 4469 quid
1490 4404 1603 4450 eorum
1631 4405 1713 4467 qnae
1741 4383 1801 4448 filii
1830 4389 1908 4448 sunt
1935 4403 2002 4447 non
2031 4401 2103 4447 esse
2130 4381 2167 4445 in

177 4471 330 4554 possidet,
358 4481 392 4539 et
412 4494 432 4538 a
453 4495 488 4539 se
509 4474 579 4558 ipso
606 4473 668 4540 hoc
689 4471 885 4551 nonhabet,
907 4473 1040 4540 omnino
1061 4495 1147 4538 mor·
1198 4483 1292 4555 patre
1312 4469 1472 4536 rideatur.
1515 4470 1556 4535 Id
1578 4471 1605 4536 si
1626 4470 1764 4552 impium
1785 4475 1844 4546 est,
1866 4477 1905 4532 ut
1920 4473 2008 4534 certe
2026 4474 2085 4546 est,
2107 4485 2167 4531 ne-

176 4557 243 4622 tale
265 4559 338 4624 erit.
381 4558 509 4640 Quibus
536 4581 667 4626 rursum
694 4559 796 4625 errori
818 4565 874 4624 tuo
895 4558 1005 4625 neseio
1027 4579 1068 4624 au
1091 4559 1147 4624 do·
1198 4577 1287 4624 cesse
1308 4556 1371 4622 erit
1391 4557 1541 4622 confiteri
1561 4555 1671 4621 omnia
1691 4555 1793 4636 patris
1821 4555 1856 4618 in
1885 4551 1952 4619 filio
1972 4551 2168 4618 naturaliter

177 4641 272 4708 beans
289 4641 395 4710 dicere
412 4645 687 4729 patrocinaturus:
709 4643 880 4711 Christum
901 4664 974 4709 aso
989 4645 1058 4728 ipso
1076 4665 1147 4711 csse
1197 4662 1277 4719 esse,
1300 4650 1335 4707 et
1355 4642 1467 4708 omnia
1494 4641 1553 4706 filii
1581 4639 1732 4706 similiter
1752 4640 1788 4704 in
1808 4645 1912 4724 patre.
1955 4637 2025 4704 Nee
2054 4645 2166 4702 tamen

177 4736 371 4810 extorquere
392 4730 571 4806 contendis,
593 4751 708 4798 rernm
729 4732 861 4806 trusae
887 4729 1146 4813 quandoquidem
1198 4727 1357 4812 sequitur:
1381 4728 1470 4811 Ergo
1487 4726 1638 4793 Christus
1660 4733 1711 4791 cst
1732 4745 1752 4790 a
1773 4746 1809 4791 se
1828 4725 1909 4808 ipso.
1942 4723 2068 4788 Verum
2086 4722 2166 4788 hino

176 4811 238 4878 hoe
260 4834 429 4899 nunquam
451 4817 496 4881 sis
518 4815 700 4882 effecturus.
745 4814 837 4896 Quis,
860 4816 1002 4892 obsecro,
1028 4815 1145 4880 falsum
1199 4813 1359 4897 sequitur:
1383 4813 1484 4878 Peter
1504 4812 1604 4877 habet
1624 4810 1727 4875 vitam
1750 4810 1952 4886 naturaliter,
1983 4807 2082 4872 habet
2103 4807 2166 4892 igi·

177 4895 271 4984 (qnid
294 4898 366 4968 dico
387 4899 544 4982 ialsumi)
565 4902 631 4966 imo
658 4902 795 4986 impium
821 4922 864 4967 ex
889 4921 967 4966 vero
995 4900 1144 4984 colliget?
1198 4905 1253 4964 tur
1274 4899 1415 4965 attilius
1436 4897 1637 4974 naturaliter,
1667 4897 1721 4980 qui
1740 4896 1869 4962 tametsi
1890 4893 2085 4960 naturaliter
2105 4893 2165 4960 ha·

176 4985 223 5049 At
252 4982 424 5057 Christum
454 5007 474 5051 a
501 5007 536 5053 se
564 4987 634 5069 ipso
664 5007 734 5052 esse
760 4987 878 5054 fulsum
904 4993 969 5052 est:
1000 5007 1039 5052 ex
1068 5006 1146 5052 veru
1197 4983 1273 5050 beat
1293 4993 1420 5068 epatre
1438 4993 1545 5049 tamen
1564 4983 1688 5066 accipit
1721 4981 1822 5048 Pater
1838 4981 1937 5058 anim,
1957 4979 2013 5064 qui
2030 4987 2165 5046 nutura·

175 5069 278 5154 igitur
307 5072 415 5157 colligi
441 5072 563 5155 nequit
613 5071 739 5137 Verum
772 5083 883 5138 autem
914 5070 1076 5156 estquod
1104 5091 1146 5138 ex
1197 5070 1272 5136 liter
1293 5072 1362 5139 vita
1381 5078 1441 5148 est,
1463 5069 1569 5134 filium
1591 5069 1692 5132 vitam
1713 5067 1906 5133 naturaliter
1927 5063 2101 5134 habentem
2123 5063 2164 5131 ab

175 5153 305 5239 Cyrillo
325 5157 499 5240 protulisti.
540 5156 666 5242 Nempe
687 5157 774 5239 quod
794 5161 897 5226 vitam
924 5167 958 5225 et
978 5159 1146 5224 immorta-
1197 5163 1330 5224 aeterno
1358 5155 1480 5240 genuit
1530 5153 1623 5220 Haeo
1649 5173 1725 5220 mea
1754 5173 1821 5220 uon
1848 5160 1925 5220 sunt
1952 5151 2009 5218 sed
2036 5150 2163 5240 Cyrilli,
