4888 5966
157 313 219 376 369
992 311 1073 374 1542
1094 307 1327 380 FEBRUAR.

2093 318 2157 384 3⁷0

157 499 356 566 remotiores.
411 497 518 562 Aiunt
549 497 676 563 Mosam
708 495 889 580 prinoipem
927 496 1127 564 saeenlarem
1179 499 1358 564 narrabant
1384 498 1487 564 istum
1508 519 1610 583 grave
1638 499 1802 584 quidpiam
1830 505 1972 568 tentasse
1996 501 2155 572 Generae

158 587 219 663 (sio
252 581 437 649 didioerunt
465 583 506 647 ab
534 589 648 647 autore
679 581 855 666 dogmatis)
881 582 1128 665 praeseripsisse
1179 591 1294 648 eontra
1313 593 1360 662 te,
1393 605 1457 666 qua
1478 584 1519 650 de
1540 606 1576 650 re
1597 593 1710 650 tamen
1730 607 1773 652 ne
1794 587 1932 652 verbum
1954 587 2085 671 quidem
2105 592 2153 656 le-

157 671 283 737 Aaroni
311 669 406 734 fratri
426 668 550 747 omnia,
578 667 739 734 Davidem
769 689 881 752 regem
908 667 1128 734 saoerdotibus
1179 675 1270 734 oerat
1288 667 1376 751 apud
1397 691 1465 748 me,
1494 669 1574 736 dum
1604 671 1728 754 reliqua
1754 692 1837 754 quae
1864 674 1937 738 istie
1965 674 2153 740 aesiderant

158 757 303 838 aliosque
324 774 418 837 reges
438 754 523 834 pios:
546 753 658 835 quidni
678 755 778 837 igitur
796 755 889 820 lieret
909 752 996 818 idem
1019 754 1054 819 in
1076 774 1128 818 sa·
1180 756 1388 836 exposuisset
1405 755 1523 820 omnia
1567 757 1648 822 Post
1674 755 1798 822 obitum
1820 756 1863 821 D.
1889 758 2044 840 Gryaaei,
2072 781 2153 842 quo·

158 841 301 910 oerdotio
321 840 400 938 rrovi
417 838 625 937 testamenti?
670 837 759 918 Quid
779 840 807 904 si
829 838 920 904 laieis
942 836 1126 937 huiusmodi
1180 839 1328 938 1191111110
1350 841 1440 938 venit
1460 841 1590 923 saepius
1612 863 1665 908 me
1684 842 1813 920 invisit,
1841 850 1876 906 at
1899 843 1940 908 de
1967 843 2064 910 rebus
2086 846 2152 910 tuis

158 923 743 1092 ildinlinflffnioffilffllin
761 925 857 1076 tlt?
878 923 1129 1092 lterttrpll
1180 923 1268 1074 tlt
1286 933 1437 1076 mgr
1461 947 1612 1092 altr
1622 930 2154 1095 trististristis

159 1119 267 1177 aeras,
300 1099 328 1162 si
355 1097 547 1180 parotium
578 1094 620 1160 ad
648 1117 687 1160 ea
714 1095 927 1178 responderes
954 1094 1129 1176 aliquando
1180 1096 1339 1162 narravit.
1383 1095 1476 1161 Inter
1494 1118 1578 1179 quae
1600 1098 1733 1162 fuerunt
1753 1118 1837 1180 quae
1859 1098 2064 1164 obvenerunt
2085 1099 2152 1166 Ge-

158 1183 251 1262 mihi,
274 1204 334 1266 per
355 1179 536 1258 reddituro,
564 1180 678 1246 ubiubi
705 1181 804 1246 luerit
829 1181 952 1246 messio
974 1188 1008 1244 et
1028 1179 1129 1244 laoul·
1182 1200 1292 1258 nevae,
1315 1201 1399 1263 quae
1417 1189 1527 1246 tamen
1549 1185 1658 1247 omnia
1675 1185 1750 1266 quia
1767 1184 1801 1248 in
1820 1183 1954 1248 dubium
1978 1193 2152 1265 verteram,

159 1279 219 1336 tas.
268 1269 321 1334 Do
350 1267 490 1340 Virrio⁴l
513 1267 651 1332 seribam
678 1265 719 1330 ad
746 1267 907 1332 Bernates
934 1287 1033 1348 quum
1063 1265 1129 1348 pri·
1181 1266 1344 1348 praeterii,
1365 1287 1468 1349 usque
1489 1266 1567 1332 dum
1585 1290 1605 1334 a
1621 1269 1687 1334 tuis
1705 1289 1783 1334 vera
1800 1290 1872 1334 esse
1888 1269 2046 1334 intellexi.
2078 1271 2154 1336 Non

159 1376 252 1422 mum
274 1361 397 1436 potero,
420 1352 478 1417 sed
499 1353 638 1417 fratrum
660 1352 808 1430 nomine,
838 1359 876 1416 ut
904 1351 1061 1418 autoritas
1088 1351 1132 1414 sit
1182 1351 1266 1433 quod
1288 1351 1324 1416 hi
1344 1373 1413 1416 rem
1431 1373 1560 1418 omnem
1579 1353 1731 1434 dixerint,
1753 1353 1810 1420 sed
1833 1361 1960 1418 tantum
1978 1355 2064 1438 quod
2082 1356 2153 1421 fue-

159 1441 273 1518 maior,
296 1440 325 1504 si
347 1437 425 1521 quid
446 1439 616 1526 impetrari
637 1437 753 1502 valeat.
796 1435 966 1502 Vellemus
987 1435 1075 1501 enim
1097 1443 1132 1500 et
1182 1437 1227 1500 rit
1248 1438 1412 1504 oonieetus
1430 1439 1464 1502 in
1482 1459 1645 1504 earaerem
1663 1440 1784 1504 eteius
1802 1438 2009 1506 reieausam.
2044 1439 2155 1522 Quam

160 1548 220 1592 nos
240 1527 338 1592 istam
359 1523 531 1600 aoelesiam
552 1543 630 1602 esse,
654 1523 689 1587 in
711 1522 834 1588 bonum
856 1521 1004 1600 aliarum,
1033 1541 1131 1603 quam
1182 1522 1312 1603 quidem
1341 1543 1473 1590 oausam
1502 1524 1557 1588 ubi
1584 1525 1698 1590 eodem
1722 1546 1785 1606 quo
1815 1543 2004 1607 aooeperam
2032 1525 2083 1592 die
2105 1527 2155 1592 illi

160 1611 457 1678 instmetissimam.
501 1607 648 1674 Balomos
668 1609 763 1686 abiit,
791 1609 817 1674 ei
850 1609 964 1685 neseis,
998 1605 1130 1689 Spiram
1181 1608 1337 1674 referrem
1358 1610 1405 1672 ita
1425 1611 1567 1692 negavit,
1595 1617 1633 1674 ut
1658 1617 1785 1692 peteret
1805 1617 1895 1674 terra
1916 1609 2101 1694 deglutiret,
2124 1612 2154 1678 si
2197 1671 2200 1680 .

161 1697 203 1762 ad
230 1696 370 1775 eomitia,
378 1695 408 1778 6)
429 1695 634 1778 proleotnrus
655 1694 793 1760 forsitan
813 1693 890 1758 inde
912 1691 1092 1758 Ooloniam.
1103 1690 1130 1776 ⁶)
1182 1713 1235 1758 res
1256 1693 1331 1758 talis
1352 1694 1388 1758 in
1410 1705 1554 1760 mentem
1575 1695 1630 1760 vel
1651 1715 1730 1778 erge
1751 1705 1782 1760 te
1804 1694 1856 1760 vel
1878 1717 1956 1779 erga
1979 1696 2081 1761 alium
2099 1717 2155 1762 va-

163 1781 252 1864 Quid
277 1782 346 1848 illio
367 1781 490 1868 negotii
511 1780 568 1858 sit,
598 1778 743 1844 nondum
764 1779 913 1861 oomperi
957 1779 1010 1843 De
1030 1777 1131 1844 eomi-
1182 1779 1286 1844 nisset
1307 1799 1461 1862 unquam.
1505 1780 1578 1863 Ego
1598 1781 1635 1845 in
1656 1780 1763 1846 medio
1782 1789 1841 1858 sto,
1864 1802 1929 1846 non
1951 1779 2082 1864 quidem
2104 1783 2155 1846 iu-

161 1871 281 1934 tiornm
303 1867 383 1934 aotis
404 1864 477 1931 ideo
499 1885 596 1930 nemo
618 1864 793 1948 quidquam
816 1865 936 1941 movit,
966 1863 1051 1946 quod
1073 1861 1131 1928 ad·
1183 1861 1256 1941 dex,
1279 1863 1344 1930 sed,
1358 1871 1490 1930 tantum
1512 1865 1658 1931 auditor:
1681 1865 1798 1932 vellem
1821 1867 1903 1932 seire
1925 1867 2025 1950 igitur
2046 1889 2089 1932 ex
2111 1877 2153 1947 te,

160 1954 227 2020 bno
244 1975 311 2020 non
333 1973 445 2018 omnes
467 1957 545 2016 sunt
566 1951 764 2035 oongregati.
808 1948 984 2034 Spargitur
1005 1947 1131 2014 dissen-
1183 1949 1403 2030 quieveram,
1424 1949 1501 2032 quid
1523 1950 1651 2029 salsum,
1676 1973 1743 2016 non
1766 1957 1853 2018 oerte
1875 1951 1961 2034 quod
1983 1952 2048 2017 tuis
2069 1951 2156 2017 diffi-

161 2041 286 2106 sionem
303 2059 374 2104 essa
389 2038 477 2102 inter
493 2037 656 2119 prinsipes
673 2043 706 2100 et
727 2035 874 2102 eivitates
891 2034 932 2100 ob
949 2035 1130 2117 paeoniam,
1183 2033 1272 2112 dam,
1306 2035 1364 2100 sed
1392 2035 1478 2117 quod
1506 2037 1575 2102 eius
1602 2045 1671 2103 tam
1701 2057 1817 2102 seoura
1844 2038 1974 2120 negatio
2003 2036 2156 2102 nonnihil

162 2135 195 2190 et
214 2125 336 2190 militas
358 2121 481 2188 dandos
508 2131 622 2187 oonua
643 2122 792 2187 uersam.
804 2123 832 2198 ⁷)
884 2119 1019 2187 Gaudeo
1046 2118 1132 2202 quod
1182 2121 1302 2199 inieoit,
1324 2121 1535 2202 quamobrem
1557 2143 1599 2186 ex
1626 2130 1659 2188 te
1682 2122 1754 2204 ipso
1775 2141 1927 2205 euperem
1954 2143 2051 2188 nosse
2072 2143 2157 2206 quae

161 2211 315 2276 Christus
343 2209 505 2274 Dominus
537 2217 604 2286 est,
637 2207 756 2290 alioqui
785 2215 872 2272 totus
899 2205 1130 2288 desperassem.
1183 2225 1281 2270 eausa
1298 2207 1437 2271 oaroeris
1458 2206 1506 2272 illi
1528 2208 1651 2274 fuisset.
1684 2208 1731 2272 Et
1747 2227 1806 2272 our
1824 2206 1895 2286 hoe,
1916 2207 2046 2291 inquis?
2081 2207 2155 2274 Seis

161 2296 223 2361 Ille
250 2301 360 2362 servet
385 2293 556 2360 eoelesiam
580 2315 682 2359 suam.
733 2291 817 2358 Vale
845 2293 879 2358 in
902 2290 1035 2358 Obristo
1056 2311 1131 2358 oum
1183 2312 1280 2373 quam
1315 2291 1528 2375 deoipiamur,
1563 2293 1662 2358 edam
1689 2292 1882 2374 perieulose,
1916 2293 1956 2358 ab
1984 2293 2155 2360 erroribus

169 2381 271 2448 Virdo
289 2380 371 2445 milri
388 2378 565 2458 oarieeimo,
585 2387 618 2444 et
635 2399 709 2445 oum
729 2386 798 2444 tota
814 2376 951 2444 eoelesia
967 2385 1030 2442 tua
1066 2376 1132 2440 Ba-
1183 2377 1239 2460 qui
1265 2376 1362 2442 bodie
1394 2377 1448 2442 bio
1475 2399 1547 2444 oras
1576 2377 1701 2462 degunt
1729 2378 1814 2444 alibi.
1858 2379 1905 2442 Et
1931 2379 2008 2460 quia
2037 2399 2156 2462 parum

163 2467 269 2547 sileae,
291 2489 324 2530 x.
348 2464 529 2542 Februarii,
551 2484 638 2529 anno
663 2467 754 2528 1542.
1183 2461 1248 2540 ille,
1288 2470 1447 2546 quantum
1485 2484 1546 2546 ego
1578 2466 1671 2543 novi,
1710 2462 1811 2530 distat
1841 2464 1881 2528 ab
1913 2463 1995 2542 illis,
2034 2463 2156 2529 vellem

1184 2544 1225 2610 de
1257 2566 1296 2612 eo
1333 2549 1453 2614 oertior
1491 2550 1563 2613 fieri
1601 2551 1630 2614 si
1668 2549 1785 2614 alieubi
1823 2548 2028 2632 designasset
2069 2547 2156 2632 quod

1184 2652 1252 2696 non
1280 2640 1366 2698 esset
1393 2633 1471 2698 boni
1497 2634 1578 2712 viri,
1611 2655 1676 2716 quo
1703 2655 1818 2700 eavere
1845 2635 1967 2716 possim
2002 2633 2155 2717 deinoeps

1051 2737 1057 2752 ·
1184 2716 1310 2781 melius.
1365 2717 1449 2782 Nolo
1482 2724 1584 2784 totam
1624 2719 1826 2802 tragoediam
1858 2739 1940 2802 qnae
1972 2720 2046 2786 istie
2084 2731 2157 2786 aeta

1184 2810 1243 2880 ost,
1283 2801 1340 2868 sed
1378 2809 1508 2868 tantum
1545 2825 1628 2886 quae
1670 2823 1769 2870 eausa
1812 2805 1959 2870 oaroeris.
2027 2803 2156 2885 Quaeso

1184 2895 1240 2964 te,
1268 2908 1321 2952 me
1347 2886 1465 2954 liberos
1500 2888 1527 2953 si
1555 2890 1625 2954 fieri
1654 2889 1790 2971 poterit,
1819 2911 1878 2971 per
1906 2890 2018 2954 otium.
2063 2889 2157 2954 Nihil

1183 2992 1271 3038 nono
1309 2980 1383 3055 peto
1422 2981 1492 3038 aut
1516 2973 1590 3038 volo
1625 2973 1722 3038 aliud.
1783 2973 1876 3054 Quae
1911 2974 2037 3058 reliqua
2078 2981 2157 3040 sunt

1184 3058 1280 3136 enim,
1303 3058 1337 3122 in
1358 3058 1520 3140 prioribus
1546 3058 1650 3124 literis
1671 3061 1814 3140 exposui.
1859 3059 1943 3124 Vale
1963 3060 2000 3124 in
2021 3057 2155 3125 Ohristo

1183 3142 1330 3211 Domino
1349 3165 1424 3210 oum
1444 3143 1581 3212 eoolasia
1601 3152 1658 3210 tua
1680 3152 1749 3208 tota
1769 3152 1802 3208 et
1819 3143 1974 3208 fratribus
1995 3143 2153 3210 omnibus.

1184 3229 1333 3296 Basileae
1353 3230 1474 3312 raptim
1499 3235 1547 3296 19.
1569 3230 1666 3296 Febr.
1689 3249 1775 3296 anno
1801 3233 1891 3294 1542.

685 2599 742 2668 Os.
764 2599 937 2682 Myronius
958 2605 1045 2664 tuus.

574 2895 746 2902 --—---—

607 3111 682 3184 387.

409 3248 651 3316 MYOONIUS
674 3246 886 3314 OALVINO.

247 3421 299 3487 De
327 3421 475 3505 Alberpio
502 3371 607 3486 'Gallo
638 3440 721 3485 aaut
748 3419 899 3486 Basileon
930 3424 1133 3486 ammom

163 3508 373 3614 sordeseere
393 3508 428 3572 ia
447 3525 601 3574 carcerem
616 3507 766 3572 ombria
785 3506 883 3587 fuerit
900 3507 1019 3571 edoceri
1038 3507 1130 3588 eupit

1704 3365 1760 3432 Os.
1783 3365 1959 3450 Myconius
1979 3372 2065 3431 tuus.

282 3680 338 3744 1111
356 3677 523 3748 mtegraplro
541 3677 611 3730 Ribl.
629 3677 731 3732 Gener.
750 3676 816 3730 Ood.
833 3675 892 3742 110,
909 3676 955 3730 iol.
971 3675 1011 3741 6.)

162 3885 203 3952 D.
233 3883 373 3950 Calvino
402 3883 587 3949 deotissime
607 3881 884 3973 ¹pientissimoque
913 3879 1038 3947 Christi
1068 3883 1130 3946 mi-
1625 3858 1703 3930 388·
1959 3899 1961 3904 ·

163 3973 267 4036 ”iffi
297 3967 384 4053 apud
412 3967 599 4036 G⁰⁰⁰V³t⁶⁸
624 3968 747 4067 ipim
775 3976 974 4052 ⁸5¹¹¹¹¹¹l⁸t³⁰
1005 3969 1039 4032 1¹1
1062 3967 1129 4033 Dr
1182 3996 1397 4063 umrsrar
1428 3995 1770 4063 ruooounusns
1804 3994 2152 4063 rumenusmus.

463 4055 552 4120 mino
573 4072 740 4120 oanssrmo
763 4074 831 4118 suo.

248 4191 284 4259 S.
317 4193 474 4258 Putaram
502 4191 688 4256 Genavates
719 4197 792 4254 tuos
823 4189 899 4254 hino
931 4189 1078 4268 abiisse,
1098 4195 1132 4253 et

163 4299 237 4346 eoos
257 4286 331 4362 post
353 4277 440 4341 diem
461 4285 613 4341 ootawm
633 4275 773 4339 redeunt
801 4275 842 4338 ad
868 4295 936 4353 me,
961 4274 1048 4338 inter
1068 4273 1133 4339 alia

162 4369 397 4448 oonquerentes
419 4361 459 4426 de
481 4361 627 4445 Alberpio
648 4359 746 4426 Gallo
758 4361 783 4443 ¹)
804 4381 900 4442 quem
923 4361 1017 4438 nosti,
1047 4357 1133 4443 qnod

161 4450 286 4535 negotii
314 4445 436 4532 aliquid
465 4448 592 4526 feeerit,
628 4455 665 4511 ut
690 4453 863 4530 propterea
895 4445 1018 4512 vorarit
1043 4445 1132 4527 ipsos

160 4544 296 4601 senatus
318 4543 435 4598 noster.
469 4531 629 4616 Equidem
649 4531 743 4596 valde
761 4548 833 4596 sum
851 4531 1030 4596 admiratus
1047 4529 1132 4614 quod

267 4807 298 4870 4)
318 4805 523 4860 saevarum
539 4803 647 4859 disum
664 4795 838 4858 rmdmdo.

268 4875 296 4938 t)
314 4875 438 4931 statae.
460 4875 505 4928 Η.
523 4873 581 4928 252.
617 4874 748 4928 Saehnd.
770 4873 834 4928 ΠΙ.
851 4871 909 4926 382.
945 4868 1053 4924 Planot
1068 4869 1133 4925 HI.

158 4947 225 5096 ῗμ
242 4944 302 5080 19661
311 5011 505 5068 Hemonam
523 5011 676 5066 Eleatem
699 5012 731 5065 ia
752 5007 930 5078 rosmoda
954 5007 1065 5064 rodoma
1082 5005 1132 5062 od·

158 5088 481 5216 misenate.
502 5147 559 5202 ier.
788 5165 789 5171 κ

186 5212 1117 5288 aur.1)n0a00esaapmu.arsnu.eaegmu.ase.

236 5304 346 5361 cumas
360 5321 452 5374 opero.
495 5304 549 5360 Vol.
569 5303 622 5358 XI.

1270 4167 1415 4234 Narrant
1440 4168 1557 4232 mitem
1583 4167 1713 4234 dissidii
1739 4165 1842 4232 rivilla
1873 4167 1911 4233 de
1944 4165 2065 4234 Farelli
2095 4168 2154 4233 mi·

1184 4253 1314 4320 sisteris
1335 4254 1442 4319 esoni.

1183 4425 1238 4493 (le
1261 4424 1428 4494 aumgrapho
1451 4423 1534 4478 Arolr.
1552 4422 1641 4476 Turio.
1659 4422 1723 4476 olim
1741 4421 1773 4475 B.
1791 4421 1865 4475 Tem.
1883 4421 1905 4476 Ι.
1930 4439 2002 4475 nuno
2018 4423 2089 4476 Plut.
2107 4423 2155 4478 Vl.

1183 4495 1237 4550 vol.
1258 4492 1315 4560 105,
1333 4494 1379 4546 l'ol.
1397 4489 1457 4546 341.
1494 4490 1664 4613 submii'fflf'
1673 4490 1755 4624 51121111
1772 4490 1857 4543 adem.
1876 4517 1907 4526 —
1925 4491 2053 4545 Simlerus
2071 4491 2155 4546 habet

1269 4749 1371 4816 Omni
1391 4749 1513 4834 pietate
1535 4747 1717 4812 eruditione
1736 4753 1769 4812 et
1786 4747 1921 4814 ueritate
1938 4747 2155 4812 ornatissimis

1184 4835 1361 4920 ligurinae
1379 4833 1534 4901 eoelesiae
1557 4833 1739 4916 pastoribus
1755 4831 1848 4900 nobis
1864 4832 1897 4897 in
1917 4831 2060 4898 Domino
2078 4832 2155 4898 Iesu

1184 4943 1281 5005 quam
1303 4921 1446 4986 maxime
1467 4917 1687 4986 observandis.
1700 4921 1723 4996 ¹)
1944 4916 2066 5002 Tiguri.

1270 5057 1420 5124 Salutem
1441 5056 1579 5142 gratiam
1602 5062 1636 5120 et
1656 5075 1769 5138 paoem
1790 5075 1809 5119 a
1830 5055 1901 5120 Deo
1918 5063 2012 5138 patre
2036 5061 2068 5119 et
2085 5055 2155 5121 Do-

1201 5209 1268 5272 sss.
1288 5211 1315 5278 ι)
1334 5208 1510 5280 amasse
1525 5207 1564 5263 ee
1581 5207 1619 5264 rr.
1638 5208 1697 5263 ers.

1914 5291 1947 5344 24
