4846 5962
309 308 372 374 aot
1126 297 1387 368 sustollas
1409 303 1471 368 att
2239 303 2300 370 308

310 511 378 570 ras,
399 510 482 574 quse
505 511 526 555 a
546 494 652 555 morte
672 496 816 568 revocat,
838 509 921 572 quae
943 488 984 554 ad
1006 488 1183 554 salutarem
1204 507 1280 572 poe-
1330 477 1501 556 vissimum
1521 489 1621 554 simul
1648 488 1768 556 vulnus
1789 511 1827 554 eo
1846 490 1988 574 infliget,
2021 489 2106 572 qnod
2133 491 2299 556 sanctissi-

311 578 483 644 uitentiam
513 574 658 640 ex‘eitat‘l
703 573 772 640 Sed
801 574 915 640 dicetis
935 577 1090 640 fortasse:
1124 574 1205 640 haee
1226 595 1282 657 ag·
1331 595 1419 638 mam
1441 583 1475 638 st
1495 573 1671 640 salutarem
1693 575 1783 639 illam
1804 575 1911 658 legem
1933 589 1966 640 et
1986 574 2204 646 constituendi
2226 595 2299 658 pas·

310 663 474 728 noscimus
495 661 641 744 plerique
661 667 695 726 et
717 660 806 726 huno
826 665 952 726 verae*
974 659 1050 726 fidei
1071 669 1104 726 et
1124 660 1184 724 aeli
1206 681 1280 742 pro·
1331 671 1439 724 torum
1463 660 1630 740 rationem,
1650 681 1746 742 quom
1769 661 1901 726 indubie
1921 661 1993 744 ipse
2013 662 2148 744 spiritus
2169 670 2299 726 sanetus

309 747 470 814 batissimi
502 746 628 812 Christi
659 745 847 811 ministrum
888 754 1014 828 patrem
1053 755 1086 810 et
1116 755 1280 828 pastorem
1333 743 1424 808 vobis
1452 743 1608 824 instituit,
1636 745 1777 810 violabit.
1828 745 2013 810 Admodum
2047 747 2135 810 enim
2164 767 2298 811 eonsen-

308 843 458 898 nostrnm
485 833 627 896 retinere
654 833 817 914 cupimus,
851 831 1018 914 multoque
1051 831 1150 896 huius
1182 829 1280 896 duras
1333 829 1452 892 tienter
1473 829 1513 893 ad
1543 831 1746 895 verissimam
1773 832 1932 896 rationem
1959 829 2100 914 eligendi
2126 839 2160 896 et
2186 833 2298 914 prasii·

310 917 553 1001 obiurgationes
591 939 689 1000 qrram
722 917 859 982 aliorum
898 916 1071 980 blanditias
1107 915 1280 981 malumus.
1333 913 1440 979 ciendi
1461 915 1605 980 ecelesiis
1634 929 1782 998 pastores
1810 917 1931 1000 eligere
1956 927 1990 980 et
2016 918 2212 982 constituere
2240 937 2297 982 ros

309 1005 358 1068 At
380 1003 456 1068 dum
475 1003 624 1068 nonnulli
642 1025 683 1067 ex
701 1003 820 1067 nostris
840 1001 927 1066 ferre
948 1023 1025 1066 oum
1047 1023 1112 1066 nou
1133 1011 1279 1084 possunt,
1333 1010 1477 1082 pastores
1499 1000 1602 1064 solere
1629 1002 1829 1079 audivimus,
1858 1002 1942 1085 quod
1971 1003 2138 1086 singulare
2166 1005 2297 1083 spiritus

309 1089 412 1154 alium
429 1089 527 1152 laturi
542 1093 559 1128 ⁵
578 1089 721 1153 fructum
740 1087 811 1170 paci
828 1097 861 1152 et
878 1086 1109 1169 tranquillitati
1126 1086 1280 1152 ecelesiae
1332 1087 1435 1148 sancti
1449 1087 1639 1150 beneficium
1653 1086 1853 1152 vobisctiam
1866 1109 2062 1171 magnopere
2084 1087 2295 1169 gratulamur.

307 1179 342 1241 et
363 1173 574 1257 reipublicae,
601 1182 750 1238 nostrum
776 1172 830 1238 hio
857 1171 1054 1237 desiderium
1090 1171 1280 1254 posthabere
1333 1170 1405 1234 Hoc
1426 1173 1512 1235 enim
1535 1181 1569 1234 et
1595 1173 1636 1236 ab
1663 1173 1819 1254 apostolis
1846 1173 1927 1255 ipsis
1954 1187 1987 1236 et
2008 1173 2130 1238 sanetis
2151 1175 2296 1255 patribus

310 1259 476 1326 dehemus.
520 1259 582 1324 Cui
605 1279 724 1341 quaeso
745 1262 834 1340 pani,
862 1259 994 1334 fratres,
1022 1257 1073 1323 eui
1096 1257 1279 1339 tranquilli·
1331 1255 1366 1318 iu
1389 1257 1524 1320 eeclesia
1541 1279 1670 1340 semper
1686 1267 1852 1322 servatum
1870 1269 1928 1334 est,
1951 1269 1988 1322 ut
2005 1258 2153 1323 electioni
2171 1269 2205 1322 ot
2222 1279 2296 1322 eon·

310 1345 393 1410 tati?
438 1344 513 1410 Non
535 1353 732 1427 potestesse
754 1365 819 1426 pax
848 1343 883 1407 in
905 1365 944 1408 sa
976 1343 1028 1408 vel
1057 1343 1192 1408 eeclesia
1227 1343 1279 1406 vol
1332 1341 1493 1406 stitutioni
1511 1343 1735 1407 ministrorum
1754 1343 1778 1408 ii
1796 1351 1984 1426 praeessent
2000 1353 2034 1407 et
2051 1343 2296 1409 moderarentur

309 1431 713 1512 eivitatsinquanonsuo
734 1428 804 1494 loco
826 1428 1279 1510 habenturadministripaois
1332 1428 1386 1508 qui
1408 1427 1444 1492 in
1465 1429 1647 1492 ministerio
1668 1429 1733 1492 iam
1756 1429 1880 1512 probati
1903 1437 2022 1504 essent,
2044 1450 2144 1511 eoque
2166 1429 2207 1494 de
2229 1429 2295 1494 ido-

309 1537 415 1592 verae,
438 1535 534 1597 quam
557 1535 631 1579 enm
650 1515 720 1579 Deo
742 1535 801 1597 per
818 1513 987 1579 Christum
1010 1514 1176 1578 habemus.
1214 1514 1279 1578 Rs·
1332 1513 1401 1576 nois
1423 1511 1465 1576 ad
1494 1513 1554 1578 hoe
1584 1514 1803 1578 ministerium
1831 1514 1973 1579 iudicare
2000 1515 2126 1580 facilius
2148 1525 2181 1578 et
2203 1535 2296 1579 exae-

309 1601 451 1666 vertitur
471 1601 558 1664 enim
580 1599 621 1663 ad
642 1599 731 1682 ipsos
754 1621 818 1681 pax
830 1599 964 1663 Domini
982 1621 1081 1682 quam
1099 1600 1170 1664 eius
1187 1599 1279 1664 iussu
1332 1598 1396 1660 tius
1430 1609 1570 1679 possent.
1619 1598 1702 1664 Inds
1728 1607 1854 1664 veteres
1881 1620 2021 1666 canones
2053 1600 2166 1664 iubent
2199 1601 2296 1666 totius

311 1687 500 1764 attulerant,
522 1707 624 1768 quum
647 1684 815 1767 repellitur
835 1683 999 1749 Dominus
1020 1685 1100 1766 ipse,
1123 1697 1159 1748 ut
1180 1693 1278 1748 testa·
1330 1683 1516 1763 provinciae
1538 1685 1703 1767 episcopos
1725 1685 1909 1762 convenire,
1931 1685 1959 1750 si
1980 1685 2108 1766 quando
2129 1686 2296 1768 episcopus

309 1779 365 1836 tur
386 1771 557 1836 Dominus.
602 1771 647 1834 Et
676 1771 828 1834 irascitur
856 1768 936 1836 adso
963 1791 1021 1834 rex
1044 1771 1134 1834 Deus
1156 1769 1197 1834 iis
1222 1771 1278 1851 qni
1330 1767 1427 1833 alicui
1446 1770 1601 1834 ecclesiae
1623 1770 1843 1834 instituendus
1865 1771 1923 1848 sit,
1951 1779 1989 1834 ut
2010 1771 2163 1834 nimirum
2186 1771 2296 1836 multis

305 1875 419 1921 servos
440 1861 560 1934 suos*,
590 1857 706 1938 quibus
728 1863 823 1920 vocnt
849 1855 890 1918 ad
912 1853 1023 1920 beatas
1044 1857 1102 1920 filii
1125 1857 1174 1920 sui
1196 1875 1278 1937 nup-
1330 1854 1563 1935 praesentibus,
1586 1855 1642 1938 qui
1664 1867 1698 1920 et
1714 1855 1925 1920 assumendos
1942 1855 1983 1919 nd
2004 1876 2132 1920 sacrum
2151 1857 2295 1920 ministe-

305 1941 378 2019 tins,
402 1941 565 2023 repellunt
592 1951 650 2004 aut
671 1941 868 2006 contumelia
900 1940 968 2006 ulla
989 1939 1137 2006 alliciunt
1159 1961 1219 2004 nec
1241 1947 1278 2003 ut
1329 1940 1413 2002 rium
1441 1941 1615 2021 perfectius
1642 1949 1790 2017 nossent,
1826 1953 1860 2006 et
1888 1962 1971 2024 quae
2004 1941 2046 2004 ad
2072 1961 2200 2006 sacrum
2237 1941 2295 2008 hoo

305 2025 439 2110 angelos
451 2027 523 2104 Dei,
546 2027 679 2110 angelos
696 2026 811 2091 salutis
829 2035 863 2091 et
884 2027 982 2108 pacis,
1001 2041 1149 2090 amanter
1170 2035 1204 2090 et
1224 2047 1277 2090 re·
1328 2025 1546 2090 ministerium
1565 2026 1626 2090 rito
1643 2027 1826 2091 obeundum
1845 2027 2057 2108 requiruntur
2075 2048 2139 2090 non
2158 2027 2294 2092 lectione

304 2121 457 2179 verenter
478 2111 719 2194 amplectuntur
736 2121 832 2194 atque
854 2111 985 2189 babent,
1007 2119 1047 2176 ut
1069 2132 1123 2176 eos
1145 2111 1276 2193 penitus
1327 2117 1456 2174 tantum
1484 2111 1537 2174 vel
1564 2112 1730 2176 auditione
1757 2112 1814 2176 ssd
1840 2134 1902 2176 usu
1924 2113 2022 2176 otiam
2044 2121 2077 2175 et
2095 2113 2295 2194 experientia

304 2197 476 2262 exscindet
497 2207 531 2261 st
552 2197 667 2262 urbem
689 2198 834 2279 ipsorum
855 2196 1005 2261 incendio
1024 2199 1182 2261 absumat.
1215 2197 1276 2260 Di·
1328 2195 1532 2276 exploratum
1555 2197 1675 2262 habere
1697 2207 1843 2279 possent,
1871 2197 1980 2262 minus
2009 2197 2157 2262 valerent
2177 2197 2294 2262 studiis

304 2291 392 2360 eunt,
416 2301 529 2346 eorum
551 2302 621 2346 esse
642 2282 811 2348 ministros
832 2280 996 2346 dimittere
1014 2303 1151 2364 quorum
1168 2301 1276 2348 eccer—
1327 2281 1562 2362 imperitiorum
1600 2281 1769 2346 hominum
1802 2285 1946 2364 irrepere
1977 2282 2011 2346 in
2050 2281 2156 2346 locum
2197 2282 2295 2348 huius

305 2387 385 2432 sere.
429 2367 476 2430 Et
502 2387 578 2432 vers
606 2367 639 2430 id
667 2367 789 2432 dieunt.
833 2368 880 2431 At
900 2367 1067 2444 Christus,
1098 2375 1135 2430 ut
1161 2368 1275 2446 omnis,
1327 2367 1551 2432 sanctissimae
1573 2369 1757 2444 functionis,
1779 2368 1835 2450 qui
1855 2389 1925 2432 eam
1944 2379 2030 2432 recte
2048 2367 2136 2432 obire
2157 2389 2225 2434 non
2249 2367 2294 2432 di-

303 2451 351 2516 ita
372 2457 406 2515 st
425 2459 552 2516 restrae
574 2452 727 2517 ecclesiae
748 2459 847 2534 caput
868 2461 900 2516 st
921 2467 1014 2534 pater
1034 2453 1183 2530 familias,
1213 2453 1277 2516 Fa·
1326 2450 1490 2516 dicissent.
1534 2453 1604 2516 lam
1628 2463 1666 2518 ut
1681 2454 1714 2517 hi
1727 2475 1893 2536 nunquam
1908 2453 2048 2534 aliquem
2061 2453 2188 2536 populis
2211 2455 2293 2537 epis·

304 2537 416 2602 rollum
428 2537 519 2602 vohis
530 2538 656 2619 corpori
669 2558 727 2601 suo
747 2547 781 2602 et
792 2537 933 2602 thnrilias
955 2558 1033 2602 suae
1055 2538 1153 2616 misit,
1175 2536 1273 2615 dedit,
1326 2557 1442 2618 eopum
1465 2559 1531 2602 uon
1553 2539 1651 2602 etiam
1673 2538 1714 2604 ab
1735 2539 1814 2621 ipsis
1841 2537 2082 2621 comprobatum
2111 2547 2146 2602 et
2171 2541 2294 2621 expeti·

305 2619 439 2699 addixit,
460 2630 603 2686 ntsuum
616 2621 897 2688 vobisdimsnsum
910 2622 1126 2700 distribueret,
1149 2623 1274 2688 dimen-
1326 2631 1397 2686 tum
1418 2621 1609 2700 ordinarint,
1633 2624 1679 2688 ita
1700 2625 1851 2688 audimus
1873 2625 1971 2688 stiam
1995 2621 2080 2706 apud
2102 2645 2168 2700 ros,
2193 2646 2292 2706 quum

304 2727 378 2772 sum
400 2709 487 2772 ritae
508 2717 669 2772 aeternae.
714 2707 824 2788 Quare
848 2707 935 2774 hune
962 2730 982 2772 a
1004 2707 1135 2774 Christo
1163 2709 1273 2773 datum
1326 2708 1467 2772 ministri
1489 2708 1690 2790 dispexerint
1710 2711 1766 2791 qui
1787 2709 1901 2793 eligia
1923 2709 2021 2786 robis,
2044 2709 2084 2774 ab
2106 2711 2186 2791 ipsis
2208 2709 2293 2774 ordi·

305 2792 397 2858 vobis
419 2801 582 2874 pastorem
607 2813 674 2856 nou
696 2815 739 2857 ex
761 2795 951 2858 sententia*
973 2792 1097 2859 Christi
1119 2815 1139 2860 a
1160 2795 1272 2859 minis-
1325 2794 1398 2856 nari
1419 2793 1453 2858 in
1476 2794 1694 2860 ministerium
1712 2795 1865 2862 ecelesiae
1883 2815 1976 2877 posse
1998 2793 2156 2872 videatur,
2179 2795 2293 2860 sistere

304 2877 386 2942 tario
408 2877 562 2944 eeclesias
587 2889 712 2944 vestrae
733 2878 888 2962 relegare,
911 2889 961 2944 est
972 2878 1144 2944 Christum
1165 2881 1272 2964 ipsum
1325 2899 1401 2942 sum
1422 2880 1565 2958 senatui,
1594 2881 1645 2946 eui
1668 2881 1791 2946 scilicet
1817 2881 1930 2946 iuter*
1951 2881 2060 2944 omnia
2081 2879 2216 2962 publiea
2237 2901 2293 2944 ne-

305 2969 338 3028 st
356 2961 538 3028 salvificum
559 2985 698 3047 regnum
720 2963 790 3029 eius
810 2965 953 3041 relicere,
976 2985 1074 3047 seque
1095 2966 1135 3030 iis
1157 2965 1272 3030 adiuu·
1325 2964 1414 3046 gotia
1439 2964 1553 3050 religio
1588 2975 1622 3032 et
1650 2965 1748 3030 huius
1777 2965 2015 3040 administratio
2043 2986 2139 3030 curae
2168 2967 2294 3048 primas

303 3067 381 3132 gsre
402 3049 459 3130 qui
480 3047 612 3114 Christo
639 3050 846 3116 renunciant:
880 3050 1056 3132 (Nolumus
1083 3049 1171 3115 huno
1199 3073 1272 3134 reg-
1324 3069 1395 3114 esse
1417 3047 1521 3128 debet,
1551 3057 1621 3116 tum
1644 3051 1743 3116 stiam
1765 3050 1861 3134 plebi,
1884 3071 1947 3133 quo
1970 3051 2027 3132 qui
2048 3070 2203 3132 praeesse
2226 3071 2293 3114 om·

302 3152 382 3198 nare
403 3155 503 3216 super
523 3135 617 3214 noel)
639 3155 741 3217 eoque
763 3155 797 3200 se
819 3135 907 3218 ipsos
929 3135 1085 3218 supplicio
1107 3136 1193 3218 quod
1208 3137 1273 3202 Do-
1324 3133 1420 3198 uibus
1452 3135 1549 3200 debet
1585 3136 1725 3219 eligatur
1762 3137 1862 3202 etiam
1893 3137 1933 3202 ab
1966 3137 2124 3200 omnibus.
2181 3135 2293 3218 Quum

301 3218 413 3283 minus
430 3218 548 3284 talibas
566 3219 709 3284 minatus
729 3230 780 3284 est
800 3221 955 3286 obnoxios
977 3223 1089 3286 faeere.
1126 3219 1272 3304 Spiritus
1324 3220 1412 3284 enim
1433 3222 1601 3286 ministros
1623 3229 1770 3304 oporteat
1790 3223 1910 3304 absque
1932 3222 2067 3286 crimine
2089 3242 2169 3298 esse,
2199 3241 2294 3288 nemo

301 3313 434 3369 sanctus
462 3325 520 3388 per
555 3315 699 3369 sanctam
731 3305 822 3370 illam
854 3313 889 3371 et
919 3313 986 3370 tam
1016 3308 1272 3372 consentientem
1323 3305 1359 3368 in
1380 3307 1470 3370 omni
1491 3307 1627 3374 ecclesia
1654 3329 1721 3372 nou
1743 3307 1850 3372 audiri
1872 3306 2019 3384 deberet,
2048 3307 2076 3371 si
2104 3328 2205 3388 quam
2233 3308 2294 3372 eri·

298 3389 447 3454 omnium
459 3387 610 3454 ordinum
621 3389 774 3454 eeclesiae
795 3399 922 3456 vestrae
934 3390 1104 3472 Farellum,
1126 3393 1272 3476 sacrique
1323 3391 1535 3456 minutionem
1572 3391 1624 3458 vel
1658 3393 1869 3458 verisimilem
1905 3401 2018 3458 eontra
2056 3391 2295 3458 instituendum

301 3474 485 3548 ministerii,
507 3483 640 3540 senatus
662 3475 830 3558 utriusque
852 3489 886 3540 ot
906 3475 1009 3559 plebis
1029 3477 1217 3544 electionem
1240 3487 1273 3544 et
1324 3475 1510 3541 ministrum
1538 3477 1665 3542 adferre
1692 3479 1781 3544 velit.
1832 3477 1906 3544 Hae
1933 3479 2043 3560 itaque
2069 3478 2199 3542 ratione
2227 3489 2294 3542 tam

301 3559 504 3624 vocationem
516 3561 670 3625 intervos
681 3561 865 3644 episcopum
886 3563 1069 3627 constituit:
1091 3584 1168 3647 ergo
1185 3586 1271 3630 nune
1322 3572 1444 3639 saneta,
1467 3575 1533 3626 tam
1552 3585 1629 3628 vere
1650 3565 1814 3638 canonica,
1837 3573 1903 3628 tam
1921 3574 2009 3629 certo
2027 3563 2067 3628 ab
2084 3563 2157 3646 ipso
2179 3564 2297 3646 spiritu

302 3665 417 3709 rursus
438 3667 512 3709 eum
535 3645 596 3710 hoe
615 3665 750 3710 munere
773 3645 965 3725 destituere,
993 3659 1126 3731 propter
1146 3649 1271 3732 aliquos
1323 3659 1435 3712 saneto
1456 3650 1636 3714 constituta
1663 3671 1763 3731 quum
1788 3648 1957 3714 Pdorellus
1983 3650 2026 3713 sit
2054 3647 2140 3730 apud
2170 3669 2234 3714 vos
2262 3649 2295 3712 in

301 3730 360 3813 qni
381 3750 464 3811 opus
485 3729 618 3812 spiritus
640 3731 754 3807 saneti,
777 3734 973 3797 severiorem
992 3742 1124 3816 propter
1140 3743 1273 3816 peecata
1323 3734 1509 3798 ministrum
1529 3733 1669 3818 quidem,
1688 3743 1723 3800 et
1739 3735 1925 3798 ministrum
1943 3734 2115 3798 omnium·
2137 3731 2210 3818 (scd
2231 3755 2295 3798 nou

299 3815 572 3898 increpationem,
602 3816 686 3881 male
708 3819 849 3882 ferentes
872 3817 1035 3884 Fardlum
1057 3819 1176 3884 habere
1197 3841 1272 3902 pas·
1325 3829 1362 3882 ut
1391 3821 1548 3902 cuiusque
1576 3819 1761 3885 hominibus
1788 3820 1972 3894 affectibus,
2008 3818 2066 3884 scd
2093 3827 2132 3884 ut
2160 3819 2295 3884 Christo

304 3907 409 3966 torem
431 3899 562 3976 nolunt,
589 3900 666 3983 quid
694 3901 754 3969 hoo
782 3902 870 3968 aliud
893 3904 937 3969 sit
964 3925 1060 3986 quom
1089 3925 1272 3990 repugnare
1324 3905 1465 3968 Domino
1493 3903 1579 3988 apud
1610 3926 1668 3970 vos
1689 3905 1868 3984 ministret,
1896 3914 1930 3968 et
1950 3903 2087 3970 salutern
2109 3905 2182 3970 eius
2205 3906 2296 3970 robis

303 3986 436 4070 spiritui
458 3985 592 4052 saneto?
636 3988 682 4051 Et
703 3995 741 4051 ut
766 4008 831 4052 non
860 3989 901 4053 ad
923 3989 1048 4054 Christi
1074 3990 1272 4070 missionem,
1324 3989 1544 4073 administret)
1570 4011 1672 4073 eoque
1700 4012 1766 4054 non
1791 3990 1827 4054 iu
1861 3991 2074 4072 mancipium,
2101 4011 2161 4074 pro
2189 3989 2293 4074 quali·

305 4093 370 4136 non
389 4071 431 4136 ad
448 4072 583 4154 spiritus
599 4074 702 4137 saneti
719 4073 959 4139 institutionem
978 4076 1138 4158 respicere
1158 4076 1220 4142 hae
1237 4078 1273 4142 iu
1324 4096 1450 4158 cunque
1471 4077 1640 4140 voluntate
1666 4075 1896 4153 abiiciendum,
1926 4073 1983 4139 scd
2011 4076 2045 4138 in
2074 4085 2242 4158 pastorem
2263 4083 2296 4140 ot

234 4201 238 4214 ·
305 4177 341 4222 re
363 4157 491 4222 velletis
513 4155 614 4240 (quod
635 4158 724 4222 nullo
743 4159 990 4236 modulacione,
1014 4163 1089 4243 quia
1108 4171 1273 4227 extremae
1325 4175 1450 4242 patrem
1463 4174 1618 4239 vestrum,
1630 4161 1707 4226 dum
1719 4161 1840 4226 vixerit
1850 4167 1876 4238 ⁵,
1895 4182 1955 4226 nse
1966 4161 2030 4225 alio
2043 4160 2084 4226 ob
2094 4162 2295 4226 meliorem*

304 4241 482 4325 impietatis
504 4242 613 4328 esset),
635 4251 746 4308 tamma
767 4265 832 4308 non
852 4245 875 4310 ii
896 4245 956 4310 soli
974 4245 1134 4310 Forellcm
1156 4249 1189 4310 iu
1213 4249 1273 4312 mi·
1324 4247 1531 4312 ecclesiarum
1568 4249 1795 4312 necessitatem
1824 4247 1970 4336 legitime
2003 4253 2161 4312 vocatus*
2194 4245 2296 4312 luerit

306 4325 750 4394 nistrumeoelesiaevestrae
771 4329 940 4413 elegerunt
962 4332 1017 4413 qui
1038 4351 1127 4396 nuno
1149 4333 1273 4417 relega·
1324 4332 1617 4398 commutandum*
1646 4353 1666 4398 a
1694 4331 1825 4398 Christo
1857 4335 1927 4414 ipso
1960 4341 1994 4395 et
2023 4332 2140 4414 spiritu
2169 4343 2294 4408 saneto,

306 4421 377 4476 tum
404 4414 553 4496 eupiunt,
582 4414 638 4479 sed
673 4435 732 4480 vos
760 4436 887 4494 omnes,
921 4425 1026 4480 totum
1049 4418 1272 4483 ministrorum
1324 4431 1393 4482 tum
1417 4418 1515 4482 etium
1536 4419 1576 4482 ab
1598 4418 1747 4484 omnibus
1768 4417 1919 4482 eeclesiae
1940 4427 1974 4480 et
2001 4417 2201 4499 reipublicae
2223 4437 2295 4484 ves·

307 4498 469 4580 evangelii
490 4500 677 4582 collegium,
704 4509 791 4565 totus
817 4503 921 4565 maior
947 4511 981 4566 ot
1002 4503 1109 4568 minor
1130 4514 1272 4581 senatus,
1325 4511 1395 4568 trae
1417 4503 1584 4568 ordinibus
1602 4503 1733 4570 indubie
1753 4503 1870 4586 spiritu
1892 4501 2017 4568 Christi
2035 4502 2126 4568 adid
2146 4504 2181 4566 iu
2200 4523 2295 4568 sano-

305 4582 399 4666 plebs
421 4584 581 4650 universa.
615 4589 662 4650 At
682 4607 778 4668 quam
800 4587 894 4651 multi
915 4586 1049 4652 indubie
1071 4609 1111 4652 ex
1135 4589 1187 4653 his
1204 4612 1272 4654 om·
1325 4590 1367 4652 tis
1396 4589 1534 4666 electus,
1564 4591 1739 4672 expetitus,
1770 4599 1956 4670 assumptus
1984 4595 2018 4651 et
2043 4586 2216 4654 ordinatus
2244 4589 2294 4666 sit,

306 4668 404 4733 nibus
435 4668 601 4734 ordinibus
632 4681 711 4736 sunt
745 4671 863 4753 quibus
888 4673 973 4736 nihil
1000 4685 1097 4755 queat
1129 4675 1273 4740 accidere
1324 4673 1419 4738 debet
1449 4675 1591 4757 profecto
1620 4676 1713 4740 vobis
1741 4674 1840 4738 huius
1861 4673 2078 4738 ministerium
2107 4675 2154 4739 sio
2186 4695 2295 4740 sacro-

306 4757 441 4838 gravius
464 4759 607 4835 quamsi
631 4759 762 4838 spoliari
793 4779 847 4822 eos
876 4760 1044 4841 contingat
1071 4769 1138 4822 tam
1161 4769 1272 4826 sancto
1324 4769 1471 4826 sanetum
1495 4760 1616 4840 haberi,
1639 4781 1678 4824 ea
1699 4759 1909 4824 veneratione
1930 4773 1963 4822 et
1984 4757 2196 4824 observantia
2224 4759 2294 4835 coli,

306 4853 340 4906 et
362 4839 572 4922 praecellenti
594 4841 713 4906 Forolli
735 4844 924 4918 ministerio,
947 4844 1061 4926 quibus
1087 4845 1271 4928 incompen·
1323 4854 1363 4908 ut
1390 4867 1457 4910 non
1485 4847 1588 4912 solum
1616 4845 1697 4910 illud
1726 4845 1808 4910 nulli
1834 4845 2005 4908 hominum
2026 4846 2296 4928 perturbatorum

304 4925 442 4990 sabilem
463 4925 618 4990 iniuriam
634 4927 771 4992 fecerint
789 4929 973 5012 quicunque
991 4929 1088 4994 talem
1105 4931 1185 5013 ipsis
1203 4933 1272 4996 ani·
1324 4931 1580 4998 inconsideratae
1609 4931 1826 5014 indignationi
1854 4930 2015 5012 prodatis,
2041 4927 2099 4994 sed
2120 4932 2295 4995 anemius

306 5030 435 5075 marum
456 5031 591 5076 suarum
613 5023 808 5094 curatorem,
837 5023 904 5079 tum
935 5025 1047 5080 sanctu
1080 5018 1204 5081 ratione
1232 5017 1272 5082 ab
1323 5017 1420 5080 etium
1443 5019 1615 5092 contemni,
1638 5015 1723 5099 qnod
1743 5015 1872 5098 quidem
1892 5016 1928 5080 in
1945 5013 2037 5080 robis
2047 5037 2119 5082 esse
2130 5013 2296 5080 Dominus

306 5095 376 5177 ipso
388 5096 521 5162 Christo
540 5097 587 5161 eis
605 5098 748 5175 missum,
772 5123 792 5164 a
812 5102 930 5184 spiritu
951 5111 1062 5166 saneto
1084 5101 1273 5166 institutum
1323 5102 1458 5180 dederit,
1470 5103 1655 5184 patiamini:
1675 5125 1740 5166 non
1751 5101 1936 5166 dubitantes
1947 5099 2073 5166 Christi
2088 5101 2296 5166 maiestatem

302 5179 495 5262 eripuerint
540 5181 634 5264 Quae
654 5183 774 5248 iniuria
795 5187 854 5252 toti
875 5207 1001 5270 quoque
1023 5186 1175 5252 ecclesias
1197 5209 1272 5271 gra-
1322 5186 1405 5253 lasdi
1428 5199 1461 5252 et
1482 5188 1620 5254 salutem
1637 5199 1741 5252 morte
1763 5189 1832 5252 eius
1849 5197 1975 5270 partam
1997 5185 2121 5270 repelli,
2142 5187 2173 5251 si
2197 5187 2296 5252 buius
