4910 5974
167 297 231 362 499
1058 299 1138 363 1542
1160 292 1267 365 AUG.
2100 301 2166 371 4³0

255 482 410 566 Collegae
431 483 533 548 nostri
561 481 772 548 tolerabiliter
793 491 936 566 pergunt
956 483 992 548 in
1013 484 1140 550 oonoio-
1191 481 1397 565 Hispaniam,
1416 483 1456 562 ¹⁰)
1485 481 1539 548 oni
1572 481 1666 548 aiunt
1692 481 1833 546 Turbam
1865 479 1969 546 ultera
1996 503 2038 548 ex
2070 496 2163 568 purte

168 570 282 636 nibus:
312 587 427 634 rernm
454 569 489 630 in
517 567 642 634 duobus
670 568 768 632 timeo
789 567 940 632 nonnihil
965 567 1139 646 κενοδοξίαν.
1190 567 1371 632 imminere.
1405 567 1484 632 Dux
1495 566 1694 634 Auriensis
1716 564 1800 632 nihil
1821 564 1928 634 adhno
1949 589 1968 632 e
1993 567 2018 632 't
2038 590 2161 636 memo-

170 653 254 736 Quis
276 654 395 718 borum
417 652 500 718 slter
527 653 579 726 sit,
607 652 778 736 intelligis:
794 653 821 736 7)
847 674 1031 735 quenquam
1051 663 1140 720 oerte
1190 653 1301 730 rabile,
1335 652 1398 718 nisi
1431 651 1514 734 quod
1548 651 1666 734 oppida
1692 650 1756 716 duo
1785 653 1918 717 exussit.
1997 675 2161 737 nonquam

169 740 323 824 opinione
355 747 469 804 nostre
500 737 748 806 moderatiorem
777 759 812 804 se
838 739 980 820 praebet
1026 739 1139 810 Petrae
1191 737 1273 804 illud
1305 745 1401 804 vetus
1433 745 1491 802 θθι.
1543 737 1708 804 Fortassis
1736 735 1777 802 ab
1808 757 1846 801 eo
1879 747 2026 820 tempore
2057 741 2161 808 multa

170 834 281 892 autern
303 823 412 906 aliqua
431 826 526 907 signa
546 825 611 888 iam
630 821 729 898 dedit,
751 844 833 904 queo
850 823 933 888 mihi
951 823 1138 906 displicent:
1190 824 1406 908 ooutigsrnnt
1451 821 1523 888 Seis
1552 822 1629 905 quid
1658 823 1804 905 responsi
1829 821 1979 888 dederint
2000 825 2160 894 Bernates

171 910 332 994 siquidem
358 930 473 976 rarum
500 908 662 990 estquod
683 909 767 972 mihi
794 909 906 976 retulit
928 910 1138 976 Genistonius.
1192 908 1309 992 legatis
1329 909 1571 974 Basiliensium.
1616 908 1729 974 Nostri
1751 929 1838 974 nune
1866 910 2001 974 suntin
2023 931 2159 978 eaeon-

171 995 335 1077 Quoniam
352 994 498 1060 nondum
519 995 597 1059 satis
618 993 649 1058 id
673 1003 873 1077 oompertum
893 995 1060 1072 habemns,
1084 997 1139 1060 de-
1191 995 1374 1060 sultatione.
1393 998 1434 1070 ¹¹)
1478 993 1607 1059 Nostris
1636 1015 1723 1059 nuno
1752 993 1858 1058 nodus
1885 1004 1935 1060 est
1959 994 2100 1062 difficilis
2118 1001 2159 1080 ¹²)

170 1083 258 1148 oreri
284 1081 418 1162 propius
444 1082 509 1144 iam
536 1081 717 1146 observare.
762 1079 800 1144 Si
822 1080 857 1144 in
879 1100 917 1145 eo
944 1081 1017 1146 falsi
1039 1082 1139 1146 fueri·
1191 1079 1233 1144 ad
1259 1079 1467 1146 solvendum:
1500 1097 1601 1162 eoque
1628 1080 1750 1164 magis,
1782 1077 1865 1161 quod
1894 1079 1992 1145 etiam
2024 1082 2053 1148 si
2081 1082 2159 1150 hine

169 1188 253 1244 mus,
276 1165 409 1230 ubinam
431 1167 495 1230 erit
515 1163 616 1230 fides?
655 1165 882 1244 Ladooiousffi)
904 1167 989 1247 quod
1012 1187 1140 1249 semper
1190 1166 1300 1230 omnia
1328 1165 1451 1230 luerint
1477 1184 1636 1243 eonoessa,
1664 1165 1850 1248 ambiguam
1871 1185 1962 1248 spem
1983 1165 2089 1234 adhue
2111 1169 2158 1234 al·

170 1252 314 1329 verebar,
348 1251 423 1333 plns
456 1251 598 1316 levitatis
631 1264 663 1316 θι
694 1252 954 1332 innontinentiae¹
978 1250 1074 1316 habnt
1102 1253 1138 1317 in
1191 1263 1354 1334 ternpore
1372 1250 1457 1316 feeit
1492 1249 1709 1316 Evieitamen
1723 1249 1809 1332 apud
1827 1261 1977 1316 senatum
1988 1257 2156 1322 minorem.

171 1338 279 1404 verbis
307 1348 340 1401 et
366 1337 507 1414 notione,
535 1357 633 1419 quum
662 1335 879 1402 ministerium
906 1346 1054 1402 nostrum
1083 1337 1137 1404 de·
1190 1335 1330 1402 Praoare
1342 1337 1530 1412 Dominum,
1553 1347 1591 1401 ut
1608 1335 1649 1402 ad
1670 1335 1797 1402 felioem
1819 1337 1943 1402 exitum
1966 1357 2018 1402 res
2039 1339 2157 1421 perdu-

169 1432 248 1488 eeat.
283 1420 350 1490 Sed
368 1431 521 1504 ternpore,
546 1433 583 1486 nt
599 1442 703 1504 spero,
724 1421 839 1486 vitium
858 1423 919 1488 hoo
941 1425 1136 1506 eorrigetur:
1189 1431 1291 1488 eatur.
1328 1422 1390 1486 Est
1410 1422 1496 1486 enim
1518 1421 1706 1504 perieulum,
1728 1441 1770 1486 ns
1792 1442 1891 1504 quum
1912 1423 1947 1486 in
1970 1425 2157 1492 nonnionem

168 1508 264 1574 modo
284 1528 351 1572 non
373 1506 480 1574 desint
501 1507 626 1589 reliqua
646 1507 750 1589 magis
772 1510 962 1574 necessaria
1191 1517 1323 1572 ventum
1356 1508 1463 1583 inerit,
1495 1508 1604 1572 omnia
1636 1505 1830 1573 conturbent
1861 1509 1955 1590 pauei
1986 1508 2043 1586 illi,
2076 1531 2157 1592 quos

254 1591 342 1674 Quia
373 1592 536 1658 Neooomo
575 1593 720 1658 transisti
753 1613 853 1674 quum
886 1593 1030 1659 Beruam
1063 1595 1136 1672 ires,
1189 1593 1276 1657 nosti
1303 1613 1373 1658 esse
1406 1607 1532 1658 veteres
1558 1605 1591 1656 et
1618 1593 1811 1658 exereitatns
1844 1590 2044 1674 δημαγωγούς.
2089 1593 2157 1662 sed

168 1699 233 1744 non
256 1678 369 1744 dubito
391 1679 470 1760 quin
492 1677 550 1744 tibi
573 1677 614 1742 ad
636 1676 768 1760 plenum
786 1680 997 1760 exposuerint
1017 1681 1136 1746 fratres
1187 1679 1360 1757 Dominus,
1379 1699 1482 1760 spero,
1501 1677 1701 1762 gubernabit.
1715 1675 1810 1742 modo
1821 1699 1880 1744 nos
1892 1678 2068 1762 diligenter
2079 1701 2156 1746 eum

168 1762 208 1829 de
238 1763 360 1828 Forelli
387 1763 596 1845 profeotione,
610 1764 639 1844 ⁹)
665 1763 750 1844 quod
777 1762 837 1826 tibi
865 1786 906 1828 ex
935 1765 1004 1828 eius
1033 1765 1136 1832 literis
1188 1783 1365 1846 preoemur.
1410 1763 1495 1830 Vale
1525 1765 1646 1846 optime
1672 1775 1706 1828 at
1733 1763 1816 1828 mihi
1848 1763 2015 1830 eanssime
2043 1766 2155 1832 frater.

167 1848 312 1916 iudieare
329 1869 469 1932 possum.
502 1848 645 1913 Proinde
663 1847 872 1930 supersedeo:
897 1849 1008 1914 literas
1026 1860 1136 1916 tumen
1189 1847 1305 1916 Saluta
1326 1850 1443 1916 fratrae
1466 1871 1592 1928 omnes,
1621 1857 1831 1916 materteram
1859 1863 1948 1914 tuam
1970 1871 2097 1934 quoque
2118 1873 2156 1920 ao

167 1936 255 2018 ipsas
281 1935 390 2012 mitto,
421 1955 463 1998 ne
491 1933 567 2018 quid
596 1932 767 1998 desideres.
812 1933 1002 2002 Frumenttes
1032 1957 1137 2018 nuper
1188 1955 1339 2000 uxorem:
1378 1937 1429 2000 oui
1461 1957 1534 2000 mea
1566 1936 1688 2019 gratius
1719 1936 1787 2018 agit
1819 1933 1859 2000 de
1887 1945 1955 2000 tam
1987 1937 2091 2002 amieo
2122 1945 2155 2002 et

167 2019 332 2104 Lugduno
352 2019 458 2084 rediit.
504 2020 618 2084 Refert
635 2019 796 2102 Reginum
818 2020 982 2084 Nooorrne
1003 2021 1136 2086 meliore
1188 2031 1300 2086 saneta
1329 2022 1554 2087 oonsolatione.
1598 2020 1790 2086 Resombere
1822 2021 1908 2086 anim
1941 2042 2005 2086 non
2036 2033 2153 2104 potest,

168 2125 256 2172 none
277 2125 348 2172 esse
369 2106 488 2183 animo,
510 2125 609 2187 quem
629 2125 773 2186 unquam
795 2104 903 2168 fuerit
938 2104 1061 2170 Verum
1085 2127 1136 2170 re·
1188 2105 1253 2172 nisi
1274 2128 1333 2190 per
1353 2126 1592 2172 amanuensem.
1637 2106 1682 2172 Et
1710 2106 1747 2170 in
1774 2105 1925 2172 diotando
1950 2126 2016 2173 non
2037 2128 2153 2191 parum

167 2191 230 2256 sert
252 2212 295 2256 ex
320 2191 389 2258 eius
416 2191 534 2255 verbis.
579 2191 663 2254 Nom
691 2209 765 2254 onrn
793 2211 831 2256 ea
858 2191 1061 2258 familiariter
1087 2203 1138 2256 ast
1188 2201 1274 2258 esset
1294 2192 1458 2274 impedita.
1492 2191 1654 2258 Dominus
1675 2199 1761 2258 oerte
1783 2190 1877 2258 nobis
1895 2191 2013 2258 vulnus
2030 2193 2154 2258 inflixit

168 2276 380 2359 eolloqnutns.
432 2277 578 2340 Tametsi
610 2295 677 2340 non
710 2276 861 2341 omnibus
893 2278 992 2342 etiam
1025 2277 1136 2344 nnneii
1188 2273 1292 2361 grave
1312 2286 1346 2342 et
1375 2277 1525 2344 aoerbnm
1552 2279 1588 2342 in
1609 2289 1713 2342 morte
1740 2275 1841 2342 filioli.
1886 2275 1955 2342 Sed
1975 2287 2067 2360 pater
2087 2289 2152 2344 est:

166 2362 276 2428 verbis
307 2360 405 2426 fidem
438 2368 560 2426 temere
594 2361 776 2428 habendam
809 2363 903 2426 nosti.
958 2360 1016 2428 sie
1048 2365 1135 2428 enim
1188 2363 1282 2428 novit
1302 2361 1381 2446 quid
1402 2364 1478 2430 liliis
1499 2363 1568 2430 suis
1587 2363 1746 2446 expediet
1781 2362 1864 2428 Vale
1885 2364 2014 2441 iterum,
2037 2362 2153 2428 Domi·

167 2447 229 2512 heo
255 2446 359 2530 gloria
385 2445 566 2512 inebriatus
588 2455 653 2524 est,
683 2446 767 2528 quod
796 2448 830 2510 in
852 2447 1048 2529 oolloqnium
1069 2449 1135 2512 Re·
1187 2469 1250 2514 nus
1269 2449 1329 2514 tibi
1345 2448 1437 2514 adsit
1471 2449 1607 2516 Utinam
1623 2448 1735 2515 linerat
1751 2447 1839 2514 istun
1856 2469 1958 2532 usque
1976 2469 2152 2515 aoourrere.

165 2533 263 2616 ginae
284 2531 445 2598 admissus
466 2532 518 2611 sit,
541 2541 579 2596 ιιι
597 2532 788 2614 partioulam
806 2533 877 2597 sani
899 2533 1031 2608 oerebri,
1053 2554 1135 2614 quae
1186 2533 1345 2600 Libenter
1361 2543 1468 2600 tenum
1486 2533 1655 2600 dimidium
1667 2534 1752 2600 diem
1770 2533 2002 2600 eonfabularer.
2043 2534 2153 2601 Gena-

166 2617 216 2682 illi
237 2618 390 2695 restabat,
420 2616 501 2682 mihi
523 2617 673 2682 videatur
693 2638 827 2700 prorsus
848 2617 1004 2683 amisisse.
1048 2617 1133 2682 Nam
1186 2640 1256 2696 vas,
1284 2625 1330 2684 19.
1353 2619 1506 2703 Augusti.
1524 2619 1565 2704 ¹⁸)

165 2713 297 2786 praeter
328 2711 472 2768 oaeteres
503 2704 652 2785 ineptias,
685 2723 786 2784 quum
818 2701 940 2768 dioeret
970 2703 1134 2786 Reginam

164 2809 255 2854 meas
277 2788 389 2854 literas
418 2787 611 2866 desiderare,
634 2787 714 2854 milri
741 2787 872 2853 volebat
892 2787 1013 2854 diotare
1035 2809 1132 2872 argu-

164 2883 330 2940 mentum:
354 2881 387 2940 et
407 2874 499 2956 quasi
521 2893 637 2956 parum
659 2874 790 2956 ingenio
807 2893 879 2938 meo
896 2873 1020 2950 fideret,
1041 2882 1132 2940 reta·

164 2960 222 3026 bat
245 2958 386 3042 nequid
407 2961 580 3037 mitterem,
603 2959 667 3024 uisi
688 2969 763 3024 ante
784 2979 804 3022 e
825 2958 1001 3026 saleotnm
1023 2979 1060 3025 ae
1082 2980 1132 3024 re-

164 3046 342 3129 oognilnm.
387 3044 567 3110 Rumorem
587 3044 624 3108 in
646 3054 714 3108 tota
734 3044 814 3110 urbe
837 3043 1014 3126 dissipavit,
1036 3045 1133 3110 mini-

164 3151 259 3194 mum
281 3131 430 3208 abfuisse,
460 3129 539 3212 quin
560 3151 668 3196 eoram
693 3129 777 3212 Repe
797 3129 1004 3195 oonoionatus
1024 3131 1133 3196 fuerit.

164 3216 261 3282 Mille
291 3223 367 3280 sunt
394 3215 463 3280 eius
492 3215 630 3300 generis.
680 3213 732 3280 Ne
761 3225 870 3279 tumen
903 3223 996 3298 putes
1024 3217 1133 3298 ipsum

164 3302 277 3366 omnia
297 3299 439 3380 mentiri,
458 3304 595 3383 'perlem
624 3319 746 3378 eornm,
775 3320 859 3382 quae
886 3311 1007 3379 narret,
1036 3299 1134 3366 habet

163 3387 220 3452 rel
241 3406 261 3450 a
282 3386 426 3470 Regina,
457 3385 575 3450 veleb
604 3386 673 3450 eius
695 3385 861 3451 ministris.
906 3385 972 3451 Sed
994 3387 1133 3452 artifioes
1630 3397 1702 3469 417,

162 3471 265 3537 aulioi
286 3493 387 3554 quum
408 3470 557 3536 riderent
579 3471 741 3535 hominem
764 3471 943 3550 credulum,
965 3473 1034 3538 eius
1054 3471 1133 3537 faoi·

161 3557 259 3622 litate
281 3557 372 3622 abusi
393 3565 472 3621 snnt
492 3556 529 3620 in
547 3578 642 3622 suurn
660 3556 872 3634 eommodum,
895 3566 932 3622 ιιι
950 3559 1029 3623 Ιιθθθ
1046 3559 1134 3622 fama
1450 3568 1684 3637 OALVINUS
1705 3569 1889 3636 vuemo,

161 3643 198 3707 in
212 3643 428 3708 Germaniam
448 3643 643 3724 perveniret,
666 3663 748 3724 quae
765 3642 990 3708 reoonoiliaret
1005 3643 1133 3724 piorum

162 3727 347 3795 animosR
390 3729 404 3805 ',
432 3747 521 3825 quos.
540 3728 648 3794 soiuut
669 3749 756 3793 nune
779 3727 989 3826 vehementer
1010 3728 1132 3792 aliena·
1270 3760 1319 3826 De
1336 3761 1519 3825 mmm
1531 3757 1994 3823 Bmsdmssmm
2005 3761 2150 3842 prom

162 3829 216 3914 ⁸⁰?
239 3833 337 3912 ⁰⁸⁸⁰ss
385 3821 459 3877 Μ’
480 3812 544 3878 ³¹¹³
565 3822 797 3912 pemissf'mnt
816 3811 1044 3878 &mamm
1064 3833 1132 3877 ¹¹⁰³
1184 3851 1316 3915 temere
1333 3847 1449 3912 aazias
1464 3844 1574 3917 aare,
1592 3843 1832 3925 quidoudituri,
1850 3844 1927 3925 qaid
1942 3844 2061 3927 facturi
2077 3845 2147 3908 sini.

161 3901 230 3965 alre
251 3919 357 3982 magis
379 3897 419 3963 de
440 3918 537 3962 eausa
566 3910 671 3962 tenerr
698 3919 732 3960 ιιι
754 3918 890 3976 oereere,
921 3919 1019 3980 quam
1048 3897 1132 4046 (δηθὰ
1188 3933 1402 4018 Quacum
1429 3931 1468 3996 de
1494 3949 1586 3994 cm
1613 3929 1749 4010 quam
1773 3928 1929 3994 vindicari
1954 3928 2020 3994 „uu
2034 3931 2150 4009 paucis

160 3985 294 4050 istium
306 3983 402 4083 Remi
423 3983 565 4048 “fimum
586 3983 667 4082 ilhld
687 3981 726 4046 ‘1⁰
739 3981 840 4082 ,ΜΒ
860 3983 1051 4082 limmlssffl
1076 4004 1133 4047 ⁰¹¹¹
1183 4020 1299 4102 repetit,
1327 4017 1451 4082 merim
1467 4014 1653 4098 procedendi
1681 4015 1737 4096 qai
1758 4015 1884 4079 θιιιιιιιιι·
1900 4014 2024 4095 placuit
2044 4015 2152 4078 minue

161 4078 341 4148 curarent,
363 4089 497 4152 piosque
517 4090 611 4134 exuri
632 4079 771 4134 iusserit.
816 4067 905 4149 Quid
927 4067 1042 4151 plura?
1066 4090 1131 4133 non
1176 4105 1296 4188 Probat·

160 4155 263 4222 modo
283 4155 393 4220 omnia
412 4153 565 4220 eredidit:
596 4154 652 4220 sed
675 4151 735 4220 sibi
758 4155 827 4236 ipse
849 4153 943 4236 plura
963 4153 1131 4232 confinxit,

161 4262 265 4326 quam
295 4239 451 4304 andierat
498 4240 566 4305 Rex
586 4239 714 4305 Galliae
742 4241 922 4306 exereitum
951 4240 1071 4306 traiioit
1096 4239 1131 4306 in
1183 4277 1238 4342 (le
1257 4271 1423 4341 autographo
1442 4269 1506 4324 eod.
1525 4269 1626 4323 (rme,
1646 4267 1704 4334 106,
1722 4268 1767 4323 sol.
1784 4267 1819 4321 aa
1842 4268 1900 4320 noll.
1919 4283 1941 4320 e
1970 4283 2062 4336 apogr.
2083 4268 2147 4322 coe.

1184 4345 1254 4398 111⁸.
1271 4343 1316 4396 lol.
1334 4341 1352 4394 3
1369 4357 1393 4393 r.
1413 4368 1445 4379 —
1463 4339 1545 4392 Edita
1562 4347 1604 4390 est
1620 4355 1637 4390 a
1655 4337 1724 4390 Besa
1741 4336 1841 4390 Gener.
1860 4351 1886 4404 p.
1905 4333 1946 4399 39,
1964 4335 2043 4388 Laus
2061 4353 2087 4405 p.
2105 4335 2148 4406 89,

1184 4415 1286 4468 Hanov.
1304 4427 1331 4478 p.
1350 4408 1392 4472 93,
1415 4407 1518 4462 Chonet
1535 4424 1560 4475 p.
1577 4404 1619 4470 49,
1643 4408 1727 4458 Amet
1752 4422 1777 4472 p.
1794 4401 1837 4460 23.
1862 4429 1896 4441 -
1913 4403 2024 4472 Anglioe
2047 4405 2148 4474 legitur

1184 4497 1225 4552 ap.
1244 4477 1504 4535 Bonnat·(lonstable
1522 4475 1543 4530 Ι,
1559 4473 1617 4527 321.
1654 4473 1794 4526 Editiouee
1811 4473 1911 4524 latinae
1928 4481 2084 4594 corruptum
2101 4491 2146 4527 ex-

270 4579 300 4641 7)
319 4579 457 4636 mm
487 4579 569 4634 im·
599 4579 636 4633 A·
663 4578 722 4634 GM
796 4579 876 4634 dm
904 4596 1009 4702 m
1035 4581 1134 4636 Mm-
1184 4551 1277 4604 bibent
1310 4555 1424 4606 ιθιιιιιιι,
1460 4561 1540 4614 quum
1569 4541 1922 4675 Blblnsiii.)B⁰m⁸ibm
1957 4542 2013 4594 nihr
2058 4542 2149 4596 dinero

158 4665 259 4707 m
276 4649 439 4706 meane
455 4647 677 4704 eanum.
713 4647 755 4704 o.
773 4619 890 4704 ente

269 4717 359 4848 giril
407 4734 723 4841 deminuam
744 4785 873 4853 aeneo
895 4784 984 4839 aare
1007 4787 1134 4841 moue
1185 4775 1277 4782 ”“”“
1301 4771 1384 4780 ’“”’

157 4857 200 4913 ad
264 4925 271 4937 ⁵
333 4856 391 4909 iam
435 4853 1072 4978 .“ΜιιιιιιιιιίθιιιιιὶιιιιιιθοιιιιιιιίθτιιιιιιιιίΙ
1269 4849 1605 4934 10)9ῑςι”ᾶωι,ι.ῑ.979.
1641 4847 1892 4931 ΜΙΉ95.

155 4925 271 4994 socam
428 4939 470 4979 ιοο
525 4923 767 4992 mamberti-
782 4923 932 5004 'Fastidita
949 4939 1008 4980 m
1049 4995 1054 5005 Ι
1269 4923 1316 4984 ll)
1334 4923 1392 4976 Sors
1411 4961 1417 4974 .
1437 4959 1444 4974 .
1463 4959 1470 4974 .
1489 4959 1496 4972 .
1514 4921 1778 5000 oonsultatrofluesom.
1795 4916 1871 4973 EM.
2073 4987 2079 4998 ¹

155 4993 462 5122 marm
479 4997 667 5120 ‘immabi‘
679 4992 1133 5143 iiiiiifflfflil
1183 4985 2052 5138 rmiltiib‘ririi‘didrmmi'iiiiffiiffi
2070 4987 2146 5126 ιι.)Ρ

155 5138 271 5215 ηερε.
307 5129 1133 5212 queprnebabuatepastolaeepsnemtmmimioaei
1236 5123 2144 5248 ‘lthomaeasndbaaeononpoltaoonpertmmtn

154 5205 433 5276 mmm.
1184 5199 1459 5254 loramento
1508 5191 1627 5262 m.

1639 2753 1775 2820 Ioannos
1799 2754 1957 2823 Calvinus
1978 2763 2063 2821 tuus.
