4942 5982
1453 167 1465 201 l

253 336 296 402 511
997 272 1289 402 1ΕΡΙΒὶΙὈΙιΑΙι
1311 331 1480 394 ete-223
2213 333 2255 396 5ss

252 525 443 609 eloquentia
470 524 603 608 insigni.
652 522 787 589 Virtute
819 522 950 607 quidem
987 545 1048 589 sna
1079 522 1233 588 Christus
1286 517 1393 583 forsan
1417 523 1452 582 et
1475 515 1626 583 Osirim
1648 517 1716 582 ibit.
1767 516 1880 600 Quare
1905 518 2032 584 etiamsi
2060 541 2127 584 non
2153 519 2256 603 possit

256 611 355 677 nobis
384 611 493 676 omnia
522 615 596 693 apte
624 611 782 675 conficere
809 609 982 694 dignatur,
1012 606 1070 674 scd
1095 608 1233 691 requirit
1285 603 1390 669 averti
1417 603 1556 686 propitio
1579 602 1712 668 Christo
1739 605 1911 687 quominus
1938 604 2051 670 redeat
2075 605 2255 685 Generum,

259 698 332 762 iure
364 703 476 762 ιιιιιιι
509 704 547 761 ut
578 696 645 778 ipsi·
673 694 714 760 ed
745 695 885 762 salutern
913 702 1059 761 nostram
1087 695 1232 776 ipsorum
1285 687 1502 754 differendum
1540 694 1650 754 tamen
1688 690 1929 769 existimamus,
1969 689 2011 755 ad
2049 691 2254 774 colloquium.

258 801 388 847 summo
417 781 524 847 studio
552 801 776 863 cooperemur,
806 789 840 846 et
865 801 945 864 quos
972 780 1173 863 cooperarius
1194 799 1232 844 ac
1284 772 1434 855 Quantae
1457 781 1543 840 esset
1564 775 1686 840 sanctis
1703 775 1924 858 consolationi,
1946 784 2085 860 quantae
2107 777 2255 844 hostibus

256 867 426 934 ministros
455 868 525 950 ipse
547 867 641 932 nobis
674 867 770 950 fingit
801 873 835 931 et
866 865 969 931 donat
1000 875 1067 931 teto
1100 873 1231 949 pectore
1284 858 1410 925 Christi
1431 861 1695 938 consternationi,
1719 862 1746 926 si
1769 867 1803 926 et
1819 862 2198 928 exvestrisecelesiiseli
2221 865 2255 928 ui

257 951 411 1018 colamus.
452 951 563 1034 Quum
580 953 689 1034 itaque
700 951 800 1016 tantis
821 952 910 1016 hunc
927 951 1056 1017 dotibus
1078 959 1231 1036 ornatum
1282 943 1442 1011 adessent.
1488 943 1555 1011 Sed
1577 946 1762 1031 tigurinos,
1786 946 1865 1011 dum
1887 947 2011 1012 nemini
2029 948 2144 1015 cedere
2162 884 2255 1015 vide-

257 1036 413 1104 Chrietus
440 1037 534 1103 nobis
562 1036 698 1116 dederit,
727 1049 760 1102 et
786 1037 954 1104 videamus
987 1044 1144 1120 quantum
1176 1037 1230 1102 hic
1283 1039 1395 1110 entur,
1425 1033 1489 1097 ista
1515 1053 1632 1115 parum
1665 1038 1808 1098 movent.
1859 1033 2023 1100 Dominus
2054 1033 2167 1101 doceat
2198 1055 2255 1102 eos

257 1122 300 1188 ad
326 1145 465 1208 regnum
493 1124 563 1190 eius
591 1121 850 1188 conservandum
875 1130 972 1206 atque
999 1121 1231 1207 proferendum
1283 1117 1360 1198 quid
1391 1117 1434 1182 sit
1461 1137 1532 1182 esse
1559 1117 1707 1183 membra
1735 1119 1892 1197 invicem,
1921 1116 2053 1186 Christo
2078 1142 2156 1186 vere
2184 1143 2255 1188 ere-

257 1209 405 1274 oonierat
427 1210 601 1287 (incertum
624 1216 674 1274 eet
695 1215 804 1272 autem
825 1207 904 1290 quid
934 1207 1030 1272 adid
1052 1207 1230 1273 collaturus
1283 1201 1406 1280 dentes,
1429 1202 1542 1268 vivere
1563 1203 1599 1266 in
1616 1203 1687 1286 ipso
1704 1202 1850 1269 Domino
1867 1211 1901 1268 et
1918 1205 2103 1288 capitesuo.
2135 1205 2254 1273 Velete

256 1295 415 1360 (leuasse
442 1292 499 1379 sit)
529 1293 625 1358 enxic
654 1293 839 1359 dubitamus
865 1293 943 1376 quid
970 1293 1031 1358 hec
1057 1293 1094 1357 in
1122 1313 1159 1356 re
1182 1293 1230 1358 fa·
1283 1295 1316 1352 et
1337 1289 1517 1352 Dominum
1540 1294 1630 1353 orate
1652 1295 1691 1353 ut
1712 1289 1797 1354 adsit
1817 1289 1935 1373 pusillo
1957 1291 2050 1376 gregi
2074 1313 2141 1358 suo.
2186 1293 2254 1358 Im-

257 1379 409 1445 ciendum
431 1379 523 1445 nobis
545 1379 597 1444 sit.
641 1379 815 1460 Utcunque
842 1399 896 1444 res
923 1385 1052 1444 nostrae
1076 1378 1228 1456 habeant,
1282 1381 1415 1456 perator
1457 1374 1741 1457 persequutionem
1780 1374 1949 1442 innovavit
1991 1377 2025 1442 in
2063 1377 2253 1444 Brabantia.

256 1471 292 1529 ιι
312 1465 443 1548 quantis
467 1464 576 1546 Capite
597 1473 631 1532 et
651 1485 712 1548 ego
729 1463 892 1529 laboribus
903 1472 1032 1528 nostrae
1049 1473 1083 1528 et
1099 1463 1229 1529 scholae
1282 1459 1412 1542 Anglus
1440 1465 1529 1525 totus
1555 1459 1645 1524 furit.
1687 1459 1831 1526 Galliam
1848 1462 1931 1544 petit
1947 1462 2254 1551 veldesollieitat.⁸)

256 1557 292 1614 et
313 1550 467 1616 ecelesiae
484 1550 588 1615 indies
599 1549 708 1614 minus
720 1549 908 1628 sufficimus,
928 1557 1038 1614 temen
1055 1550 1083 1614 si
1095 1557 1228 1628 constet,
1283 1541 1349 1609 Sed
1371 1544 1455 1611 bene
1477 1553 1527 1610 est
1548 1545 1682 1610 Christo
1705 1567 1834 1612 omnem
1859 1553 2052 1630 potestatem
2081 1547 2191 1614 datam
2216 1549 2253 1615 in

259 1633 426 1701 Calvinum
454 1635 527 1719 plus
557 1634 689 1700 Christo
721 1634 846 1700 fructus
877 1635 1040 1699 facturum
1072 1633 1229 1700 Genevae
1282 1629 1417 1695 coelest
1433 1638 1530 1696 terra.
1576 1631 1720 1696 Tantum
1742 1629 1798 1697 det
1817 1640 1857 1698 ιι
1877 1633 1954 1700 huie
1972 1653 2050 1700 auae
2067 1655 2128 1700 noa
2145 1642 2253 1720 potes·

257 1740 355 1803 qnam
376 1719 439 1799 hic,
463 1721 547 1786 absit
563 1729 601 1785 ιι
620 1740 687 1786 non
709 1719 786 1784 totis
813 1719 940 1786 viribus
957 1741 1032 1784 eum
1056 1719 1111 1784 illo
1129 1721 1227 1785 etiam
1281 1717 1342 1780 tati
1363 1717 1426 1783 rite
1448 1714 1734 1784 accommodemus.
1743 1719 1772 1799 ⁴)
2324 1723 2327 1728 ’

256 1805 480 1872 extrudamus.
535 1807 582 1871 At
612 1807 647 1869 id
676 1805 754 1870 dum
787 1825 853 1870 non
884 1813 1025 1884 constet,
1055 1806 1228 1871 manifesto

255 1898 365 1956 autem
383 1890 524 1974 quotidie
541 1892 704 1957 cernimus
721 1898 844 1972 quanta
860 1890 1014 1957 ecclesiae
1031 1889 1157 1957 Christi
1174 1892 1228 1959 hie

255 1975 423 2042 commoda
450 1975 588 2054 adierat,
623 1997 684 2042 nco
716 1975 750 2040 id
777 1975 881 2042 solum
910 1976 1055 2042 scholam
1081 1987 1228 2042 nostram
1662 1998 1868 2010 -·-··

255 2059 313 2126 sed
335 2062 432 2126 etiam
455 2062 604 2146 gallicam
627 2061 794 2126 ecelesiam
818 2061 1034 2139 aedificando,
1062 2061 1227 2129 dimittere

256 2166 332 2211 eum
364 2168 432 2212 non
462 2147 532 2213 sine
563 2167 685 2231 magna
721 2147 823 2212 animi
857 2147 1006 2212 molestia
1039 2168 1225 2230 possumus:

254 2233 448 2314 praesertim
477 2252 576 2315 quum
605 2241 639 2296 et
665 2247 730 2297 non
757 2231 994 2298 contemnende
1020 2253 1095 2316 spes
1122 2234 1165 2298 ιιι
1187 2233 1227 2299 de
1355 2261 1359 2268 ·
1726 2209 1801 2280 ²23·

256 2317 392 2382 ecclesia
419 2317 597 2400 Metensi¹)
623 2338 683 2400 per
715 2339 791 2382 eum
820 2317 953 2384 Christo
986 2318 1225 2385 lucrifaciendo.
1533 2349 1769 2417 OAJMNUS
1791 2349 1994 2418 INOERTO

256 2399 313 2468 Sic
340 2402 450 2485 itaque
477 2401 555 2467 dum
577 2403 764 2482 haeremus,
792 2411 937 2470 vestram
964 2423 1023 2486 per
1055 2402 1227 2470 Christum
1996 2403 2004 2417 '

254 2487 426 2588 eptitatefn
449 2486 659 2568 Oblefltstffiurs
682 2489 837 2555 Ui11⁰bi⁸
866 2511 962 2590 quam
983 2489 1228 2590 Pfimumllffi·
1366 2519 1494 2586 Lnadm
1514 2521 1583 2586 cites
1602 2521 1711 2587 stedia
1731 2521 1786 2586 sed
1807 2523 1904 2588 mmet
1924 2523 2067 2590 hortatur
2092 2529 2127 2591 ut
2150 2546 2188 2592 ea
2209 2525 2252 2592 cd

254 2578 334 2674 artis·
349 2572 426 2655 qurd
448 2572 488 2638 de
510 2573 656 2673 Genera.
669 2573 869 2674 sperandum
889 2582 933 2674 ιιι
954 2575 1095 2641 seribere
1113 2574 1227 2660 degne-
1274 2605 1438 2687 mem
1473 2607 1652 2690 wlff-mm
1680 2607 1922 2690 amplexandam
1954 2615 2116 2676 mersae,
2169 2612 2252 2677 Tum

253 2677 346 2738 mini,
368 2679 410 2723 ne
428 2659 482 2724 vel
499 2659 658 2742 profectur
679 2659 927 2744 regntDcrrllrc
945 2659 1119 2738 obstemus,
1142 2681 1227 2727 neve
1279 2691 1344 2774 0953
1364 2692 1402 2757 de
1418 2691 1537 2758 duobus
1556 2691 1841 2758 commisceamus
1858 2694 2060 2778 Amnem&
2077 2697 2252 2780 demimus

255 2743 356 2808 etiem
385 2751 508 2844 temere
541 2745 629 2845 hunc
661 2765 792 2812 servum
826 2744 952 2812 Christi
986 2745 1130 2846 statione·
1157 2767 1226 2826 sua,
1279 2777 1333 2842 sed
1354 2775 1459 2859 aliquo
1481 2778 1587 2844 imo
1608 2779 1699 2844 modo
1718 2779 1856 2860 smmis
1885 2781 1955 2846 suis
1981 2781 2015 2845 g„
2037 2783 2183 2864 patriam
2202 2803 2251 2849 re.

254 2847 319 2910 ιιι
346 2827 480 2896 Christe
507 2838 609 2897 servrt
636 2850 714 2896 sane
741 2851 861 2915 magno
905 2852 980 2897 cum
1018 2831 1227 2898 ecclesiarum
1279 2863 1444 2929 mam-3·

252 2913 381 2992 fructu,
414 2913 501 2998 quod
539 2916 574 2982 in
613 2915 708 2982 nobis
748 2937 818 2982 esse
856 2917 976 3000 poterit
1014 2916 1225 2984 dimittamus.

252 2997 415 3082 Magnum
438 3000 568 3084 quidem
590 3001 838 3102 est-quodcum
850 3001 1040 3070 &onerates
1053 3011 1225 3103 expetunt:
1279 3033 1336 3098 (ux
1360 3033 1516 3116 apographo
1540 3033 1660 3088 pansus
1682 3035 1712 3087 ιι
1735 3033 1801 3089 coe.
1821 3033 1870 3088 141
1888 3037 1954 3090 ιιιι.
1971 3035 2125 3102 tiernensis,
2147 3038 2181 3093 u.
2198 3037 2249 3094 aee

252 3105 332 3149 nam
354 3095 547 3170 argumento
569 3096 628 3166 osb,
650 3087 722 3153 ellos
743 3093 789 3152 lta
809 3108 869 3170 per
888 3109 964 3154 eum
993 3087 1119 3153 Ohnstl
1140 3087 1228 3172 apud
1279 3101 1395 3156 Sinnsrr.
1431 3103 1544 3174 Legitur
1560 3103 1590 3156 in
1607 3103 1701 3157 eedem
1719 3103 1818 3158 sohede
1834 3105 1970 3176 descripta
1987 3107 2089 3160 aoN.9
2106 3111 2135 3161 ιι
2151 3107 2184 3162 N.
2194 3108 2250 3178 17.)

252 3189 290 3235 se
312 3169 518 3254 disciplinam
538 3172 625 3238 selle
645 3173 792 3252 restitui,
821 3181 858 3237 ut
885 3173 958 3239 odio
980 3181 1110 3238 tantum
1130 3172 1227 3240 disci·

251 3254 363 3338 plinae
384 3257 460 3322 inde
481 3259 603 3324 eiectus
624 3258 693 3322 fuit.
727 3260 774 3322 At
791 3269 869 3323 sunt
889 3258 988 3323 etiarn
1010 3259 1109 3324 subiti
1131 3279 1227 3342 saepe
1364 3257 1418 3321 Ita
1434 3277 1487 3322 me
1508 3255 1721 3323 vehementer
1741 3257 1944 3336 delectarunt
1970 3270 2044 3326 tuae
2066 3261 2188 3342 literae,
2211 3271 2251 3328 nt

252 3361 314 3406 nec
346 3342 434 3406 firmi
465 3344 560 3410 istius
591 3341 681 3410 medi
716 3349 824 3408 motus
861 3344 899 3408 in
935 3344 1035 3429 vulgo
1074 3344 1225 3427 quolibet
1278 3341 1462 3426 putaverim
1491 3363 1557 3407 non
1587 3342 1682 3408 aliter
1702 3363 1756 3408 me
1783 3343 1889 3410 officio
1911 3367 1984 3411 mco
2005 3347 2250 3415 satisfacturum

252 3423 329 3490 Non
357 3427 468 3493 dubito
497 3431 573 3512 quin
604 3429 803 3496 clarissimus
830 3435 965 3496 senetus
999 3437 1108 3496 vester
1135 3438 1227 3513 optet
1278 3449 1377 3510 qnam
1389 3428 1416 3492 si
1427 3427 1622 3510 ipseadees,
1634 3427 1724 3494 velut
1735 3427 1776 3494 ad
1787 3449 1842 3494 me
1851 3431 1998 3514 scriptas,
2009 3433 2249 3516 responderem.

252 3512 443 3577 restitutum
471 3513 559 3580 huno
584 3514 635 3578 illi
662 3513 844 3580 ministerio
872 3534 950 3597 quo,
979 3535 1082 3598 quum
1103 3516 1225 3598 impro-
1277 3514 1427 3579 Primum
1460 3511 1520 3577 tibi
1552 3533 1595 3578 ex
1628 3513 1737 3579 animo
1769 3515 1917 3600 gratulor
1949 3517 2034 3601 quod
2072 3525 2106 3584 te
2144 3519 2248 3600 video,

250 3593 368 3660 borum
388 3597 555 3664 molitione
581 3599 826 3678 deturbaretur,
855 3600 998 3665 retinere
1027 3621 1101 3666 eum
1135 3600 1225 3667 lebo-
1277 3606 1437 3682 quantum
1459 3620 1501 3664 ex
1523 3599 1598 3665 stilo
1619 3597 1761 3665 iudicare
1783 3600 1867 3680 licet,
1890 3623 1957 3668 non
1979 3625 2050 3670 esse
2071 3625 2113 3670 ex
2138 3607 2249 3672 otiosis

250 3689 376 3746 rerunt.
429 3682 670 3754 Auferemur-²)
698 3684 836 3750 subinde
863 3686 944 3751 satis
973 3687 1088 3770 gravia
1109 3685 1149 3752 de
1173 3687 1224 3752 in-
1276 3684 1343 3750 illis
1371 3685 1535 3751 canonicis
1562 3685 1618 3768 qui
1646 3685 1693 3752 sie
1714 3693 1782 3751 tota
1802 3686 1931 3752 vitain
1953 3690 2034 3770 cibo,
2056 3699 2146 3774 potu,
2168 3691 2248 3772 eles,

250 3766 439 3852 dignatione
460 3778 589 3835 vestrae
610 3770 807 3852 reipublicae
829 3791 907 3856 erga
932 3771 1137 3837 Generates:
1167 3772 1224 3838 sed
1276 3791 1406 3848 somno,
1436 3769 1539 3836 foedis
1566 3770 1665 3836 etiem
1689 3771 1879 3838 libidinibus
1908 3784 2118 3858 occupantur,
2147 3785 2187 3843 ut
2208 3777 2249 3842 de

250 3873 356 3936 spero,
380 3862 417 3918 nt
438 3854 584 3932 antehae,
607 3863 742 3938 paterno
764 3857 884 3937 animo,
907 3857 935 3923 si
953 3856 1030 3940 quid
1047 3867 1225 3941 peccarunt
1276 3855 1515 3922 honestioribus
1545 3856 1662 3922 studiis
1689 3877 1732 3922 ne
1760 3878 1820 3941 per
1846 3861 2010 3926 somnium
2033 3861 2165 3944 quidem
2186 3885 2249 3930 un-

249 3937 316 4018 illi,
343 3945 533 4004 curaturum
560 3940 593 4004 id
622 3942 854 4024 potiusquam
887 3945 1045 4008 severiter
1076 3943 1223 4010 vindica·
1276 3963 1372 4026 quem
1394 3942 1548 4026 cogitent.
1591 3941 1705 4024 Neque
1727 3950 1836 4009 tamen
1859 3946 1961 4010 miror
1987 3952 2019 4011 te
2040 3945 2081 4011 ab
2103 3969 2140 4012 eo
2163 3949 2250 4014 vitae

250 4030 362 4089 turum
389 4046 460 4092 esee
489 4025 706 4092 clarissimum
736 4035 885 4094 senatum
919 4037 1071 4094 vestrum.
1125 4029 1225 4095 Nolet
1276 4047 1396 4112 genere
1418 4049 1507 4094 nunc
1528 4049 1599 4093 esse
1621 4027 1776 4109 alienum,
1800 4051 1820 4094 a
1841 4050 1905 4112 quo
1926 4032 2061 4096 memini
2083 4039 2124 4110 ιι,
2147 4053 2251 4116 quum

249 4107 418 4176 destruere
440 4131 522 4194 opus
545 4133 651 4192 suum,
674 4121 708 4177 et
728 4115 870 4178 maxime
891 4115 927 4178 in
950 4135 1013 4198 quo
1041 4121 1169 4180 tanturn
1191 4122 1224 4181 et
1276 4113 1421 4178 nendum
1451 4113 1511 4179 tibi
1538 4111 1700 4180 Dominus
1721 4115 1899 4192 illuxisset,
1927 4116 2087 4200 singulari
2108 4116 2250 4200 quadam

273 4193 355 4258 loria
377 4203 410 4260 et
430 4196 556 4262 utilitas
576 4205 689 4264 vestro
710 4199 772 4264 sibi
793 4199 929 4282 pararit.
975 4198 1103 4281 Quibus
1126 4201 1223 4266 etiam
1276 4207 1413 4264 naturae
1452 4199 1595 4264 bonitate
1634 4221 1763 4283 semper
1800 4199 2016 4267 abhorruisse.
2079 4199 2146 4268 Sed
2185 4203 2249 4270 hoc

286 4281 415 4346 ominus
442 4283 516 4364 plus
543 4281 632 4348 dedit
656 4285 834 4367 sapientiae
855 4293 888 4350 ιι
911 4285 1085 4364 felicitatis,
1109 4285 1150 4351 ab
1172 4284 1224 4352 his
1276 4304 1404 4368 quoqne
1425 4283 1484 4350 tibi
1505 4285 1541 4349 in
1568 4285 1633 4349 tuis
1660 4284 1776 4351 studiis
1804 4285 1984 4356 videndum
2014 4293 2079 4366 ιιι,
2112 4299 2149 4353 ut
2181 4309 2248 4356 non

248 4365 354 4448 poscit
375 4373 412 4430 ut
433 4368 569 4434 aliorum
591 4376 625 4434 et
645 4370 817 4436 stultitiam
836 4377 871 4436 et
885 4372 1052 4438 miseriam
1069 4378 1102 4437 et
1117 4373 1225 4436 terant
1276 4369 1504 4436 oblectamenti
1526 4369 1596 4436 loco
1617 4369 1675 4435 tibi
1698 4371 1766 4437 sint
1787 4369 1956 4449 duntaxat,
1979 4392 2095 4437 verum
2117 4373 2153 4438 in
2171 4396 2248 4440 eum

250 4457 286 4513 ιι
313 4459 439 4515 sanent.
490 4451 555 4519 Sed
585 4454 665 4522 heco
691 4477 750 4522 vos
775 4456 908 4522 indubie
937 4457 1080 4540 quotidie
1102 4455 1223 4523 docetis
1276 4456 1376 4520 finem
1405 4455 1626 4534 conferantur,
1655 4463 1693 4521 ut
1720 4456 1860 4539 aliquem
1883 4478 1978 4522 usum
2000 4455 2125 4525 Christi
2146 4461 2247 4526 ecole-

249 4547 284 4600 et
305 4536 454 4615 monetis,
477 4547 514 4602 ut
535 4539 663 4607 dociles.
707 4542 773 4607 Hie
794 4541 873 4607 novi
901 4563 990 4607 nunc
1018 4543 1099 4608 nihil
1125 4563 1223 4625 quam
1276 4541 1343 4606 siae
1370 4539 1447 4606 elim
1476 4539 1633 4606 adierant.
1684 4542 1751 4606 Eos
1783 4541 1871 4606 enim
1905 4544 1960 4626 qui
1985 4543 2068 4608 nihil
2094 4545 2184 4612 aliud
2210 4547 2247 4610 in

248 4619 336 4704 quod
354 4621 395 4686 ad
416 4626 465 4686 28.
484 4625 677 4708 colloquium
695 4626 735 4692 de
751 4627 917 4712 religione,
940 4627 1026 4711 quod
1043 4629 1223 4713 Hagenoae
1274 4625 1379 4692 literis
1401 4635 1564 4708 quaerunt
1584 4627 1649 4692 nisi
1670 4635 1709 4691 ιι
1736 4626 1874 4692 honesta
1903 4628 2011 4711 eliqua
2037 4633 2247 4715 occupatione

248 4707 463 4772 constitutum
504 4717 566 4790 est,
601 4713 837 4796 auspicandum
872 4720 1113 4796 exspectamus,
1157 4735 1222 4797 quo
1275 4711 1334 4775 otii
1355 4711 1501 4777 taedium
1522 4712 1647 4788 fallant,
1669 4732 1857 4795 comparare
1875 4713 1915 4777 iis
1932 4715 2019 4780 soleo
2036 4716 2093 4799 qui
2111 4718 2247 4800 picturis

264 4893 332 4954 222.
352 4895 380 4960 1)
405 4895 471 4950 lbm
489 4899 617 4966 temporie
633 4915 690 4953 eom
706 4901 764 4954 eee'ei
779 4901 848 4954 clem
865 4907 891 4955 et
949 4902 969 4955 'a

248 4964 291 5018 em·
305 4965 531 5032 praedicabatur,-
548 4983 622 5021 aemo
639 4967 744 5022 demum
767 4967 834 5022 1541
904 4915 957 5024 lbi
974 4969 1061 5034 (Hire.
1134 4969 1221 5024 .111.
1377 4969 1408 5033 4)
1429 4968 1525 5022 Menoe
1548 4969 1633 5022 Innio
1655 4974 1778 5034 vergente
1800 4971 1929 5038 ecriptcm
1945 4972 2039 5038 sebee,
2062 4973 2195 5038 efficimus
2211 4989 2245 5028 ee

249 5029 315 5097 433)
334 5039 382 5086 oet
400 5036 463 5098 (ece.
483 5033 642 5089 Stridentem
661 5035 703 5090 11.
721 5035 819 5102 275)1
874 5079 880 5091 .
1275 5037 1408 5090 mentone
1429 5043 1576 5094 cosmica
1600 5037 1790 5104 Hepenoense's
1803 5039 1958 5106 prepedierit
1975 5043 2147 5109 auspicandi,
2171 5047 2196 5097 et
2212 5059 2246 5098 ec

352 5101 381 5166 2)
401 5103 507 5157 Abbioc
524 5103 562 5156 cd
582 5104 661 5169 sinen
687 5111 775 5159 testes
800 5106 977 5172 cancellatus,
1003 5105 1060 5160 scil.
1086 5121 1120 5159 oe
1146 5106 1222 5174 prelo
1274 5107 1415 5158 sermione
1434 5104 1542 5158 Caluini
1556 5120 1606 5172 per
1617 5105 1790 5172 emerere,
1809 5123 1878 5176 qeene
1894 5109 1921 5162 ιι·
1936 5123 2030 5164 revere
2047 5112 2247 5181 temsreqeeeete'

249 5171 468 5236 committeretur,
499 5175 545 5225 ees·
575 5177 680 5225 caetere
712 5173 848 5228 demuma
878 5180 964 5229 erem.
1017 5172 1156 5228 Caeterum
1184 5175 1221 5240 ef.
1274 5187 1293 5227 o
1331 5173 1413 5227 laune
1434 5174 1511 5238 seete
1532 5173 1587 5238 suit
1608 5175 1751 5228 victorium
1766 5175 1898 5242 fectionis
1917 5177 2157 5233 Geidemrtieeemem
2175 5179 2200 5234 d.
2218 5179 2245 5234 e.

249 5232 447 5306 Klempscbeelte
463 5257 489 5307 p.
507 5238 566 5292 364.
1294 5241 1356 5296 eoie'
1371 5247 1536 5308 reportatam
1553 5244 1631 5312 sequi
1647 5243 1781 5299 debuernt.
1819 5244 1913 5316 Repet,
1931 5247 1956 5299 1.
1974 5243 2025 5299 231
2043 5248 2112 5302 reio.
2128 5245 2188 5302 ild

970 4900 1037 4954 atim
1056 4915 1087 4956 ec
1142 4901 1222 4956 elium
1377 4898 1408 4966 3)
1427 4901 1483 4953 sio!
1522 4901 1589 4954 Vide
1605 4916 1644 4953 cn
1660 4899 1811 4967 legendarii:
1829 4901 1980 4956 sollicitem.
