4942 5982
194 325 233 388 15
931 313 1194 384 urlsronnu
1217 314 1452 380 tot-aoebis.
2156 321 2195 384 16

191 509 238 574 At
259 505 365 576 Satan
385 505 468 572 illud
490 511 586 590 urget
613 512 651 570 ιιι
678 513 836 588 quaerant
865 524 930 570 non
958 502 1066 586 pauci¹
1081 502 1167 584 quod
1217 521 1300 586 quae
1330 500 1401 566 fleri
1433 501 1739 568 convenientissime
1771 509 1931 585 poterant
1985 503 2075 586 Quid
2104 507 2194 573 enim

191 593 233 659 ad
245 593 380 660 dissidia
390 593 469 658 facit
480 591 585 676 magis
596 610 692 674 quam
706 590 778 673 paci
789 589 974 658 servientia.
1010 587 1165 672 Intelligc
1216 585 1305 652 aliud
1326 587 1423 652 subse
1447 596 1562 652 uutum
1583 587 1699 652 fuisset
1719 609 1818 671 quarn
1835 589 1984 653 omnium
2000 587 2192 672 aedificatio,

191 680 289 745 istinc
320 680 478 761 scriptum
505 677 620 756 fuisse,
654 677 718 742 huc
750 676 851 741 missa
883 677 1019 740 fratrum
1045 682 1127 751 acta,
1136 673 1164 760 ⁴)
1216 675 1245 738 si
1266 673 1377 750 frater,
1443 673 1588 738 monitus
1608 695 1707 756 quam
1729 673 1874 757 graviter
1895 684 2059 756 peccasset
2077 697 2192 760 quam-

191 766 302 848 aicque
323 785 383 846 per
403 785 462 830 nos
484 763 597 841 celata,
625 769 664 826 nt
690 761 732 827 ad
754 762 834 826 alios
857 780 923 826 non
945 760 1163 844 pervenerint
1217 779 1279 842 que
1301 779 1415 824 omnes
1434 779 1531 843 aegro
1548 759 1713 836 tulissent,
1736 757 1865 825 audiret
1881 781 1996 826 amnes
2012 761 2192 844 plurimum

191 849 231 917 Si
247 849 349 915 missa
366 849 506 926 fuerunt,
525 848 607 912 mihi
624 869 703 914 sane
720 868 787 912 non
803 847 938 912 fuerunt
955 845 1067 911 missa:
1086 866 1165 910 unm
1216 845 1250 909 in
1273 844 1415 909 Domino
1437 843 1580 929 gaudere
1602 843 1687 928 quod
1715 844 1866 910 rediisset
1894 867 1932 912 ae
1960 845 2058 912 huius
2085 850 2192 932 gratia

192 958 233 1001 ex
254 935 365 1001 fructu
387 935 524 1004 actionis
543 934 631 998 illius
653 932 693 998 de
716 953 779 1016 quo
801 933 918 1017 agitur,
946 953 1046 997 unam
1074 951 1164 996 acor·
1216 930 1421 996 carissimum
1438 950 1518 1008 esse,
1536 929 1621 1012 quod
1640 929 1788 1014 perditus
1805 952 1906 1014 quum
1920 933 2191 998 essetaDomino

189 1021 358 1088 bissimam
379 1021 519 1105 cogebar
540 1027 618 1085 tuno
640 1017 807 1097 devorare,
830 1039 932 1101 quum
954 1017 1037 1082 nihil
1059 1017 1166 1101 magis
1217 1017 1260 1081 sit
1271 1017 1437 1094 inventus,
1450 1023 1599 1081 mortuus
1610 1016 1784 1081 revixerit:
1804 1037 1905 1100 quare
1916 1038 2031 1083 omnes
2042 1019 2192 1101 precibus

191 1105 233 1172 ad
254 1115 396 1172 mortem
415 1113 546 1190 raperet
564 1125 616 1169 me
638 1124 738 1188 quem
759 1103 968 1170 ecclesiarum
991 1101 1165 1185 perillum
1217 1101 1259 1167 ad
1281 1102 1460 1166 Dominum
1482 1101 1628 1166 adiuturi
1650 1101 1717 1165 sint
1737 1103 1855 1185 ipsum,
1886 1125 1923 1169 ac
1953 1105 2065 1169 omnia
2087 1105 2194 1172 acturi

190 1193 277 1258 faeta
294 1192 398 1270 ruina,
422 1200 459 1256 ut
475 1201 600 1258 taceam
623 1190 662 1256 de
683 1190 749 1254 viri
770 1189 1053 1267 commilitonibus,
1077 1197 1111 1252 et
1127 1195 1166 1253 ut
1217 1208 1301 1271 quae
1323 1187 1484 1252 Dominus
1507 1186 1633 1252 dederit
1661 1189 1697 1252 in
1725 1189 1865 1272 gratiam
1893 1189 2003 1272 ipsius.
2049 1191 2193 1256 Tantum

191 1277 314 1360 aliquid
335 1279 422 1342 inter
451 1293 594 1360 eaquae
616 1277 753 1340 fratrum
775 1285 855 1341 sunt
875 1275 915 1340 de
937 1275 1019 1340 meis
1040 1273 1165 1339 immis-
1218 1272 1452 1338 contendatita
1470 1270 1642 1338 aedificare
1660 1283 1821 1356 quantum
1839 1273 2010 1353 destruxit,
2031 1287 2066 1340 ut
2077 1296 2192 1342 omnes

191 1384 292 1443 mam,
314 1362 438 1428 iudices
466 1362 550 1428 solos
579 1361 724 1428 effecisse
751 1382 794 1426 ne
822 1359 1039 1443 triumpharet
1065 1369 1163 1426 actor.
1216 1357 1334 1424 merito
1355 1357 1533 1442 adigantur
1554 1359 1715 1424 rationem
1736 1359 1839 1443 ipsius
1860 1359 1984 1426 habere·
2001 1362 2036 1425 in
2058 1363 2194 1431 ecelesia

192 1447 276 1531 Quis
309 1457 418 1531 speret
450 1447 539 1514 aliud
569 1449 714 1531 cogitare
746 1448 781 1512 in
809 1446 870 1513 hae
900 1467 999 1512 causa
1027 1465 1082 1511 eos
1110 1447 1165 1528 qui
1216 1443 1360 1509 Domini.
1404 1443 1478 1510 Hoc
1502 1465 1582 1510 sane
1600 1464 1667 1509 non
1685 1466 1801 1528 parum
1819 1447 1920 1512 afficit
1937 1445 2022 1530 quod
2039 1469 2194 1516 concessa

192 1533 314 1601 audent
333 1535 507 1614 affirmare,
529 1531 686 1617 quidquid
712 1533 752 1598 ab
780 1532 853 1598 aliis
874 1533 912 1596 fit
938 1541 996 1596 aut
1023 1539 1164 1608 curatur,
1217 1539 1251 1594 et
1273 1531 1436 1594 affirmate
1458 1536 1557 1613 negat
1584 1539 1622 1594 ut
1649 1529 1754 1596 dubia.
1798 1531 1907 1614 Magis
1934 1553 2009 1598 cnm
2035 1534 2191 1601 fratribus

190 1620 340 1704 quamvis
368 1639 463 1685 nemo
491 1620 600 1686 minus
630 1619 748 1684 resciat
779 1639 878 1701 quam
909 1638 985 1702 ego,
1018 1623 1164 1682 autorem
1217 1615 1424 1700 expostulare
1452 1614 1582 1680 videtur
1613 1637 1711 1698 quam
1743 1617 2043 1682 reconciliationem
2063 1641 2191 1706 cupere.

190 1727 244 1772 me
267 1727 346 1772 esse.
1218 1699 1275 1768 Sin
1297 1701 1392 1765 aiunt
1418 1701 1473 1784 qui
1501 1709 1573 1767 acta
1600 1701 1757 1767 viderunt
1783 1703 1819 1766 in
1846 1703 1927 1785 ipsis
1953 1703 2076 1784 haberi,
2107 1705 2192 1790 quod

277 1789 389 1872 Quum
406 1790 467 1856 hao
484 1791 641 1856 transiret
659 1789 785 1854 Virctaa
801 1789 914 1855 Berua
932 1788 1070 1866 rediens,
1089 1807 1165 1853 oon-
1218 1809 1285 1852 non
1306 1795 1444 1870 putatur
1465 1788 1613 1852 evenisso
1634 1787 1700 1852 nisi
1718 1787 1804 1872 quod
1826 1797 1859 1853 et
1879 1799 1916 1853 tu
1938 1788 2090 1855 indicasti
2111 1791 2192 1857 alios

192 1877 254 1943 tuli
266 1875 424 1942 nonnulla
434 1895 516 1959 quae
527 1875 643 1942 scribis
655 1874 695 1940 ad
707 1896 769 1939 me.
813 1875 956 1940 Miratur
976 1883 1166 1957 praetexere
1218 1873 1321 1938 exiis
1343 1874 1398 1956 qui
1420 1894 1484 1936 non
1507 1879 1636 1938 tantum
1657 1873 1721 1938 Dei
1744 1881 1777 1938 et
1795 1875 1968 1957 aequitatis
1989 1877 2055 1940 imo
2083 1885 2115 1942 et
2142 1879 2192 1943 sui

193 1961 341 2030 Gurolum
362 1961 448 2044 quod
470 1960 633 2028 desideret
654 1959 777 2042 aliquid
799 1961 834 2026 in
852 1959 1007 2038 doctrina,
1030 1967 1064 2024 et
1080 1959 1165 2042 quod
1218 1959 1425 2024 immemores
1448 1960 1548 2036 fiunt,
1572 1957 1650 2023 dum
1674 1959 1809 2025 affectus
1831 1969 1952 2044 urgent
1973 1961 2070 2045 ipsos.
2116 1963 2192 2028 Non

191 2047 348 2132 abrogata
368 2069 388 2111 a
408 2048 502 2113 nobis
530 2067 596 2112 non
624 2047 671 2112 sie
699 2055 809 2111 essent
838 2045 1034 2129 abroganda,
1064 2065 1166 2127 quum
1217 2045 1390 2128 inexperto
1424 2043 1553 2127 loquor,
1593 2044 1717 2110 vidisti:
1751 2045 1833 2110 nihil
1867 2045 2018 2124 decessit,
2059 2049 2086 2113 si
2126 2070 2193 2114 non

191 2154 284 2200 senus
301 2134 455 2216 loquutus
471 2133 587 2198 fuisset
606 2131 817 2216 Agathopoli:
840 2130 927 2216 quod
951 2132 1077 2197 Viretus
1094 2140 1166 2196 tum
1218 2130 1397 2197 accreverit
1428 2131 1573 2194 maximo
1605 2130 1814 2196 ecclesiarum
1848 2131 1943 2196 malo.
1998 2133 2072 2199 Hoc
2104 2135 2194 2200 enim

191 2220 251 2285 tibi
263 2219 413 2284 tumaliis
424 2217 585 2284 indicasse
597 2218 789 2296 affirmabat,
797 2217 997 2284 dumcssetis
1006 2215 1164 2294 Basileus,
1218 2217 1395 2299 pessimum
1413 2224 1471 2296 cst,
1495 2216 1647 2282 timorem
1664 2217 1798 2282 Domini
1821 2237 1858 2283 ac
1880 2238 2010 2283 omnem
2034 2239 2098 2302 quo
2121 2221 2193 2303 rapi

191 2303 271 2370 adeo
282 2313 322 2370 ιιι
344 2312 414 2369 tam
425 2305 562 2386 possetis
574 2303 683 2368 omnia
694 2311 807 2368 tenere
829 2324 926 2387 qnam
945 2303 1000 2386 qui
1018 2300 1163 2367 adorant
1216 2304 1254 2367 in
1281 2301 1450 2367 Christum
1477 2301 1633 2367 debemus
1661 2301 1755 2368 nobis
1787 2305 1896 2367 excuti
1929 2304 2097 2382 affectum,
2131 2325 2193 2390 nep

190 2391 258 2458 Por
290 2411 329 2454 ea
359 2409 441 2473 quae
473 2389 565 2455 varia
597 2401 773 2455 accurrunt
804 2409 842 2454 ac
868 2389 980 2456 literas
1006 2387 1165 2473 Grynaei,
1217 2388 1427 2454 ecclesiarum
1461 2387 1585 2452 nullam
1613 2387 1735 2452 habere
1763 2389 1940 2468 rationem,
1973 2388 2070 2454 modo
2099 2391 2192 2456 nobis

192 2475 310 2559 quibus
330 2483 409 2558 puto
430 2475 548 2541 fratres
570 2475 752 2540 admonitos
780 2483 818 2538 ut
846 2474 887 2540 de
909 2472 1058 2540 omnibus
1080 2483 1165 2538 trao-
1217 2473 1454 2558 indulgeamus.
1484 2471 1684 2553 Quamsunt
1701 2474 1725 2536 ii
1745 2473 1871 2538 vitandi
1890 2481 2072 2541 vastatores
2090 2477 2193 2542 eccle·

192 2568 302 2626 tarent
323 2580 398 2625 cum
417 2560 557 2638 homine,
579 2559 687 2626 iudico
709 2581 774 2625 non
802 2561 933 2626 venisse
959 2561 996 2624 in
1021 2567 1166 2624 mentem
1217 2561 1351 2624 siarum.
1391 2556 1428 2624 Si
1447 2559 1556 2636 scires,
1575 2560 1676 2622 frater
1692 2559 1911 2643 integerrime,
1931 2561 2050 2643 quibus
2067 2561 2192 2628 artibus

192 2647 304 2713 audita
336 2645 377 2710 de
409 2647 536 2711 actione
568 2643 871 2732 Agath[opolitunc]
903 2645 1042 2728 ....⁵)
1067 2665 1165 2728 quae-
1217 2646 1419 2728 impetantur
1449 2645 1565 2726 optimi
1596 2646 1728 2723 fratres,
1769 2653 1807 2709 ut
1845 2645 1988 2729 purioris
2026 2647 2114 2714 vitae
2145 2649 2193 2714 ita

192 2752 321 2816 cunque
348 2731 418 2815 ipse
445 2731 565 2796 vellem
597 2741 726 2796 tautum
753 2731 881 2797 efficere
907 2739 944 2796 ut
971 2733 1088 2796 iratres
1114 2731 1165 2794 in·
1218 2731 1548 2810 saniorisdoctrinae,
1571 2729 1669 2796 abiis
1689 2732 1745 2814 qui
1767 2741 1897 2816 praeter
1919 2752 2024 2816 nugas
2046 2731 2192 2800 indoctas

192 2819 383 2884 cumberent
403 2817 633 2884 luorilaoiendo
646 2816 765 2896 carolo,
788 2825 825 2882 ut
847 2818 954 2884 vietus
970 2817 1084 2882 officiis
1100 2817 1166 2881 fra·
1217 2817 1302 2883 nihil
1320 2817 1502 2895 didicerint,
1526 2825 1558 2881 et
1576 2823 1696 2900 quanto
1718 2838 1811 2883 mens
1832 2817 1895 2882 luit
1916 2817 2078 2884 indoctior
2100 2827 2193 2885 tanto

192 2911 282 2968 hum
304 2924 340 2969 se
362 2953 619 2970 .........
643 2913 713 2968 tur:
747 2925 825 2968 nam
857 2905 903 2969 sio
936 2903 1095 2982 volebam,
1129 2909 1167 2966 ut
1218 2905 1286 2969 vita
1303 2904 1470 2986 impurior,
1489 2925 1556 2968 non
1573 2903 1677 2987 possis
1694 2923 1762 2968 non
1774 2910 1968 2988 stupescere.
2000 2903 2192 2992 Tmaew)

192 2989 289 3056 toties
306 2987 458 3067 indicavi,
476 2989 617 3056 officiose
634 2990 793 3072 praestari
808 2991 919 3054 omnia
936 2993 1167 3072 quaepossunt
1218 2997 1329 3055 noster
1349 2990 1475 3073 primus
1498 2989 1585 3054 domi
1607 2999 1681 3072 post
1704 3009 1841 3054 uxorem
1863 2991 1899 3054 in
1919 2990 2032 3057 lolium
2053 2990 2192 3076 degene-

192 3076 264 3142 sinc
284 3076 412 3140 iactura
434 3075 586 3141 eeclesiae
605 3124 720 3140 .....
745 3072 967 3162 [dts]eiplinae
989 3075 1165 3140 eversione.
1218 3075 1313 3155 ravit,
1336 3085 1369 3139 et
1388 3071 1427 3140 de
1445 3075 1562 3157 quibus
1579 3075 1663 3139 nihil
1681 3075 1791 3141 minus
1808 3077 2073 3159 speravissemus‚
2092 3098 2194 3160 quum

191 3161 267 3226 Non
290 3161 463 3245 attigeram
484 3169 557 3227 acta
578 3161 665 3226 inter
686 3182 747 3226 nos
774 3160 809 3225 in
835 3162 953 3243 quibus
979 3159 1063 3225 nihil
1091 3181 1166 3226 eon·
1218 3168 1286 3225 tam
1308 3161 1396 3225 mala
1418 3159 1569 3224 audirent
1596 3159 1682 3243 apud
1708 3169 1870 3226 sectarum
1893 3169 2054 3228 amatores
2075 3163 2193 3246 quibus
2308 3185 2314 3194 ·

191 3245 394 3324 eludebatur,
425 3245 482 3312 sed
501 3268 575 3329 spes
597 3245 776 3331 effulgebat
796 3247 906 3312 omnia
927 3255 1016 3312 certe
1037 3265 1166 3328 compo·
1218 3245 1338 3311 infensi
1356 3253 1459 3310 orant.
1504 3243 1670 3310 Videntur
1688 3246 1834 3312 hostium
1852 3267 1977 3312 morem
1999 3268 2105 3330 agere,
2127 3269 2193 3312 non

191 3332 300 3398 nenda
322 3331 461 3398 tandem.
502 3330 592 3398 Satis
614 3333 677 3398 fuit
698 3331 883 3415 intelligere
906 3353 964 3414 per
985 3331 1087 3396 alium
1108 3349 1167 3396 vos
1220 3341 1260 3396 ut
1281 3331 1406 3397 Christi
1426 3329 1555 3408 milites,
1578 3339 1618 3395 ut
1634 3352 1767 3397 causam
1785 3331 1948 3415 evangelii
1972 3340 2039 3398 toto
2064 3343 2194 3416 pectore

192 3419 355 3501 accepisse
372 3438 454 3501 quae
471 3419 647 3500 oportebat,
669 3439 710 3482 ne
728 3417 805 3500 quid
822 3418 915 3482 fieret
933 3417 997 3482 nisi
1014 3416 1165 3482 utdecet.
1218 3425 1386 3494 tueantur,
1420 3413 1477 3481 sed
1509 3416 1614 3483 veluti
1647 3417 1809 3482 coniurati
1841 3439 1913 3482 sese
1945 3426 2116 3498 tueantur,
2157 3425 2195 3484 ut

191 3503 268 3568 Non
306 3503 506 3569 intellectam
545 3502 626 3570 dicis
664 3512 812 3568 nostram
853 3502 1167 3568 commendationem
1218 3503 1345 3586 possint
1376 3499 1456 3568 alios
1488 3501 1525 3568 in
1557 3502 1706 3568 ordinem
1739 3523 1863 3587 cogere.
1913 3503 1979 3570 Hic
2008 3527 2060 3570 res
2087 3505 2195 3590 pergit

192 3597 323 3654 tantum
350 3589 482 3654 civilem
511 3589 625 3667 finisse,
654 3590 739 3654 siout
765 3608 826 3654 nec
853 3588 995 3654 civiliter
1023 3609 1167 3671 unquam
1219 3611 1286 3654 non
1308 3599 1378 3652 tam
1400 3588 1485 3654 mele
1508 3595 1544 3652 ut
1565 3587 1650 3653 olim.
1701 3587 1936 3654 Laborandum
1963 3591 2055 3656 nobie
2083 3592 2195 3658 estin

192 3675 423 3760 proposuimus
434 3675 670 3753 commendare,
682 3672 739 3740 sed
751 3695 791 3738 ex
804 3674 914 3739 animo
925 3683 958 3738 et
968 3675 1003 3739 in
1015 3674 1166 3751 Domino,
1220 3673 1369 3741 fovendis
1401 3675 1441 3740 iis
1473 3675 1530 3758 qui
1562 3675 1657 3740 nobis
1682 3695 1742 3757 pro
1769 3675 1924 3742 iratribus
1952 3685 2047 3742 erant
2073 3676 2192 3742 hostes.

192 3779 253 3826 nec
274 3759 370 3824 aliter
391 3779 488 3842 quam
510 3761 669 3828 vellemus
691 3761 859 3826 nobiscum
881 3761 945 3844 agi.
979 3761 1106 3824 'lamen
1129 3758 1168 3824 de
1224 3757 1425 3844 Gapanculus
1449 3760 1516 3825 iam
1533 3759 1643 3826 olfacit
1667 3759 1745 3843 quid
1764 3761 1842 3826 olim
1860 3769 2025 3828 tentatum
2042 3763 2141 3828 luerit
2157 3782 2194 3828 ac

193 3846 375 3912 ministerio
392 3865 498 3928 neque
516 3867 590 3911 cum
608 3845 665 3910 illo
684 3867 744 3912 nco
763 3867 837 3911 cum
848 3846 957 3930 aliquo
968 3847 1168 3911 mentionem
1220 3867 1377 3930 quorsum
1399 3855 1532 3931 rogatus
1554 3846 1598 3912 sit
1619 3847 1759 3931 saepius,
1791 3867 1828 3912 ac
1849 3849 1989 3913 miratur
2010 3847 2092 3914 tales
2114 3867 2193 3913 esse.

193 3953 340 4016 unquam
357 3931 500 3996 fecimus.
545 3931 677 4014 Reputo
697 3952 791 4015 posse
809 3931 950 4015 aliquem
967 3932 1060 3997 nobis
1082 3952 1168 3996 com·
1221 3931 1380 3998 Nonnulli
1403 3953 1505 4014 quum
1527 3932 1590 3997 sibi
1618 3954 1655 3998 ac
1691 3931 1848 4000 ecclesiae
1883 3935 2060 4016 perniciem
2087 3933 2193 4000 conci-

193 4016 385 4082 mendatum
406 4017 533 4083 censeri
556 4017 662 4092 valde,
692 4019 745 4083 cui
774 4039 833 4083 nos
860 4018 1030 4083 studentes
1053 4017 1169 4082 officiis
1221 4019 1331 4082 verint
1353 4017 1432 4084 alios
1453 4017 1669 4101 impellentes,
1692 4018 1825 4104 impulsi
1847 4041 1960 4086 rursus
1983 4021 2090 4084 nescio
2111 4039 2155 4082 an
2175 4037 2196 4082 a

193 4101 307 4168 adesse
345 4124 414 4168 non
452 4103 666 4185 praefecimus
705 4125 780 4168 eum
819 4125 879 4169 nec
915 4101 1170 4187 praeficiendum
1220 4104 1395 4187 pontificiis
1429 4104 1551 4188 aliquid
1583 4105 1723 4188 capiant
1790 4103 1941 4190 Pergunt
1974 4125 2102 4188 semper
2134 4123 2196 4169 neo

194 4187 411 4256 iudicavimus
428 4188 624 4254 ministerio:
642 4209 806 4272 quumque
825 4190 974 4271 queraris
986 4189 1027 4254 de
1042 4188 1171 4254 solenni
1221 4189 1352 4273 culpam
1375 4197 1566 4274 agnoscunt.
1611 4189 1773 4256 Dominus
1802 4211 1843 4255 ex
1872 4191 1938 4256 alto
1966 4199 2135 4257 succurrat
2162 4199 2197 4258 et

195 4272 253 4338 illa
279 4276 495 4356 poenitentia,
529 4295 593 4358 qua
624 4297 711 4340 nuno
738 4275 797 4339 vix
824 4282 1029 4359 emergentes
1057 4283 1170 4339 carent
1222 4297 1305 4358 quae
1326 4275 1451 4340 instant
1473 4275 1560 4340 mala
1582 4284 1724 4341 avertat:
1754 4297 1830 4342 nam
1857 4277 2032 4343 indicibilis
2061 4285 2198 4362 apparet

195 4357 361 4438 eeclesiae,
382 4360 468 4442 quod
490 4361 540 4424 uti
562 4381 628 4425 non
646 4359 747 4437 licuit,
770 4381 837 4424 non
855 4369 887 4425 te
905 4361 990 4445 fugit
1006 4360 1170 4443 plerisque
1222 4361 1398 4426 tolerantia
1418 4361 1490 4440 Dei,
1521 4382 1617 4444 quem
1639 4361 1825 4446 flagitamus
1847 4363 1997 4428 omnibus
2019 4365 2198 4449 propitium

196 4443 385 4510 conclusum
413 4446 528 4526 luisse,
559 4447 778 4528 poenitentem
807 4447 842 4509 in
868 4467 1044 4511 numerum
1072 4445 1169 4510 mini·
1222 4445 1456 4512 miserisnobis
1473 4469 1670 4527 succurrere,
1690 4469 1745 4513 cor
1763 4469 1886 4512 novum
1904 4448 2054 4516 omnibus
2071 4449 2188 4537 largiri

196 4537 342 4594 atrorum
364 4551 431 4594 non
454 4531 703 4611 admittendum,
733 4541 767 4597 et
788 4551 843 4596 eos
865 4533 921 4614 qui
944 4530 1129 4596 defecerant
1151 4552 1171 4596 a
1222 4533 1342 4615 fugatis
1363 4531 1453 4596 vitiis
1475 4553 1572 4598 veras
1593 4533 1721 4632 indet⁷)
1743 4531 1893 4600 omnibus
1914 4535 2060 4606 virtutes.

196 4615 283 4682 clero
309 4614 404 4680 tarde
432 4615 592 4684 admissos
618 4618 654 4682 in
678 4617 939 4684 communionem
965 4617 1083 4700 plebis,
1113 4615 1172 4682 sed
1311 4617 1463 4682 Nicotaus
1480 4619 1527 4682 tui
1546 4619 1797 4696 amantiss1mus,
1824 4621 1907 4686 miro
1924 4619 2071 4690 discendi
2089 4625 2198 4692 studio

196 4701 386 4768 tardissime
396 4701 565 4767 restitutos
575 4704 794 4769 innumerum
804 4703 1039 4767 ministrorum.
1060 4702 1171 4784 Quum
1222 4709 1347 4786 raptus,
1370 4701 1466 4786 idque
1488 4726 1530 4770 ex
1552 4712 1584 4769 te
1606 4725 1643 4770 ac
1664 4704 1736 4770 aliis
1758 4705 1813 4788 qui
1841 4707 1915 4774 istic
1943 4719 2063 4794 agunt,
2093 4711 2198 4777 voluit

197 4807 237 4852 ea
263 4809 346 4870 quae
374 4786 505 4852 difficile
532 4789 694 4856 introduci
722 4811 809 4855 nuno
837 4796 983 4872 possunt,
1012 4789 1053 4853 ob
1086 4788 1172 4853 male
1223 4789 1306 4854 istuc
1329 4789 1539 4855 descendere:
1566 4790 1620 4855 cui
1641 4811 1706 4854 non
1727 4792 1821 4874 potui
1840 4791 1998 4862 reluctari
2018 4797 2079 4863 etsi
2099 4816 2198 4880 opera

197 4872 409 4938 cohaerentes
431 4894 470 4938 ao
491 4873 537 4938 sic
558 4875 648 4940 vario
676 4876 711 4940 in
740 4875 801 4942 heo
829 4896 865 4940 re
892 4875 1024 4940 affectos
1053 4875 1172 4939 fratres
1224 4873 1401 4940 multorum
1419 4876 1472 4941 hic
1491 4873 1585 4940 valde
1603 4875 1787 4942 necessaria
1808 4887 1902 4958 esset,
1925 4881 1992 4948 imo
2012 4890 2199 4950 currentem

198 4969 406 5044 symmystes,
435 4959 505 5024 lieri
528 4979 594 5024 non
621 4969 808 5042 potuerunt,
836 4959 1067 5044 praetermissa
1093 4967 1172 5025 sunt
1290 5017 1376 5024 --„
1396 5017 1427 5022 -.

1131 5163 1136 5174 ἱ
1326 5095 1358 5161 6)
1378 5095 1515 5166 Frcnrrnt,
1538 5099 1617 5154 naar
1633 5115 1705 5156 acor
1726 5104 1807 5172 prins
1829 5103 1886 5157 tara
1910 5105 1980 5159 malr
2001 5103 2079 5173 apud
2101 5105 2199 5175 calpa

301 5161 331 5226 4)
349 5163 421 5217 Actu
440 5163 671 5232 Apctltopclt'tcaa
689 5163 741 5228 (N.
759 5163 824 5230 205)
849 5181 937 5234 nuper
958 5161 1067 5219 tarrdrra
1092 5161 1173 5218 adata.
1225 5163 1361 5218 mdabat.

301 5231 331 5296 b)
350 5231 446 5288 charta
463 5231 554 5298 definit
569 5233 614 5288 ιιι
629 5240 655 5286 et
671 5233 757 5298 insta.
1329 5231 1358 5300 7)
1377 5235 1423 5289 rte.
