<?xml version="1.0" encoding="UTF-8"?>
<!DOCTYPE html PUBLIC "-//W3C//DTD XHTML 1.0 Transitional//EN"
    "http://www.w3.org/TR/xhtml1/DTD/xhtml1-transitional.dtd">
<html xmlns="http://www.w3.org/1999/xhtml" xml:lang="en" lang="en">
 <head>
  <title>
</title>
<meta http-equiv="Content-Type" content="text/html;charset=utf-8" />
  <meta name='ocr-system' content='tesseract 3.04.00' />
  <meta name='ocr-capabilities' content='ocr_page ocr_carea ocr_par ocr_line ocrx_word'/>
</head>
<body>
  <div class='ocr_page' id='page_1' title='image "./ioanniscalvinio04reusgoog_0139.png"; bbox 0 0 4846 5962; ppageno 0'>
   <div class='ocr_carea' id='block_1_1' title="bbox 309 247 2270 324">
    <p class='ocr_par' dir='ltr' id='par_1_1' title="bbox 309 247 2270 324">
     <span class='ocr_line' id='line_1_1' title="bbox 309 247 2270 324; baseline -0.004 -6"><span class='ocrx_word' id='word_1_1' title='bbox 309 255 372 318; x_wconf 70' lang='grc'><strong>111</strong></span> <span class='ocrx_word' id='word_1_2' title='bbox 1081 247 1343 317; x_wconf 63' lang='lat' dir='ltr'><strong>aptatum</strong></span> <span class='ocrx_word' id='word_1_3' title='bbox 1365 251 1535 314; x_wconf 76' lang='grc'><strong>334-336</strong></span> <span class='ocrx_word' id='word_1_4' title='bbox 2220 261 2270 324; x_wconf 68' lang='lat'><strong>252</strong></span> 
     </span>
    </p>
   </div>
   <div class='ocr_carea' id='block_1_2' title="bbox 309 435 2281 1464">
    <p class='ocr_par' dir='ltr' id='par_1_2' title="bbox 309 435 2281 1464">
     <span class='ocr_line' id='line_1_2' title="bbox 311 435 2273 522; baseline 0.001 -16"><span class='ocrx_word' id='word_1_5' title='bbox 311 439 382 506; x_wconf 81' lang='lat' dir='ltr'><strong>iore</strong></span> <span class='ocrx_word' id='word_1_6' title='bbox 403 437 599 522; x_wconf 79' lang='lat' dir='ltr'><strong>suspicarer,</strong></span> <span class='ocrx_word' id='word_1_7' title='bbox 627 459 750 520; x_wconf 82' lang='lat' dir='ltr'><strong>magna</strong></span> <span class='ocrx_word' id='word_1_8' title='bbox 775 437 983 522; x_wconf 74' lang='lat' dir='ltr'><strong>improbitate</strong></span> <span class='ocrx_word' id='word_1_9' title='bbox 1012 437 1198 502; x_wconf 79' lang='lat' dir='ltr'><strong>missionem</strong></span> <span class='ocrx_word' id='word_1_10' title='bbox 1226 435 1521 502; x_wconf 69' lang='lat' dir='ltr'><strong>ex-1Formulam</strong></span> <span class='ocrx_word' id='word_1_11' title='bbox 1548 436 1744 500; x_wconf 86' lang='lat' dir='ltr'><strong>contrariam</strong></span> <span class='ocrx_word' id='word_1_12' title='bbox 1773 437 1877 502; x_wconf 85' lang='lat' dir='ltr'><strong>nostri</strong></span> <span class='ocrx_word' id='word_1_13' title='bbox 1898 435 2067 502; x_wconf 84' lang='lat' dir='ltr'><strong>dederunt</strong></span> <span class='ocrx_word' id='word_1_14' title='bbox 2109 437 2162 504; x_wconf 76' lang='lat' dir='ltr'><strong>aa</strong></span> <span class='ocrx_word' id='word_1_15' title='bbox 2179 440 2215 506; x_wconf 89' lang='lat' dir='ltr'><strong>de</strong></span> <span class='ocrx_word' id='word_1_16' title='bbox 2231 443 2273 508; x_wconf 92' lang='lat' dir='ltr'><strong>in·</strong></span> 
     </span>
     <span class='ocr_line' id='line_1_3' title="bbox 312 521 2275 613; baseline 0.001 -22"><span class='ocrx_word' id='word_1_17' title='bbox 312 527 390 592; x_wconf 85' lang='lat' dir='ltr'><strong>torsi</strong></span> <span class='ocrx_word' id='word_1_18' title='bbox 418 525 522 608; x_wconf 77' lang='lat' dir='ltr'><strong>magis</strong></span> <span class='ocrx_word' id='word_1_19' title='bbox 549 545 647 608; x_wconf 87' lang='lat' dir='ltr'><strong>quarn</strong></span> <span class='ocrx_word' id='word_1_20' title='bbox 675 523 864 606; x_wconf 82' lang='lat' dir='ltr'><strong>impetravi:</strong></span> <span class='ocrx_word' id='word_1_21' title='bbox 894 547 969 588; x_wconf 86' lang='lat' dir='ltr'><strong>nam</strong></span> <span class='ocrx_word' id='word_1_22' title='bbox 997 537 1030 588; x_wconf 92' lang='lat' dir='ltr'><strong>et</strong></span> <span class='ocrx_word' id='word_1_23' title='bbox 1058 523 1203 588; x_wconf 79' lang='lat' dir='ltr'><strong>Bucerus</strong></span> <span class='ocrx_word' id='word_1_24' title='bbox 1228 545 1280 588; x_wconf 88' lang='lat' dir='ltr'><strong>me</strong></span> <span class='ocrx_word' id='word_1_25' title='bbox 1305 596 1308 613; x_wconf 28' lang='lat'><strong>³</strong></span> <span class='ocrx_word' id='word_1_26' title='bbox 1332 523 1501 586; x_wconf 81' lang='lat' dir='ltr'><strong>vocatione</strong></span> <span class='ocrx_word' id='word_1_27' title='bbox 1521 538 1719 598; x_wconf 75' lang='lat' dir='ltr'><strong>annuariam,</strong></span> <span class='ocrx_word' id='word_1_28' title='bbox 1741 521 1782 586; x_wconf 92' lang='lat' dir='ltr'><strong>de</strong></span> <span class='ocrx_word' id='word_1_29' title='bbox 1803 523 1948 604; x_wconf 90' lang='lat' dir='ltr'><strong>primatu</strong></span> <span class='ocrx_word' id='word_1_30' title='bbox 1970 523 2090 605; x_wconf 83' lang='lat' dir='ltr'><strong>Papae,</strong></span> <span class='ocrx_word' id='word_1_31' title='bbox 2115 523 2153 590; x_wconf 89' lang='lat' dir='ltr'><strong>de</strong></span> <span class='ocrx_word' id='word_1_32' title='bbox 2172 531 2275 594; x_wconf 81' lang='lat' dir='ltr'><strong>auton·</strong></span> 
     </span>
     <span class='ocr_line' id='line_1_4' title="bbox 310 607 2272 696; baseline 0.002 -21"><span class='ocrx_word' id='word_1_33' title='bbox 310 611 491 696; x_wconf 78' lang='lat' dir='ltr'><strong>aegerrimo</strong></span> <span class='ocrx_word' id='word_1_34' title='bbox 519 631 540 674; x_wconf 90' lang='lat' dir='ltr'><strong>a</strong></span> <span class='ocrx_word' id='word_1_35' title='bbox 567 631 602 673; x_wconf 87' lang='lat' dir='ltr'><strong>se</strong></span> <span class='ocrx_word' id='word_1_36' title='bbox 629 609 719 674; x_wconf 87' lang='lat' dir='ltr'><strong>abire</strong></span> <span class='ocrx_word' id='word_1_37' title='bbox 747 610 947 693; x_wconf 88' lang='lat' dir='ltr'><strong>patiebatur,</strong></span> <span class='ocrx_word' id='word_1_38' title='bbox 977 620 1011 674; x_wconf 86' lang='lat' dir='ltr'><strong>et</strong></span> <span class='ocrx_word' id='word_1_39' title='bbox 1034 608 1205 692; x_wconf 80' lang='lat' dir='ltr'><strong>Philippus</strong></span> <span class='ocrx_word' id='word_1_40' title='bbox 1224 610 1280 690; x_wconf 91' lang='lat' dir='ltr'><strong>qui</strong></span> <span class='ocrx_word' id='word_1_41' title='bbox 1332 621 1400 670; x_wconf 82' lang='lat' dir='ltr'><strong>tate</strong></span> <span class='ocrx_word' id='word_1_42' title='bbox 1427 607 1582 672; x_wconf 82' lang='lat' dir='ltr'><strong>ecclesiae</strong></span> <span class='ocrx_word' id='word_1_43' title='bbox 1610 608 1765 672; x_wconf 80' lang='lat' dir='ltr'><strong>collatrun</strong></span> <span class='ocrx_word' id='word_1_44' title='bbox 1791 625 1857 672; x_wconf 88' lang='lat' dir='ltr'><strong>est:</strong></span> <span class='ocrx_word' id='word_1_45' title='bbox 1890 629 1952 674; x_wconf 85' lang='lat' dir='ltr'><strong>nec</strong></span> <span class='ocrx_word' id='word_1_46' title='bbox 1982 609 2152 674; x_wconf 82' lang='lat' dir='ltr'><strong>convenire</strong></span> <span class='ocrx_word' id='word_1_47' title='bbox 2180 615 2272 693; x_wconf 91' lang='lat' dir='ltr'><strong>potuit</strong></span> 
     </span>
     <span class='ocr_line' id='line_1_5' title="bbox 310 691 2276 777; baseline 0.001 -15"><span class='ocrx_word' id='word_1_48' title='bbox 310 718 346 762; x_wconf 83' lang='lat' dir='ltr'><strong>se</strong></span> <span class='ocrx_word' id='word_1_49' title='bbox 367 695 449 762; x_wconf 85' lang='lat' dir='ltr'><strong>mihi</strong></span> <span class='ocrx_word' id='word_1_50' title='bbox 471 696 540 760; x_wconf 80' lang='lat' dir='ltr'><strong>fore</strong></span> <span class='ocrx_word' id='word_1_51' title='bbox 561 695 595 760; x_wconf 94' lang='lat' dir='ltr'><strong>in</strong></span> <span class='ocrx_word' id='word_1_52' title='bbox 618 715 657 759; x_wconf 86' lang='lat' dir='ltr'><strong>ea</strong></span> <span class='ocrx_word' id='word_1_53' title='bbox 683 717 718 759; x_wconf 91' lang='lat' dir='ltr'><strong>re</strong></span> <span class='ocrx_word' id='word_1_54' title='bbox 746 695 927 760; x_wconf 91' lang='lat' dir='ltr'><strong>adiutorem</strong></span> <span class='ocrx_word' id='word_1_55' title='bbox 956 717 1083 777; x_wconf 80' lang='lat' dir='ltr'>semper</span> <span class='ocrx_word' id='word_1_56' title='bbox 1105 705 1279 776; x_wconf 88' lang='lat' dir='ltr'><strong>receperat,</strong></span> <span class='ocrx_word' id='word_1_57' title='bbox 1333 691 1474 756; x_wconf 79' lang='lat' dir='ltr'><strong>Articuli</strong></span> <span class='ocrx_word' id='word_1_58' title='bbox 1495 713 1610 756; x_wconf 87' lang='lat' dir='ltr'><strong>omnes</strong></span> <span class='ocrx_word' id='word_1_59' title='bbox 1632 694 1733 757; x_wconf 82' lang='lat' dir='ltr'><strong>nostri</strong></span> <span class='ocrx_word' id='word_1_60' title='bbox 1756 694 1839 758; x_wconf 91' lang='lat' dir='ltr'><strong>libro</strong></span> <span class='ocrx_word' id='word_1_61' title='bbox 1860 692 2015 758; x_wconf 81' lang='lat' dir='ltr'><strong>adiuncti</strong></span> <span class='ocrx_word' id='word_1_62' title='bbox 2059 693 2170 760; x_wconf 83' lang='lat' dir='ltr'><strong>Caesar</strong></span> <span class='ocrx_word' id='word_1_63' title='bbox 2188 697 2276 764; x_wconf 84' lang='lat' dir='ltr'><strong>delec-</strong></span> 
     </span>
     <span class='ocr_line' id='line_1_6' title="bbox 309 778 2275 866; baseline 0.001 -20"><span class='ocrx_word' id='word_1_64' title='bbox 309 803 410 866; x_wconf 88' lang='lat' dir='ltr'><strong>quum</strong></span> <span class='ocrx_word' id='word_1_65' title='bbox 433 795 561 864; x_wconf 89' lang='lat' dir='ltr'><strong>ternpus</strong></span> <span class='ocrx_word' id='word_1_66' title='bbox 589 781 740 854; x_wconf 82' lang='lat' dir='ltr'><strong>instaret,</strong></span> <span class='ocrx_word' id='word_1_67' title='bbox 767 783 901 863; x_wconf 83' lang='lat' dir='ltr'><strong>rogabat</strong></span> <span class='ocrx_word' id='word_1_68' title='bbox 925 792 961 844; x_wconf 90' lang='lat' dir='ltr'><strong>ot</strong></span> <span class='ocrx_word' id='word_1_69' title='bbox 988 801 1164 846; x_wconf 84' lang='lat' dir='ltr'><strong>manerem.</strong></span> <span class='ocrx_word' id='word_1_70' title='bbox 1209 781 1282 864; x_wconf 83' lang='lat' dir='ltr'><strong>Ego</strong></span> <span class='ocrx_word' id='word_1_71' title='bbox 1334 779 1376 842; x_wconf 84' lang='lat' dir='ltr'><strong>tis</strong></span> <span class='ocrx_word' id='word_1_72' title='bbox 1398 778 1463 842; x_wconf 90' lang='lat' dir='ltr'><strong>illis</strong></span> <span class='ocrx_word' id='word_1_73' title='bbox 1486 779 1609 860; x_wconf 77' lang='lat' dir='ltr'><strong>gratias</strong></span> <span class='ocrx_word' id='word_1_74' title='bbox 1630 778 1817 842; x_wconf 68' lang='lat' dir='ltr'><strong>liberalibus</strong></span> <span class='ocrx_word' id='word_1_75' title='bbox 1839 779 1947 843; x_wconf 75' lang='lat' dir='ltr'><strong>verbis</strong></span> <span class='ocrx_word' id='word_1_76' title='bbox 1968 781 2046 863; x_wconf 83' lang='lat' dir='ltr'><strong>egit,</strong></span> <span class='ocrx_word' id='word_1_77' title='bbox 2067 781 2149 862; x_wconf 89' lang='lat' dir='ltr'><strong>quod</strong></span> <span class='ocrx_word' id='word_1_78' title='bbox 2166 783 2275 852; x_wconf 82' lang='lat' dir='ltr'><strong>fidelem</strong></span> 
     </span>
     <span class='ocr_line' id='line_1_7' title="bbox 310 865 2277 949; baseline 0.001 -17"><span class='ocrx_word' id='word_1_79' title='bbox 310 873 420 932; x_wconf 85' lang='lat' dir='ltr'><strong>tameo</strong></span> <span class='ocrx_word' id='word_1_80' title='bbox 443 887 496 932; x_wconf 87' lang='lat' dir='ltr'><strong>rac</strong></span> <span class='ocrx_word' id='word_1_81' title='bbox 517 886 646 948; x_wconf 89' lang='lat' dir='ltr'><strong>quoquo</strong></span> <span class='ocrx_word' id='word_1_82' title='bbox 669 867 762 932; x_wconf 82' lang='lat' dir='ltr'><strong>uredo</strong></span> <span class='ocrx_word' id='word_1_83' title='bbox 789 867 940 948; x_wconf 90' lang='lat' dir='ltr'><strong>explicui.</strong></span> <span class='ocrx_word' id='word_1_84' title='bbox 991 867 1104 949; x_wconf 79' lang='lat' dir='ltr'><strong>Neque</strong></span> <span class='ocrx_word' id='word_1_85' title='bbox 1131 887 1184 930; x_wconf 91' lang='lat' dir='ltr'><strong>me</strong></span> <span class='ocrx_word' id='word_1_86' title='bbox 1213 877 1281 930; x_wconf 90' lang='lat' dir='ltr'><strong>tarn</strong></span> <span class='ocrx_word' id='word_1_87' title='bbox 1306 874 1308 883; x_wconf 88' lang='lat'>&#39;</span> <span class='ocrx_word' id='word_1_88' title='bbox 1333 883 1465 946; x_wconf 85' lang='lat' dir='ltr'><strong>operam</strong></span> <span class='ocrx_word' id='word_1_89' title='bbox 1487 865 1735 946; x_wconf 85' lang='lat' dir='ltr'><strong>praestitissent</strong></span> <span class='ocrx_word' id='word_1_90' title='bbox 1746 869 1785 940; x_wconf 83' lang='lat'><strong>⁶).</strong></span> <span class='ocrx_word' id='word_1_91' title='bbox 1828 865 1905 946; x_wconf 89' lang='lat' dir='ltr'><strong>lpse</strong></span> <span class='ocrx_word' id='word_1_92' title='bbox 1927 865 2045 930; x_wconf 90' lang='lat' dir='ltr'><strong>deinde</strong></span> <span class='ocrx_word' id='word_1_93' title='bbox 2066 866 2277 934; x_wconf 80' lang='lat' dir='ltr'><strong>totamdelibe-</strong></span> 
     </span>
     <span class='ocr_line' id='line_1_8' title="bbox 309 948 2278 1038; baseline -0.001 -20"><span class='ocrx_word' id='word_1_94' title='bbox 309 953 457 1038; x_wconf 84' lang='lat' dir='ltr'><strong>privatae</strong></span> <span class='ocrx_word' id='word_1_95' title='bbox 480 973 571 1016; x_wconf 89' lang='lat' dir='ltr'><strong>meae</strong></span> <span class='ocrx_word' id='word_1_96' title='bbox 593 951 737 1016; x_wconf 87' lang='lat' dir='ltr'><strong>rationes</strong></span> <span class='ocrx_word' id='word_1_97' title='bbox 764 973 862 1032; x_wconf 90' lang='lat' dir='ltr'><strong>quam</strong></span> <span class='ocrx_word' id='word_1_98' title='bbox 884 951 1042 1035; x_wconf 91' lang='lat' dir='ltr'><strong>publicae,</strong></span> <span class='ocrx_word' id='word_1_99' title='bbox 1071 963 1109 1016; x_wconf 89' lang='lat' dir='ltr'><strong>ut</strong></span> <span class='ocrx_word' id='word_1_100' title='bbox 1130 951 1210 1016; x_wconf 87' lang='lat' dir='ltr'><strong>adeo</strong></span> <span class='ocrx_word' id='word_1_101' title='bbox 1232 952 1282 1016; x_wconf 84' lang='lat' dir='ltr'><strong>in·</strong></span> <span class='ocrx_word' id='word_1_102' title='bbox 1333 949 1492 1013; x_wconf 87' lang='lat' dir='ltr'><strong>rationem</strong></span> <span class='ocrx_word' id='word_1_103' title='bbox 1523 949 1565 1013; x_wconf 88' lang='lat' dir='ltr'><strong>ad</strong></span> <span class='ocrx_word' id='word_1_104' title='bbox 1596 948 1726 1014; x_wconf 89' lang='lat' dir='ltr'><strong>ordines</strong></span> <span class='ocrx_word' id='word_1_105' title='bbox 1757 950 1919 1032; x_wconf 49' lang='lat' dir='ltr'><strong>retulit&amp;</strong></span> <span class='ocrx_word' id='word_1_106' title='bbox 1962 951 2008 1014; x_wconf 87' lang='lat' dir='ltr'><strong>Et</strong></span> <span class='ocrx_word' id='word_1_107' title='bbox 2039 953 2185 1032; x_wconf 86' lang='lat' dir='ltr'><strong>quoniam</strong></span> <span class='ocrx_word' id='word_1_108' title='bbox 2208 955 2278 1022; x_wconf 87' lang='lat' dir='ltr'><strong>nihil</strong></span> 
     </span>
     <span class='ocr_line' id='line_1_9' title="bbox 309 1035 2279 1120; baseline 0 -14"><span class='ocrx_word' id='word_1_109' title='bbox 309 1049 442 1116; x_wconf 73' lang='lat' dir='ltr'><strong>starem,</strong></span> <span class='ocrx_word' id='word_1_110' title='bbox 464 1037 671 1120; x_wconf 86' lang='lat' dir='ltr'><strong>impulerunt.</strong></span> <span class='ocrx_word' id='word_1_111' title='bbox 718 1037 875 1102; x_wconf 86' lang='lat' dir='ltr'><strong>Videbam</strong></span> <span class='ocrx_word' id='word_1_112' title='bbox 905 1038 1050 1102; x_wconf 89' lang='lat' dir='ltr'><strong>scholam</strong></span> <span class='ocrx_word' id='word_1_113' title='bbox 1072 1051 1216 1102; x_wconf 86' lang='lat' dir='ltr'><strong>nostram</strong></span> <span class='ocrx_word' id='word_1_114' title='bbox 1239 1059 1283 1102; x_wconf 90' lang='lat' dir='ltr'><strong>ex</strong></span> <span class='ocrx_word' id='word_1_115' title='bbox 1333 1035 1433 1099; x_wconf 91' lang='lat' dir='ltr'><strong>statui</strong></span> <span class='ocrx_word' id='word_1_116' title='bbox 1460 1046 1603 1116; x_wconf 87' lang='lat' dir='ltr'><strong>poterat,</strong></span> <span class='ocrx_word' id='word_1_117' title='bbox 1632 1036 1697 1100; x_wconf 91' lang='lat' dir='ltr'><strong>nisi</strong></span> <span class='ocrx_word' id='word_1_118' title='bbox 1724 1035 1886 1118; x_wconf 90' lang='lat' dir='ltr'><strong>descripto</strong></span> <span class='ocrx_word' id='word_1_119' title='bbox 1913 1035 2012 1100; x_wconf 81' lang='lat' dir='ltr'><strong>hlrro:</strong></span> <span class='ocrx_word' id='word_1_120' title='bbox 2040 1038 2164 1102; x_wconf 88' lang='lat' dir='ltr'><strong>oblatus</strong></span> <span class='ocrx_word' id='word_1_121' title='bbox 2189 1051 2232 1104; x_wconf 89' lang='lat' dir='ltr'><strong>est</strong></span> <span class='ocrx_word' id='word_1_122' title='bbox 2249 1042 2279 1106; x_wconf 91' lang='lat' dir='ltr'><strong>in</strong></span> 
     </span>
     <span class='ocr_line' id='line_1_10' title="bbox 333 1119 2279 1208; baseline -0.002 -18"><span class='ocrx_word' id='word_1_123' title='bbox 333 1145 374 1190; x_wconf 88' lang='lat' dir='ltr'><strong>uo</strong></span> <span class='ocrx_word' id='word_1_124' title='bbox 395 1134 546 1206; x_wconf 67' lang='lat' dir='ltr'><strong>saepserat</strong></span> <span class='ocrx_word' id='word_1_125' title='bbox 569 1121 855 1202; x_wconf 66' lang='lat' dir='ltr'><strong>repuerascere,</strong></span> <span class='ocrx_word' id='word_1_126' title='bbox 882 1123 1026 1188; x_wconf 82' lang='lat' dir='ltr'><strong>destitui</strong></span> <span class='ocrx_word' id='word_1_127' title='bbox 1072 1122 1219 1188; x_wconf 82' lang='lat' dir='ltr'><strong>Verebar</strong></span> <span class='ocrx_word' id='word_1_128' title='bbox 1240 1144 1283 1186; x_wconf 91' lang='lat' dir='ltr'><strong>ne</strong></span> <span class='ocrx_word' id='word_1_129' title='bbox 1332 1119 1477 1184; x_wconf 89' lang='lat' dir='ltr'><strong>medium</strong></span> <span class='ocrx_word' id='word_1_130' title='bbox 1499 1141 1575 1185; x_wconf 89' lang='lat' dir='ltr'><strong>cnm</strong></span> <span class='ocrx_word' id='word_1_131' title='bbox 1597 1121 1753 1186; x_wconf 85' lang='lat' dir='ltr'><strong>articulis</strong></span> <span class='ocrx_word' id='word_1_132' title='bbox 1796 1122 1876 1186; x_wconf 82' lang='lat' dir='ltr'><strong>llox</strong></span> <span class='ocrx_word' id='word_1_133' title='bbox 1902 1133 2014 1186; x_wconf 83' lang='lat' dir='ltr'><strong>tamen</strong></span> <span class='ocrx_word' id='word_1_134' title='bbox 2038 1122 2195 1188; x_wconf 68' lang='lat' dir='ltr'><strong>Com</strong></span> <span class='ocrx_word' id='word_1_135' title='bbox 2217 1147 2279 1208; x_wconf 87' lang='lat' dir='ltr'><strong>pos-</strong></span> 
     </span>
     <span class='ocr_line' id='line_1_11' title="bbox 309 1147 2279 1292; baseline -0.002 -14"><span class='ocrx_word' id='word_1_136' title='bbox 309 1147 364 1278; x_wconf 70' lang='lat' dir='ltr'><strong>his</strong></span> <span class='ocrx_word' id='word_1_137' title='bbox 386 1208 543 1276; x_wconf 87' lang='lat' dir='ltr'><strong>nundinis</strong></span> <span class='ocrx_word' id='word_1_138' title='bbox 564 1208 700 1272; x_wconf 86' lang='lat' dir='ltr'><strong>ecclesia</strong></span> <span class='ocrx_word' id='word_1_139' title='bbox 713 1207 736 1292; x_wconf 84' lang='lat'><strong>¹)</strong></span> <span class='ocrx_word' id='word_1_140' title='bbox 754 1210 970 1291; x_wconf 78' lang='lat' dir='ltr'><strong>praesentiam</strong></span> <span class='ocrx_word' id='word_1_141' title='bbox 993 1231 1099 1274; x_wconf 87' lang='lat' dir='ltr'><strong>meam</strong></span> <span class='ocrx_word' id='word_1_142' title='bbox 1120 1207 1283 1273; x_wconf 86' lang='lat' dir='ltr'><strong>desidera-</strong></span> <span class='ocrx_word' id='word_1_143' title='bbox 1333 1206 1433 1269; x_wconf 90' lang='lat' dir='ltr'><strong>nituit</strong></span> <span class='ocrx_word' id='word_1_144' title='bbox 1454 1207 1539 1270; x_wconf 80' lang='lat' dir='ltr'><strong>facti</strong></span> <span class='ocrx_word' id='word_1_145' title='bbox 1584 1206 1651 1271; x_wconf 81' lang='lat' dir='ltr'><strong>Sed</strong></span> <span class='ocrx_word' id='word_1_146' title='bbox 1673 1205 1759 1288; x_wconf 89' lang='lat' dir='ltr'><strong>quod</strong></span> <span class='ocrx_word' id='word_1_147' title='bbox 1785 1208 1885 1272; x_wconf 85' lang='lat' dir='ltr'><strong>semel</strong></span> <span class='ocrx_word' id='word_1_148' title='bbox 1914 1207 2079 1272; x_wconf 85' lang='lat' dir='ltr'><strong>decretum</strong></span> <span class='ocrx_word' id='word_1_149' title='bbox 2109 1219 2183 1286; x_wconf 85' lang='lat' dir='ltr'><strong>erat,</strong></span> <span class='ocrx_word' id='word_1_150' title='bbox 2207 1209 2279 1276; x_wconf 88' lang='lat' dir='ltr'><strong>ordi·</strong></span> 
     </span>
     <span class='ocr_line' id='line_1_12' title="bbox 310 1293 2281 1377; baseline -0.001 -14"><span class='ocrx_word' id='word_1_151' title='bbox 310 1307 371 1364; x_wconf 88' lang='lat' dir='ltr'><strong>ret.</strong></span> <span class='ocrx_word' id='word_1_152' title='bbox 408 1295 471 1360; x_wconf 85' lang='lat' dir='ltr'><strong>His</strong></span> <span class='ocrx_word' id='word_1_153' title='bbox 492 1295 591 1358; x_wconf 88' lang='lat' dir='ltr'><strong>etiam</strong></span> <span class='ocrx_word' id='word_1_154' title='bbox 614 1295 717 1358; x_wconf 82' lang='lat' dir='ltr'><strong>tausis</strong></span> <span class='ocrx_word' id='word_1_155' title='bbox 741 1305 903 1376; x_wconf 90' lang='lat' dir='ltr'><strong>uteunque</strong></span> <span class='ocrx_word' id='word_1_156' title='bbox 922 1293 1051 1360; x_wconf 85' lang='lat' dir='ltr'><strong>adducti</strong></span> <span class='ocrx_word' id='word_1_157' title='bbox 1069 1308 1148 1360; x_wconf 90' lang='lat' dir='ltr'><strong>sunt</strong></span> <span class='ocrx_word' id='word_1_158' title='bbox 1169 1293 1283 1370; x_wconf 80' lang='lat' dir='ltr'><strong>nostri,</strong></span> <span class='ocrx_word' id='word_1_159' title='bbox 1334 1312 1393 1354; x_wconf 89' lang='lat' dir='ltr'><strong>nes</strong></span> <span class='ocrx_word' id='word_1_160' title='bbox 1415 1303 1523 1355; x_wconf 89' lang='lat' dir='ltr'><strong>ratum</strong></span> <span class='ocrx_word' id='word_1_161' title='bbox 1550 1313 1621 1356; x_wconf 86' lang='lat' dir='ltr'><strong>esse</strong></span> <span class='ocrx_word' id='word_1_162' title='bbox 1644 1293 1826 1356; x_wconf 86' lang='lat' dir='ltr'><strong>voluerunt</strong></span> <span class='ocrx_word' id='word_1_163' title='bbox 1875 1293 1966 1357; x_wconf 91' lang='lat' dir='ltr'><strong>Dum</strong></span> <span class='ocrx_word' id='word_1_164' title='bbox 1994 1294 2027 1357; x_wconf 90' lang='lat' dir='ltr'><strong>id</strong></span> <span class='ocrx_word' id='word_1_165' title='bbox 2055 1295 2177 1377; x_wconf 78' lang='lat' dir='ltr'><strong>agitur,</strong></span> <span class='ocrx_word' id='word_1_166' title='bbox 2202 1295 2281 1362; x_wconf 73' lang='lat' dir='ltr'><strong>aar</strong></span> 
     </span>
     <span class='ocr_line' id='line_1_13' title="bbox 310 1375 2281 1464; baseline -0.003 -15"><span class='ocrx_word' id='word_1_167' title='bbox 310 1391 350 1450; x_wconf 85' lang='lat' dir='ltr'><strong>ut</strong></span> <span class='ocrx_word' id='word_1_168' title='bbox 370 1381 451 1446; x_wconf 87' lang='lat' dir='ltr'><strong>mihi</strong></span> <span class='ocrx_word' id='word_1_169' title='bbox 471 1379 602 1444; x_wconf 86' lang='lat' dir='ltr'><strong>tandem</strong></span> <span class='ocrx_word' id='word_1_170' title='bbox 625 1379 849 1444; x_wconf 79' lang='lat' dir='ltr'><strong>concederent.</strong></span> <span class='ocrx_word' id='word_1_171' title='bbox 885 1381 1056 1463; x_wconf 80' lang='lat' dir='ltr'><strong>Exponam</strong></span> <span class='ocrx_word' id='word_1_172' title='bbox 1078 1394 1187 1444; x_wconf 87' lang='lat' dir='ltr'><strong>autem</strong></span> <span class='ocrx_word' id='word_1_173' title='bbox 1209 1381 1283 1445; x_wconf 89' lang='lat' dir='ltr'><strong>bre-</strong></span> <span class='ocrx_word' id='word_1_174' title='bbox 1306 1414 1309 1425; x_wconf 94' lang='lat'>·</span> <span class='ocrx_word' id='word_1_175' title='bbox 1334 1389 1384 1441; x_wconf 88' lang='lat' dir='ltr'><strong>cst</strong></span> <span class='ocrx_word' id='word_1_176' title='bbox 1405 1375 1549 1442; x_wconf 84' lang='lat' dir='ltr'><strong>Senatus</strong></span> <span class='ocrx_word' id='word_1_177' title='bbox 1570 1378 1688 1462; x_wconf 86' lang='lat' dir='ltr'><strong>legatis</strong></span> <span class='ocrx_word' id='word_1_178' title='bbox 1703 1378 1896 1459; x_wconf 84' lang='lat' dir='ltr'><strong>Hungariae</strong></span> <span class='ocrx_word' id='word_1_179' title='bbox 1912 1389 1947 1442; x_wconf 90' lang='lat' dir='ltr'><strong>et</strong></span> <span class='ocrx_word' id='word_1_180' title='bbox 1964 1381 2126 1449; x_wconf 81' lang='lat' dir='ltr'><strong>Austriae.</strong></span> <span class='ocrx_word' id='word_1_181' title='bbox 2147 1382 2199 1462; x_wconf 89' lang='lat' dir='ltr'><strong>qni</strong></span> <span class='ocrx_word' id='word_1_182' title='bbox 2218 1403 2281 1464; x_wconf 89' lang='lat' dir='ltr'><strong>sup·</strong></span> 
     </span>
    </p>
   </div>
   <div class='ocr_carea' id='block_1_3' title="bbox 312 1461 2394 1550">
    <p class='ocr_par' dir='ltr' id='par_1_3' title="bbox 312 1461 2394 1550">
     <span class='ocr_line' id='line_1_14' title="bbox 312 1461 2394 1550; baseline 0 -16"><span class='ocrx_word' id='word_1_183' title='bbox 312 1469 406 1544; x_wconf 89' lang='lat' dir='ltr'><strong>riter,</strong></span> <span class='ocrx_word' id='word_1_184' title='bbox 428 1486 491 1550; x_wconf 93' lang='lat' dir='ltr'><strong>quo</strong></span> <span class='ocrx_word' id='word_1_185' title='bbox 514 1465 548 1530; x_wconf 91' lang='lat' dir='ltr'><strong>iu</strong></span> <span class='ocrx_word' id='word_1_186' title='bbox 572 1473 660 1528; x_wconf 88' lang='lat' dir='ltr'><strong>statu</strong></span> <span class='ocrx_word' id='word_1_187' title='bbox 690 1486 742 1529; x_wconf 88' lang='lat' dir='ltr'><strong>res</strong></span> <span class='ocrx_word' id='word_1_188' title='bbox 771 1467 894 1530; x_wconf 86' lang='lat' dir='ltr'><strong>fuerint</strong></span> <span class='ocrx_word' id='word_1_189' title='bbox 919 1488 1021 1547; x_wconf 90' lang='lat' dir='ltr'><strong>quum</strong></span> <span class='ocrx_word' id='word_1_190' title='bbox 1043 1465 1184 1532; x_wconf 74' lang='lat' dir='ltr'><strong>discessi.</strong></span> <span class='ocrx_word' id='word_1_191' title='bbox 1229 1466 1283 1530; x_wconf 87' lang='lat' dir='ltr'><strong>Ex</strong></span> <span class='ocrx_word' id='word_1_192' title='bbox 1335 1463 1462 1544; x_wconf 82' lang='lat' dir='ltr'><strong>pliciter</strong></span> <span class='ocrx_word' id='word_1_193' title='bbox 1483 1461 1610 1527; x_wconf 63' lang='lat' dir='ltr'><strong>anmlia</strong></span> <span class='ocrx_word' id='word_1_194' title='bbox 1634 1464 1697 1528; x_wconf 91' lang='lat' dir='ltr'><strong>sibi</strong></span> <span class='ocrx_word' id='word_1_195' title='bbox 1725 1463 1796 1528; x_wconf 84' lang='lat' dir='ltr'><strong>dari</strong></span> <span class='ocrx_word' id='word_1_196' title='bbox 1816 1466 1987 1546; x_wconf 79' lang='lat' dir='ltr'><strong>petierant.</strong></span> <span class='ocrx_word' id='word_1_197' title='bbox 2031 1465 2157 1530; x_wconf 84' lang='lat' dir='ltr'><strong>Institit</strong></span> <span class='ocrx_word' id='word_1_198' title='bbox 2175 1487 2283 1550; x_wconf 86' lang='lat' dir='ltr'><strong>quoquc</strong></span> <span class='ocrx_word' id='word_1_199' title='bbox 2393 1481 2394 1490; x_wconf 77' lang='grc'>’</span> 
     </span>
    </p>
   </div>
   <div class='ocr_carea' id='block_1_4' title="bbox 308 1547 2396 4548">
    <p class='ocr_par' dir='ltr' id='par_1_4' title="bbox 308 1547 2396 3266">
     <span class='ocr_line' id='line_1_15' title="bbox 333 1547 2282 1634; baseline -0.001 -15"><span class='ocrx_word' id='word_1_200' title='bbox 333 1573 375 1620; x_wconf 89' lang='lat' dir='ltr'><strong>uo</strong></span> <span class='ocrx_word' id='word_1_201' title='bbox 397 1553 433 1618; x_wconf 90' lang='lat' dir='ltr'><strong>in</strong></span> <span class='ocrx_word' id='word_1_202' title='bbox 455 1552 642 1634; x_wconf 81' lang='lat' dir='ltr'><strong>quaestione</strong></span> <span class='ocrx_word' id='word_1_203' title='bbox 669 1551 885 1616; x_wconf 82' lang='lat' dir='ltr'><strong>eucharistiae</strong></span> <span class='ocrx_word' id='word_1_204' title='bbox 915 1552 1015 1618; x_wconf 84' lang='lat' dir='ltr'><strong>semel</strong></span> <span class='ocrx_word' id='word_1_205' title='bbox 1044 1551 1281 1630; x_wconf 78' lang='lat' dir='ltr'><strong>dissiliimus,²)</strong></span> <span class='ocrx_word' id='word_1_206' title='bbox 1337 1547 1471 1626; x_wconf 84' lang='lat' dir='ltr'><strong>Caesar,</strong></span> <span class='ocrx_word' id='word_1_207' title='bbox 1500 1558 1538 1612; x_wconf 91' lang='lat' dir='ltr'><strong>ut</strong></span> <span class='ocrx_word' id='word_1_208' title='bbox 1558 1550 1679 1614; x_wconf 66' lang='lat' dir='ltr'><strong>omaso</strong></span> <span class='ocrx_word' id='word_1_209' title='bbox 1705 1549 1874 1633; x_wconf 83' lang='lat' dir='ltr'><strong>religionis</strong></span> <span class='ocrx_word' id='word_1_210' title='bbox 1902 1551 2029 1616; x_wconf 69' lang='lat' dir='ltr'><strong>maone</strong></span> <span class='ocrx_word' id='word_1_211' title='bbox 2050 1550 2093 1616; x_wconf 87' lang='lat' dir='ltr'><strong>ad</strong></span> <span class='ocrx_word' id='word_1_212' title='bbox 2115 1551 2201 1616; x_wconf 87' lang='lat' dir='ltr'><strong>illam</strong></span> <span class='ocrx_word' id='word_1_213' title='bbox 2219 1573 2282 1618; x_wconf 92' lang='lat' dir='ltr'><strong>oon·</strong></span> 
     </span>
     <span class='ocr_line' id='line_1_16' title="bbox 309 1574 2284 1719; baseline -0.001 -15"><span class='ocrx_word' id='word_1_214' title='bbox 309 1574 352 1704; x_wconf 75' lang='lat' dir='ltr'><strong>de</strong></span> <span class='ocrx_word' id='word_1_215' title='bbox 377 1637 468 1704; x_wconf 89' lang='lat' dir='ltr'><strong>nulla</strong></span> <span class='ocrx_word' id='word_1_216' title='bbox 496 1637 560 1702; x_wconf 88' lang='lat' dir='ltr'><strong>alia</strong></span> <span class='ocrx_word' id='word_1_217' title='bbox 588 1637 691 1718; x_wconf 89' lang='lat' dir='ltr'><strong>potuit</strong></span> <span class='ocrx_word' id='word_1_218' title='bbox 716 1636 856 1719; x_wconf 84' lang='lat' dir='ltr'><strong>amplius</strong></span> <span class='ocrx_word' id='word_1_219' title='bbox 889 1639 974 1702; x_wconf 90' lang='lat' dir='ltr'><strong>inter</strong></span> <span class='ocrx_word' id='word_1_220' title='bbox 1006 1659 1064 1702; x_wconf 89' lang='lat' dir='ltr'><strong>nos</strong></span> <span class='ocrx_word' id='word_1_221' title='bbox 1096 1639 1281 1703; x_wconf 86' lang='lat' dir='ltr'><strong>convenire.</strong></span> <span class='ocrx_word' id='word_1_222' title='bbox 1334 1633 1543 1698; x_wconf 85' lang='lat' dir='ltr'><strong>sultatiouem</strong></span> <span class='ocrx_word' id='word_1_223' title='bbox 1570 1655 1605 1698; x_wconf 86' lang='lat' dir='ltr'><strong>se</strong></span> <span class='ocrx_word' id='word_1_224' title='bbox 1640 1647 1870 1700; x_wconf 86' lang='lat' dir='ltr'><strong>converterent</strong></span> <span class='ocrx_word' id='word_1_225' title='bbox 1896 1636 2036 1702; x_wconf 78' lang='lat' dir='ltr'><strong>ordines</strong></span> <span class='ocrx_word' id='word_1_226' title='bbox 2087 1635 2196 1716; x_wconf 83' lang='lat' dir='ltr'><strong>Quum</strong></span> <span class='ocrx_word' id='word_1_227' title='bbox 2223 1637 2284 1704; x_wconf 87' lang='lat' dir='ltr'><strong>illas</strong></span> 
     </span>
     <span class='ocr_line' id='line_1_17' title="bbox 311 1719 2284 1803; baseline -0.003 -11"><span class='ocrx_word' id='word_1_228' title='bbox 311 1721 386 1792; x_wconf 81' lang='lat' dir='ltr'><strong>Scis</strong></span> <span class='ocrx_word' id='word_1_229' title='bbox 405 1743 504 1788; x_wconf 89' lang='lat' dir='ltr'><strong>unam</strong></span> <span class='ocrx_word' id='word_1_230' title='bbox 523 1721 621 1786; x_wconf 78' lang='lat' dir='ltr'><strong>fuisso</strong></span> <span class='ocrx_word' id='word_1_231' title='bbox 639 1723 726 1786; x_wconf 88' lang='lat' dir='ltr'><strong>inter</strong></span> <span class='ocrx_word' id='word_1_232' title='bbox 743 1745 801 1788; x_wconf 87' lang='lat' dir='ltr'><strong>nos</strong></span> <span class='ocrx_word' id='word_1_233' title='bbox 820 1745 932 1788; x_wconf 91' lang='lat' dir='ltr'><strong>omnes</strong></span> <span class='ocrx_word' id='word_1_234' title='bbox 950 1723 1156 1800; x_wconf 88' lang='lat' dir='ltr'><strong>sententiam,</strong></span> <span class='ocrx_word' id='word_1_235' title='bbox 1175 1735 1281 1788; x_wconf 90' lang='lat' dir='ltr'><strong>trans·</strong></span> <span class='ocrx_word' id='word_1_236' title='bbox 1334 1719 1480 1784; x_wconf 86' lang='lat' dir='ltr'><strong>inducias</strong></span> <span class='ocrx_word' id='word_1_237' title='bbox 1500 1720 1568 1784; x_wconf 86' lang='lat' dir='ltr'><strong>ridi</strong></span> <span class='ocrx_word' id='word_1_238' title='bbox 1594 1719 1686 1785; x_wconf 87' lang='lat' dir='ltr'><strong>datas</strong></span> <span class='ocrx_word' id='word_1_239' title='bbox 1708 1741 1793 1795; x_wconf 87' lang='lat' dir='ltr'><strong>csse,</strong></span> <span class='ocrx_word' id='word_1_240' title='bbox 1822 1722 2023 1786; x_wconf 76' lang='lat' dir='ltr'><strong>occasionem</strong></span> <span class='ocrx_word' id='word_1_241' title='bbox 2045 1723 2217 1803; x_wconf 87' lang='lat' dir='ltr'><strong>praeterire</strong></span> <span class='ocrx_word' id='word_1_242' title='bbox 2236 1743 2284 1787; x_wconf 91' lang='lat' dir='ltr'><strong>no·</strong></span> 
     </span>
     <span class='ocr_line' id='line_1_18' title="bbox 308 1804 2285 1890; baseline -0.003 -12"><span class='ocrx_word' id='word_1_243' title='bbox 308 1809 616 1878; x_wconf 81' lang='lat' dir='ltr'><strong>substantiationem</strong></span> <span class='ocrx_word' id='word_1_244' title='bbox 639 1829 707 1872; x_wconf 88' lang='lat' dir='ltr'><strong>rern</strong></span> <span class='ocrx_word' id='word_1_245' title='bbox 729 1811 983 1873; x_wconf 88' lang='lat' dir='ltr'><strong>commentitiam</strong></span> <span class='ocrx_word' id='word_1_246' title='bbox 1008 1830 1094 1886; x_wconf 90' lang='lat' dir='ltr'><strong>esse,</strong></span> <span class='ocrx_word' id='word_1_247' title='bbox 1122 1830 1181 1874; x_wconf 84' lang='lat' dir='ltr'><strong>nee</strong></span> <span class='ocrx_word' id='word_1_248' title='bbox 1210 1819 1282 1872; x_wconf 89' lang='lat' dir='ltr'><strong>tan·</strong></span> <span class='ocrx_word' id='word_1_249' title='bbox 1307 1852 1309 1861; x_wconf 48' lang='grc'>,</span> <span class='ocrx_word' id='word_1_250' title='bbox 1334 1804 1395 1870; x_wconf 92' lang='lat' dir='ltr'><strong>lui:</strong></span> <span class='ocrx_word' id='word_1_251' title='bbox 1419 1805 1465 1870; x_wconf 88' lang='lat' dir='ltr'><strong>sio</strong></span> <span class='ocrx_word' id='word_1_252' title='bbox 1486 1805 1616 1888; x_wconf 87' lang='lat' dir='ltr'><strong>elapsus</strong></span> <span class='ocrx_word' id='word_1_253' title='bbox 1637 1829 1719 1870; x_wconf 91' lang='lat' dir='ltr'><strong>sum.</strong></span> <span class='ocrx_word' id='word_1_254' title='bbox 1763 1807 1890 1870; x_wconf 84' lang='lat' dir='ltr'><strong>Rerum</strong></span> <span class='ocrx_word' id='word_1_255' title='bbox 1915 1809 2035 1872; x_wconf 90' lang='lat' dir='ltr'><strong>seriem</strong></span> <span class='ocrx_word' id='word_1_256' title='bbox 2062 1807 2200 1872; x_wconf 78' lang='lat' dir='ltr'><strong>brevitor</strong></span> <span class='ocrx_word' id='word_1_257' title='bbox 2223 1829 2285 1890; x_wconf 89' lang='lat' dir='ltr'><strong>per·</strong></span> 
     </span>
     <span class='ocr_line' id='line_1_19' title="bbox 310 1890 2285 1971; baseline -0.002 -9"><span class='ocrx_word' id='word_1_258' title='bbox 310 1905 479 1962; x_wconf 89' lang='lat' dir='ltr'><strong>tumoum</strong></span> <span class='ocrx_word' id='word_1_259' title='bbox 502 1894 600 1958; x_wconf 75' lang='lat' dir='ltr'><strong>verbo</strong></span> <span class='ocrx_word' id='word_1_260' title='bbox 623 1893 766 1970; x_wconf 87' lang='lat' dir='ltr'><strong>Domini,</strong></span> <span class='ocrx_word' id='word_1_261' title='bbox 789 1893 941 1960; x_wconf 86' lang='lat' dir='ltr'><strong>sedeam</strong></span> <span class='ocrx_word' id='word_1_262' title='bbox 964 1895 1157 1960; x_wconf 85' lang='lat' dir='ltr'><strong>sacramenti</strong></span> <span class='ocrx_word' id='word_1_263' title='bbox 1181 1895 1282 1958; x_wconf 89' lang='lat' dir='ltr'><strong>etiam</strong></span> <span class='ocrx_word' id='word_1_264' title='bbox 1335 1891 1463 1956; x_wconf 85' lang='lat' dir='ltr'><strong>strinxi.</strong></span> <span class='ocrx_word' id='word_1_265' title='bbox 1508 1890 1605 1971; x_wconf 80' lang='lat' dir='ltr'><strong>Quod</strong></span> <span class='ocrx_word' id='word_1_266' title='bbox 1632 1891 1674 1956; x_wconf 90' lang='lat' dir='ltr'><strong>ad</strong></span> <span class='ocrx_word' id='word_1_267' title='bbox 1700 1893 1874 1956; x_wconf 77' lang='lat' dir='ltr'><strong>secretiora</strong></span> <span class='ocrx_word' id='word_1_268' title='bbox 1900 1893 2037 1958; x_wconf 90' lang='lat' dir='ltr'><strong>consilia</strong></span> <span class='ocrx_word' id='word_1_269' title='bbox 2063 1897 2193 1971; x_wconf 84' lang='lat' dir='ltr'><strong>attinet,</strong></span> <span class='ocrx_word' id='word_1_270' title='bbox 2217 1915 2285 1958; x_wconf 90' lang='lat' dir='ltr'><strong>nou·</strong></span> 
     </span>
     <span class='ocr_line' id='line_1_20' title="bbox 310 1975 2285 2062; baseline -0.002 -14"><span class='ocrx_word' id='word_1_271' title='bbox 310 1993 429 2048; x_wconf 86' lang='lat' dir='ltr'><strong>natura</strong></span> <span class='ocrx_word' id='word_1_272' title='bbox 448 2001 610 2062; x_wconf 78' lang='lat' dir='ltr'><strong>pugnare:</strong></span> <span class='ocrx_word' id='word_1_273' title='bbox 634 1979 857 2044; x_wconf 87' lang='lat' dir='ltr'><strong>adorationem</strong></span> <span class='ocrx_word' id='word_1_274' title='bbox 878 2001 948 2044; x_wconf 88' lang='lat' dir='ltr'><strong>osse</strong></span> <span class='ocrx_word' id='word_1_275' title='bbox 967 1981 1018 2044; x_wconf 84' lang='lat' dir='ltr'><strong>vel</strong></span> <span class='ocrx_word' id='word_1_276' title='bbox 1040 1981 1282 2051; x_wconf 85' lang='lat' dir='ltr'><strong>idololatricam,</strong></span> <span class='ocrx_word' id='word_1_277' title='bbox 1336 1975 1419 2040; x_wconf 91' lang='lat' dir='ltr'><strong>nihil</strong></span> <span class='ocrx_word' id='word_1_278' title='bbox 1440 1975 1553 2041; x_wconf 89' lang='lat' dir='ltr'><strong>audies</strong></span> <span class='ocrx_word' id='word_1_279' title='bbox 1574 1999 1675 2060; x_wconf 91' lang='lat' dir='ltr'><strong>quum</strong></span> <span class='ocrx_word' id='word_1_280' title='bbox 1698 1997 1827 2042; x_wconf 86' lang='lat' dir='ltr'><strong>venero.</strong></span> <span class='ocrx_word' id='word_1_281' title='bbox 1870 1977 1977 2042; x_wconf 79' lang='lat' dir='ltr'><strong>l&#39;elim</strong></span> <span class='ocrx_word' id='word_1_282' title='bbox 2004 1990 2115 2044; x_wconf 89' lang='lat' dir='ltr'><strong>autem</strong></span> <span class='ocrx_word' id='word_1_283' title='bbox 2137 1977 2171 2043; x_wconf 92' lang='lat' dir='ltr'><strong>id</strong></span> <span class='ocrx_word' id='word_1_284' title='bbox 2190 1979 2285 2044; x_wconf 84' lang='lat' dir='ltr'><strong>abste</strong></span> 
     </span>
     <span class='ocr_line' id='line_1_21' title="bbox 310 2063 2287 2148; baseline -0.003 -15"><span class='ocrx_word' id='word_1_285' title='bbox 310 2067 363 2134; x_wconf 81' lang='lat' dir='ltr'><strong>rel</strong></span> <span class='ocrx_word' id='word_1_286' title='bbox 397 2067 496 2132; x_wconf 85' lang='lat' dir='ltr'><strong>niuris</strong></span> <span class='ocrx_word' id='word_1_287' title='bbox 529 2065 758 2148; x_wconf 83' lang='lat' dir='ltr'><strong>periculosam,</strong></span> <span class='ocrx_word' id='word_1_288' title='bbox 792 2067 1021 2148; x_wconf 83' lang='lat' dir='ltr'><strong>repositionem</strong></span> <span class='ocrx_word' id='word_1_289' title='bbox 1054 2067 1284 2147; x_wconf 84' lang='lat' dir='ltr'><strong>superstitione</strong></span> <span class='ocrx_word' id='word_1_290' title='bbox 1308 2105 1311 2145; x_wconf 51' lang='grc' dir='ltr'><strong>ς</strong></span> <span class='ocrx_word' id='word_1_291' title='bbox 1335 2063 1557 2144; x_wconf 90' lang='lat' dir='ltr'><strong>impetratum,</strong></span> <span class='ocrx_word' id='word_1_292' title='bbox 1579 2073 1618 2126; x_wconf 89' lang='lat' dir='ltr'><strong>ut</strong></span> <span class='ocrx_word' id='word_1_293' title='bbox 1629 2063 1747 2128; x_wconf 79' lang='lat' dir='ltr'><strong>Bucari</strong></span> <span class='ocrx_word' id='word_1_294' title='bbox 1763 2063 1905 2128; x_wconf 87' lang='lat' dir='ltr'><strong>reditum</strong></span> <span class='ocrx_word' id='word_1_295' title='bbox 1921 2073 2158 2147; x_wconf 83' lang='lat' dir='ltr'><strong>exspectemus</strong></span> <span class='ocrx_word' id='word_1_296' title='bbox 2189 2063 2287 2144; x_wconf 81' lang='lat' dir='ltr'><strong>Quan-</strong></span> 
     </span>
     <span class='ocr_line' id='line_1_22' title="bbox 310 2147 2286 2234; baseline -0.003 -15"><span class='ocrx_word' id='word_1_297' title='bbox 310 2173 376 2220; x_wconf 87' lang='lat' dir='ltr'><strong>noa</strong></span> <span class='ocrx_word' id='word_1_298' title='bbox 399 2171 517 2218; x_wconf 87' lang='lat' dir='ltr'><strong>carcre.</strong></span> <span class='ocrx_word' id='word_1_299' title='bbox 563 2149 675 2230; x_wconf 85' lang='lat' dir='ltr'><strong>Quum</strong></span> <span class='ocrx_word' id='word_1_300' title='bbox 697 2151 731 2214; x_wconf 92' lang='lat' dir='ltr'><strong>iu</strong></span> <span class='ocrx_word' id='word_1_301' title='bbox 755 2149 815 2216; x_wconf 85' lang='lat' dir='ltr'><strong>hae</strong></span> <span class='ocrx_word' id='word_1_302' title='bbox 838 2153 1046 2234; x_wconf 88' lang='lat' dir='ltr'><strong>responsione</strong></span> <span class='ocrx_word' id='word_1_303' title='bbox 1068 2164 1136 2215; x_wconf 90' lang='lat' dir='ltr'><strong>tres</strong></span> <span class='ocrx_word' id='word_1_304' title='bbox 1158 2151 1206 2216; x_wconf 93' lang='lat' dir='ltr'><strong>illi</strong></span> <span class='ocrx_word' id='word_1_305' title='bbox 1228 2149 1284 2214; x_wconf 89' lang='lat' dir='ltr'><strong>de·</strong></span> <span class='ocrx_word' id='word_1_306' title='bbox 1336 2161 1405 2212; x_wconf 91' lang='lat' dir='ltr'><strong>turn</strong></span> <span class='ocrx_word' id='word_1_307' title='bbox 1427 2147 1469 2212; x_wconf 87' lang='lat' dir='ltr'><strong>ad</strong></span> <span class='ocrx_word' id='word_1_308' title='bbox 1486 2148 1604 2212; x_wconf 79' lang='lat' dir='ltr'><strong>fratres</strong></span> <span class='ocrx_word' id='word_1_309' title='bbox 1626 2150 1752 2226; x_wconf 84' lang='lat' dir='ltr'><strong>attinet,</strong></span> <span class='ocrx_word' id='word_1_310' title='bbox 1780 2149 1836 2232; x_wconf 89' lang='lat' dir='ltr'><strong>qui</strong></span> <span class='ocrx_word' id='word_1_311' title='bbox 1855 2147 1897 2214; x_wconf 95' lang='lat' dir='ltr'><strong>ob</strong></span> <span class='ocrx_word' id='word_1_312' title='bbox 1918 2151 2126 2233; x_wconf 83' lang='lat' dir='ltr'><strong>evangelium</strong></span> <span class='ocrx_word' id='word_1_313' title='bbox 2147 2149 2286 2227; x_wconf 87' lang='lat' dir='ltr'><strong>laborant,</strong></span> 
     </span>
     <span class='ocr_line' id='line_1_23' title="bbox 309 2232 2289 2319; baseline -0.003 -13"><span class='ocrx_word' id='word_1_314' title='bbox 309 2237 385 2306; x_wconf 88' lang='lat' dir='ltr'><strong>lecti</strong></span> <span class='ocrx_word' id='word_1_315' title='bbox 407 2247 595 2302; x_wconf 88' lang='lat' dir='ltr'><strong>constanter</strong></span> <span class='ocrx_word' id='word_1_316' title='bbox 616 2239 839 2319; x_wconf 60' lang='lat' dir='ltr'><strong>pergerenti)</strong></span> <span class='ocrx_word' id='word_1_317' title='bbox 861 2237 986 2302; x_wconf 88' lang='lat' dir='ltr'><strong>acerbis</strong></span> <span class='ocrx_word' id='word_1_318' title='bbox 1004 2236 1113 2302; x_wconf 87' lang='lat' dir='ltr'><strong>verhis</strong></span> <span class='ocrx_word' id='word_1_319' title='bbox 1135 2237 1285 2302; x_wconf 83' lang='lat' dir='ltr'><strong>invectus</strong></span> <span class='ocrx_word' id='word_1_320' title='bbox 1336 2255 1401 2298; x_wconf 91' lang='lat' dir='ltr'><strong>non</strong></span> <span class='ocrx_word' id='word_1_321' title='bbox 1422 2234 1481 2298; x_wconf 80' lang='lat' dir='ltr'><strong>ieci</strong></span> <span class='ocrx_word' id='word_1_322' title='bbox 1503 2232 1589 2317; x_wconf 88' lang='lat' dir='ltr'><strong>quod</strong></span> <span class='ocrx_word' id='word_1_323' title='bbox 1612 2235 1709 2299; x_wconf 81' lang='lat' dir='ltr'><strong>volui</strong></span> <span class='ocrx_word' id='word_1_324' title='bbox 1753 2233 1863 2300; x_wconf 87' lang='lat' dir='ltr'><strong>Causa</strong></span> <span class='ocrx_word' id='word_1_325' title='bbox 1888 2237 1976 2300; x_wconf 88' lang='lat' dir='ltr'><strong>enim</strong></span> <span class='ocrx_word' id='word_1_326' title='bbox 2005 2257 2142 2319; x_wconf 80' lang='lat' dir='ltr'><strong>gravem</strong></span> <span class='ocrx_word' id='word_1_327' title='bbox 2162 2235 2289 2318; x_wconf 86' lang='lat' dir='ltr'><strong>aliquam</strong></span> 
     </span>
     <span class='ocr_line' id='line_1_24' title="bbox 312 2319 2287 2405; baseline -0.002 -15"><span class='ocrx_word' id='word_1_328' title='bbox 312 2325 348 2390; x_wconf 89' lang='lat' dir='ltr'><strong>iu</strong></span> <span class='ocrx_word' id='word_1_329' title='bbox 373 2323 556 2404; x_wconf 79' lang='lat' dir='ltr'><strong>Philippum</strong></span> <span class='ocrx_word' id='word_1_330' title='bbox 580 2335 631 2387; x_wconf 89' lang='lat' dir='ltr'><strong>cst</strong></span> <span class='ocrx_word' id='word_1_331' title='bbox 650 2322 899 2386; x_wconf 79' lang='lat' dir='ltr'><strong>Graecellcnas:</strong></span> <span class='ocrx_word' id='word_1_332' title='bbox 920 2343 983 2405; x_wconf 92' lang='lat' dir='ltr'><strong>quo</strong></span> <span class='ocrx_word' id='word_1_333' title='bbox 1001 2323 1112 2396; x_wconf 82' lang='lat' dir='ltr'><strong>fracto,</strong></span> <span class='ocrx_word' id='word_1_334' title='bbox 1135 2323 1285 2404; x_wconf 88' lang='lat' dir='ltr'><strong>sperabat</strong></span> <span class='ocrx_word' id='word_1_335' title='bbox 1308 2340 1312 2367; x_wconf 80' lang='lat'><strong>¹</strong></span> <span class='ocrx_word' id='word_1_336' title='bbox 1335 2319 1531 2402; x_wconf 82' lang='lat' dir='ltr'><strong>legationem</strong></span> <span class='ocrx_word' id='word_1_337' title='bbox 1550 2320 1729 2404; x_wconf 84' lang='lat' dir='ltr'><strong>flagitabat,</strong></span> <span class='ocrx_word' id='word_1_338' title='bbox 1752 2342 1849 2402; x_wconf 90' lang='lat' dir='ltr'><strong>quam</strong></span> <span class='ocrx_word' id='word_1_339' title='bbox 1866 2323 2001 2385; x_wconf 84' lang='lat' dir='ltr'><strong>minimo</strong></span> <span class='ocrx_word' id='word_1_340' title='bbox 2019 2322 2131 2386; x_wconf 84' lang='lat' dir='ltr'><strong>serunt</strong></span> <span class='ocrx_word' id='word_1_341' title='bbox 2151 2331 2287 2404; x_wconf 79' lang='lat' dir='ltr'><strong>tempora,</strong></span> 
     </span>
     <span class='ocr_line' id='line_1_25' title="bbox 311 2403 2289 2492; baseline -0.002 -16"><span class='ocrx_word' id='word_1_342' title='bbox 311 2431 333 2476; x_wconf 87' lang='lat' dir='ltr'><strong>a</strong></span> <span class='ocrx_word' id='word_1_343' title='bbox 355 2408 488 2492; x_wconf 87' lang='lat' dir='ltr'><strong>reliquis</strong></span> <span class='ocrx_word' id='word_1_344' title='bbox 511 2407 634 2472; x_wconf 86' lang='lat' dir='ltr'><strong>duobos</strong></span> <span class='ocrx_word' id='word_1_345' title='bbox 661 2427 727 2472; x_wconf 90' lang='lat' dir='ltr'><strong>non</strong></span> <span class='ocrx_word' id='word_1_346' title='bbox 756 2417 882 2472; x_wconf 86' lang='lat' dir='ltr'><strong>tantum</strong></span> <span class='ocrx_word' id='word_1_347' title='bbox 911 2409 980 2473; x_wconf 84' lang='lat' dir='ltr'><strong>lbrc</strong></span> <span class='ocrx_word' id='word_1_348' title='bbox 1008 2409 1142 2492; x_wconf 80' lang='lat' dir='ltr'><strong>negotii</strong></span> <span class='ocrx_word' id='word_1_349' title='bbox 1193 2408 1283 2472; x_wconf 87' lang='lat' dir='ltr'><strong>Dum</strong></span> <span class='ocrx_word' id='word_1_350' title='bbox 1335 2403 1369 2468; x_wconf 92' lang='lat' dir='ltr'><strong>id</strong></span> <span class='ocrx_word' id='word_1_351' title='bbox 1397 2413 1463 2483; x_wconf 88' lang='lat' dir='ltr'><strong>est,</strong></span> <span class='ocrx_word' id='word_1_352' title='bbox 1494 2405 1604 2470; x_wconf 80' lang='lat' dir='ltr'><strong>vitiosi</strong></span> <span class='ocrx_word' id='word_1_353' title='bbox 1632 2405 1803 2472; x_wconf 91' lang='lat' dir='ltr'><strong>hominum</strong></span> <span class='ocrx_word' id='word_1_354' title='bbox 1829 2407 2013 2492; x_wconf 54' lang='lat' dir='ltr'><strong>affectum)</strong></span> <span class='ocrx_word' id='word_1_355' title='bbox 2063 2408 2195 2472; x_wconf 86' lang='lat' dir='ltr'><strong>Literas</strong></span> <span class='ocrx_word' id='word_1_356' title='bbox 2224 2425 2289 2488; x_wconf 76' lang='lat' dir='ltr'><strong>ergo</strong></span> 
     </span>
     <span class='ocr_line' id='line_1_26' title="bbox 311 2490 2290 2578; baseline -0.004 -16"><span class='ocrx_word' id='word_1_357' title='bbox 311 2493 398 2564; x_wconf 87' lang='lat' dir='ltr'><strong>nibil</strong></span> <span class='ocrx_word' id='word_1_358' title='bbox 419 2493 606 2576; x_wconf 88' lang='lat' dir='ltr'><strong>extorqueri</strong></span> <span class='ocrx_word' id='word_1_359' title='bbox 629 2513 723 2574; x_wconf 89' lang='lat' dir='ltr'><strong>posse</strong></span> <span class='ocrx_word' id='word_1_360' title='bbox 745 2493 851 2570; x_wconf 81' lang='lat' dir='ltr'><strong>ridet,</strong></span> <span class='ocrx_word' id='word_1_361' title='bbox 882 2491 923 2556; x_wconf 87' lang='lat' dir='ltr'><strong>ad</strong></span> <span class='ocrx_word' id='word_1_362' title='bbox 948 2493 1013 2558; x_wconf 88' lang='lat' dir='ltr'><strong>alia</strong></span> <span class='ocrx_word' id='word_1_363' title='bbox 1034 2515 1169 2578; x_wconf 86' lang='lat' dir='ltr'><strong>pergere</strong></span> <span class='ocrx_word' id='word_1_364' title='bbox 1190 2513 1284 2576; x_wconf 87' lang='lat' dir='ltr'><strong>prae·</strong></span> <span class='ocrx_word' id='word_1_365' title='bbox 1309 2494 1311 2511; x_wconf 93' lang='lat'>&#39;</span> <span class='ocrx_word' id='word_1_366' title='bbox 1336 2491 1518 2574; x_wconf 79' lang='lat' dir='ltr'><strong>impetravi.</strong></span> <span class='ocrx_word' id='word_1_367' title='bbox 1563 2490 1661 2572; x_wconf 81' lang='lat' dir='ltr'><strong>Quod</strong></span> <span class='ocrx_word' id='word_1_368' title='bbox 1692 2493 1801 2574; x_wconf 91' lang='lat' dir='ltr'><strong>ipsum</strong></span> <span class='ocrx_word' id='word_1_369' title='bbox 1830 2493 1952 2558; x_wconf 84' lang='lat' dir='ltr'><strong>iactum</strong></span> <span class='ocrx_word' id='word_1_370' title='bbox 1979 2493 2103 2570; x_wconf 82' lang='lat' dir='ltr'><strong>fuerat,</strong></span> <span class='ocrx_word' id='word_1_371' title='bbox 2133 2503 2290 2575; x_wconf 87' lang='lat' dir='ltr'><strong>antequam</strong></span> 
     </span>
     <span class='ocr_line' id='line_1_27' title="bbox 312 2573 2291 2664; baseline -0.004 -17"><span class='ocrx_word' id='word_1_372' title='bbox 312 2581 401 2664; x_wconf 80' lang='lat' dir='ltr'><strong>cipit</strong></span> <span class='ocrx_word' id='word_1_373' title='bbox 446 2579 585 2644; x_wconf 87' lang='lat' dir='ltr'><strong>Interim</strong></span> <span class='ocrx_word' id='word_1_374' title='bbox 607 2577 755 2644; x_wconf 83' lang='lat' dir='ltr'><strong>hiarcbio</strong></span> <span class='ocrx_word' id='word_1_375' title='bbox 778 2578 1070 2662; x_wconf 81' lang='lat' dir='ltr'><strong>Brundebarpeast&#39;s</strong></span> <span class='ocrx_word' id='word_1_376' title='bbox 1091 2577 1283 2654; x_wconf 88' lang='lat' dir='ltr'><strong>clanculum,</strong></span> <span class='ocrx_word' id='word_1_377' title='bbox 1337 2573 1481 2642; x_wconf 83' lang='lat' dir='ltr'><strong>Senatus</strong></span> <span class='ocrx_word' id='word_1_378' title='bbox 1508 2575 1704 2642; x_wconf 85' lang='lat' dir='ltr'><strong>admitteret.</strong></span> <span class='ocrx_word' id='word_1_379' title='bbox 1754 2575 1822 2642; x_wconf 81' lang='lat' dir='ltr'><strong>Sed</strong></span> <span class='ocrx_word' id='word_1_380' title='bbox 1849 2579 1962 2644; x_wconf 80' lang='lat' dir='ltr'><strong>curari</strong></span> <span class='ocrx_word' id='word_1_381' title='bbox 1990 2579 2115 2644; x_wconf 78' lang='lat' dir='ltr'><strong>mutm&#39;i</strong></span> <span class='ocrx_word' id='word_1_382' title='bbox 2141 2599 2178 2644; x_wconf 91' lang='lat' dir='ltr'><strong>ac</strong></span> <span class='ocrx_word' id='word_1_383' title='bbox 2205 2575 2291 2642; x_wconf 86' lang='lat' dir='ltr'><strong>inseri</strong></span> 
     </span>
     <span class='ocr_line' id='line_1_28' title="bbox 312 2658 2396 2748; baseline -0.004 -14"><span class='ocrx_word' id='word_1_384' title='bbox 312 2687 380 2734; x_wconf 87' lang='lat' dir='ltr'><strong>non</strong></span> <span class='ocrx_word' id='word_1_385' title='bbox 402 2674 512 2730; x_wconf 70' lang='lat' dir='ltr'><strong>umen</strong></span> <span class='ocrx_word' id='word_1_386' title='bbox 530 2665 600 2730; x_wconf 92' lang='lat' dir='ltr'><strong>sine</strong></span> <span class='ocrx_word' id='word_1_387' title='bbox 622 2663 990 2744; x_wconf 81' lang='lat' dir='ltr'><strong>conscientiaOoesaris,</strong></span> <span class='ocrx_word' id='word_1_388' title='bbox 1009 2687 1112 2730; x_wconf 90' lang='lat' dir='ltr'><strong>unum</strong></span> <span class='ocrx_word' id='word_1_389' title='bbox 1133 2667 1285 2732; x_wconf 89' lang='lat' dir='ltr'><strong>exPrin·</strong></span> <span class='ocrx_word' id='word_1_390' title='bbox 1309 2658 1312 2673; x_wconf 89' lang='lat'>&#39;</span> <span class='ocrx_word' id='word_1_391' title='bbox 1336 2661 1487 2728; x_wconf 90' lang='lat' dir='ltr'><strong>nonnihil</strong></span> <span class='ocrx_word' id='word_1_392' title='bbox 1508 2683 1622 2728; x_wconf 89' lang='lat' dir='ltr'><strong>eornm</strong></span> <span class='ocrx_word' id='word_1_393' title='bbox 1650 2684 1734 2746; x_wconf 89' lang='lat' dir='ltr'><strong>quae</strong></span> <span class='ocrx_word' id='word_1_394' title='bbox 1755 2661 1942 2729; x_wconf 88' lang='lat' dir='ltr'><strong>mandabas.</strong></span> <span class='ocrx_word' id='word_1_395' title='bbox 1987 2664 2114 2730; x_wconf 85' lang='lat' dir='ltr'><strong>Charta</strong></span> <span class='ocrx_word' id='word_1_396' title='bbox 2140 2665 2212 2748; x_wconf 90' lang='lat' dir='ltr'><strong>plus</strong></span> <span class='ocrx_word' id='word_1_397' title='bbox 2236 2681 2292 2726; x_wconf 89' lang='lat' dir='ltr'><strong>noo</strong></span> <span class='ocrx_word' id='word_1_398' title='bbox 2395 2669 2396 2696; x_wconf 75' lang='lat'>³</span> 
     </span>
     <span class='ocr_line' id='line_1_29' title="bbox 312 2747 2292 2839; baseline -0.005 -20"><span class='ocrx_word' id='word_1_399' title='bbox 312 2752 439 2838; x_wconf 87' lang='lat' dir='ltr'><strong>cipibus</strong></span> <span class='ocrx_word' id='word_1_400' title='bbox 461 2749 502 2816; x_wconf 92' lang='lat' dir='ltr'><strong>ab</strong></span> <span class='ocrx_word' id='word_1_401' title='bbox 523 2747 646 2815; x_wconf 73' lang='lat' dir='ltr'><strong>Antea</strong></span> <span class='ocrx_word' id='word_1_402' title='bbox 666 2749 810 2834; x_wconf 79' lang='lat' dir='ltr'><strong>legatum</strong></span> <span class='ocrx_word' id='word_1_403' title='bbox 833 2749 966 2816; x_wconf 81' lang='lat' dir='ltr'><strong>Lathero</strong></span> <span class='ocrx_word' id='word_1_404' title='bbox 988 2751 1097 2828; x_wconf 91' lang='lat' dir='ltr'><strong>mittit,</strong></span> <span class='ocrx_word' id='word_1_405' title='bbox 1119 2752 1195 2832; x_wconf 91' lang='lat' dir='ltr'><strong>quia</strong></span> <span class='ocrx_word' id='word_1_406' title='bbox 1212 2771 1285 2832; x_wconf 90' lang='lat' dir='ltr'><strong>spe-</strong></span> <span class='ocrx_word' id='word_1_407' title='bbox 1309 2757 1312 2839; x_wconf 66' lang='lat' dir='ltr'>J</span> <span class='ocrx_word' id='word_1_408' title='bbox 1336 2749 1433 2831; x_wconf 87' lang='lat' dir='ltr'><strong>capit</strong></span> <span class='ocrx_word' id='word_1_409' title='bbox 1477 2749 1527 2814; x_wconf 76' lang='lat' dir='ltr'><strong>Tu</strong></span> <span class='ocrx_word' id='word_1_410' title='bbox 1549 2749 1614 2812; x_wconf 87' lang='lat' dir='ltr'><strong>ista</strong></span> <span class='ocrx_word' id='word_1_411' title='bbox 1634 2749 1755 2826; x_wconf 90' lang='lat' dir='ltr'><strong>omnia,</strong></span> <span class='ocrx_word' id='word_1_412' title='bbox 1784 2750 1812 2814; x_wconf 90' lang='lat' dir='ltr'><strong>si</strong></span> <span class='ocrx_word' id='word_1_413' title='bbox 1834 2749 2008 2828; x_wconf 85' lang='lat' dir='ltr'><strong>videbitur,</strong></span> <span class='ocrx_word' id='word_1_414' title='bbox 2030 2750 2160 2816; x_wconf 89' lang='lat' dir='ltr'><strong>curabis</strong></span> <span class='ocrx_word' id='word_1_415' title='bbox 2189 2749 2292 2814; x_wconf 85' lang='lat' dir='ltr'><strong>Vireto:</strong></span> 
     </span>
     <span class='ocr_line' id='line_1_30' title="bbox 313 2833 2293 2920; baseline -0.005 -14"><span class='ocrx_word' id='word_1_416' title='bbox 313 2845 402 2906; x_wconf 87' lang='lat' dir='ltr'><strong>rarat</strong></span> <span class='ocrx_word' id='word_1_417' title='bbox 424 2835 529 2920; x_wconf 79' lang='lat' dir='ltr'><strong>tnagis</strong></span> <span class='ocrx_word' id='word_1_418' title='bbox 557 2835 591 2900; x_wconf 91' lang='lat' dir='ltr'><strong>in</strong></span> <span class='ocrx_word' id='word_1_419' title='bbox 621 2835 681 2900; x_wconf 88' lang='lat' dir='ltr'><strong>hac</strong></span> <span class='ocrx_word' id='word_1_420' title='bbox 710 2835 898 2918; x_wconf 89' lang='lat' dir='ltr'><strong>quaestione</strong></span> <span class='ocrx_word' id='word_1_421' title='bbox 925 2837 993 2902; x_wconf 85' lang='lat' dir='ltr'><strong>sore</strong></span> <span class='ocrx_word' id='word_1_422' title='bbox 1019 2837 1197 2920; x_wconf 87' lang='lat' dir='ltr'><strong>propitium</strong></span> <span class='ocrx_word' id='word_1_423' title='bbox 1220 2837 1284 2901; x_wconf 89' lang='lat' dir='ltr'><strong>Pa·</strong></span> <span class='ocrx_word' id='word_1_424' title='bbox 1310 2880 1312 2899; x_wconf 88' lang='grc'>.</span> <span class='ocrx_word' id='word_1_425' title='bbox 1336 2835 1570 2918; x_wconf 87' lang='lat' dir='ltr'><strong>excusabisquc</strong></span> <span class='ocrx_word' id='word_1_426' title='bbox 1587 2833 1674 2916; x_wconf 88' lang='lat' dir='ltr'><strong>apud</strong></span> <span class='ocrx_word' id='word_1_427' title='bbox 1690 2855 1767 2900; x_wconf 90' lang='lat' dir='ltr'><strong>enm</strong></span> <span class='ocrx_word' id='word_1_428' title='bbox 1784 2834 1869 2918; x_wconf 87' lang='lat' dir='ltr'><strong>quod</strong></span> <span class='ocrx_word' id='word_1_429' title='bbox 1886 2857 1954 2900; x_wconf 92' lang='lat' dir='ltr'><strong>non</strong></span> <span class='ocrx_word' id='word_1_430' title='bbox 1975 2837 2177 2918; x_wconf 85' lang='lat' dir='ltr'><strong>scripserim:</strong></span> <span class='ocrx_word' id='word_1_431' title='bbox 2198 2833 2293 2918; x_wconf 90' lang='lat' dir='ltr'><strong>oppri-</strong></span> 
     </span>
     <span class='ocr_line' id='line_1_31' title="bbox 313 2919 2293 3010; baseline -0.004 -20"><span class='ocrx_word' id='word_1_432' title='bbox 313 2923 409 3010; x_wconf 89' lang='lat' dir='ltr'><strong>pistis</strong></span> <span class='ocrx_word' id='word_1_433' title='bbox 432 2941 531 3006; x_wconf 86' lang='lat' dir='ltr'><strong>quum</strong></span> <span class='ocrx_word' id='word_1_434' title='bbox 553 2941 613 2986; x_wconf 88' lang='lat' dir='ltr'><strong>nos</strong></span> <span class='ocrx_word' id='word_1_435' title='bbox 635 2941 758 2998; x_wconf 88' lang='lat' dir='ltr'><strong>omues,</strong></span> <span class='ocrx_word' id='word_1_436' title='bbox 804 2931 913 3004; x_wconf 88' lang='lat' dir='ltr'><strong>raptor</strong></span> <span class='ocrx_word' id='word_1_437' title='bbox 931 2929 1075 2988; x_wconf 88' lang='lat' dir='ltr'><strong>veterem</strong></span> <span class='ocrx_word' id='word_1_438' title='bbox 1096 2921 1187 2988; x_wconf 91' lang='lat' dir='ltr'><strong>illam</strong></span> <span class='ocrx_word' id='word_1_439' title='bbox 1209 2943 1284 2988; x_wconf 91' lang='lat' dir='ltr'><strong>oon·</strong></span> <span class='ocrx_word' id='word_1_440' title='bbox 1309 2928 1313 2999; x_wconf 68' lang='grc' dir='ltr'>ζ</span> <span class='ocrx_word' id='word_1_441' title='bbox 1337 2939 1409 2984; x_wconf 90' lang='lat' dir='ltr'><strong>mor</strong></span> <span class='ocrx_word' id='word_1_442' title='bbox 1428 2919 1526 2998; x_wconf 89' lang='lat' dir='ltr'><strong>enim,</strong></span> <span class='ocrx_word' id='word_1_443' title='bbox 1547 2919 1642 2986; x_wconf 90' lang='lat' dir='ltr'><strong>crede</strong></span> <span class='ocrx_word' id='word_1_444' title='bbox 1659 2919 1751 3000; x_wconf 89' lang='lat' dir='ltr'><strong>mihi,</strong></span> <span class='ocrx_word' id='word_1_445' title='bbox 1769 2919 1907 2987; x_wconf 90' lang='lat' dir='ltr'><strong>assiduis</strong></span> <span class='ocrx_word' id='word_1_446' title='bbox 1924 2921 2247 3005; x_wconf 85' lang='lat' dir='ltr'><strong>interpellationibus,</strong></span> <span class='ocrx_word' id='word_1_447' title='bbox 2262 2923 2293 2982; x_wconf 90' lang='lat' dir='ltr'><strong>ut</strong></span> 
     </span>
     <span class='ocr_line' id='line_1_32' title="bbox 313 2943 2295 3129; baseline -0.004 -51"><span class='ocrx_word' id='word_1_448' title='bbox 313 3009 571 3082; x_wconf 60' lang='lat' dir='ltr'><strong>certationem</strong></span> <span class='ocrx_word' id='word_1_449' title='bbox 600 3005 689 3088; x_wconf 80' lang='lat' dir='ltr'><strong>Quid</strong></span> <span class='ocrx_word' id='word_1_450' title='bbox 706 2943 865 3084; x_wconf 72' lang='lat' dir='ltr'><strong>attuhrit,</strong></span> <span class='ocrx_word' id='word_1_451' title='bbox 883 3005 1030 3072; x_wconf 91' lang='lat' dir='ltr'><strong>nondum</strong></span> <span class='ocrx_word' id='word_1_452' title='bbox 1047 3008 1173 3074; x_wconf 85' lang='lat' dir='ltr'><strong>rescivi.</strong></span> <span class='ocrx_word' id='word_1_453' title='bbox 1197 3007 1285 3074; x_wconf 83' lang='lat' dir='ltr'><strong>Gon·</strong></span> <span class='ocrx_word' id='word_1_454' title='bbox 1309 3026 1313 3129; x_wconf 71' lang='lat' dir='ltr'><strong>q</strong></span> <span class='ocrx_word' id='word_1_455' title='bbox 1337 3027 1433 3088; x_wconf 84' lang='lat' dir='ltr'><strong>aegre</strong></span> <span class='ocrx_word' id='word_1_456' title='bbox 1454 3005 1551 3072; x_wconf 87' lang='lat' dir='ltr'><strong>liceat</strong></span> <span class='ocrx_word' id='word_1_457' title='bbox 1571 3005 1740 3088; x_wconf 86' lang='lat' dir='ltr'><strong>respirare.</strong></span> <span class='ocrx_word' id='word_1_458' title='bbox 1785 3005 1870 3071; x_wconf 81' lang='lat' dir='ltr'><strong>Vale</strong></span> <span class='ocrx_word' id='word_1_459' title='bbox 1898 3007 2063 3073; x_wconf 87' lang='lat' dir='ltr'><strong>carissimo</strong></span> <span class='ocrx_word' id='word_1_460' title='bbox 2091 3009 2201 3074; x_wconf 81' lang='lat' dir='ltr'><strong>frater.</strong></span> <span class='ocrx_word' id='word_1_461' title='bbox 2242 3001 2295 3070; x_wconf 79' lang='lat' dir='ltr'><strong>Sa·</strong></span> 
     </span>
     <span class='ocr_line' id='line_1_33' title="bbox 312 3089 2294 3197; baseline -0.005 -34"><span class='ocrx_word' id='word_1_462' title='bbox 312 3093 380 3164; x_wconf 81' lang='lat' dir='ltr'><strong>fido</strong></span> <span class='ocrx_word' id='word_1_463' title='bbox 407 3103 516 3160; x_wconf 87' lang='lat' dir='ltr'><strong>tamen</strong></span> <span class='ocrx_word' id='word_1_464' title='bbox 543 3094 675 3158; x_wconf 89' lang='lat' dir='ltr'><strong>omnino</strong></span> <span class='ocrx_word' id='word_1_465' title='bbox 703 3113 771 3158; x_wconf 91' lang='lat' dir='ltr'><strong>non</strong></span> <span class='ocrx_word' id='word_1_466' title='bbox 797 3093 882 3158; x_wconf 89' lang='lat' dir='ltr'><strong>male</strong></span> <span class='ocrx_word' id='word_1_467' title='bbox 909 3094 1010 3160; x_wconf 85' lang='lat' dir='ltr'><strong>fuisse</strong></span> <span class='ocrx_word' id='word_1_468' title='bbox 1037 3093 1215 3160; x_wconf 79' lang='lat' dir='ltr'><strong>aLatlrero</strong></span> <span class='ocrx_word' id='word_1_469' title='bbox 1234 3113 1285 3158; x_wconf 90' lang='lat' dir='ltr'><strong>re-</strong></span> <span class='ocrx_word' id='word_1_470' title='bbox 1310 3150 1313 3197; x_wconf 59' lang='grc'>,</span> <span class='ocrx_word' id='word_1_471' title='bbox 1337 3089 1406 3156; x_wconf 88' lang='lat' dir='ltr'><strong>luta</strong></span> <span class='ocrx_word' id='word_1_472' title='bbox 1433 3111 1547 3156; x_wconf 88' lang='lat' dir='ltr'><strong>omnes</strong></span> <span class='ocrx_word' id='word_1_473' title='bbox 1574 3090 1757 3176; x_wconf 85' lang='lat' dir='ltr'><strong>diligenter.</strong></span> <span class='ocrx_word' id='word_1_474' title='bbox 1809 3093 1972 3158; x_wconf 89' lang='lat' dir='ltr'><strong>Dominus</strong></span> <span class='ocrx_word' id='word_1_475' title='bbox 2001 3115 2057 3158; x_wconf 91' lang='lat' dir='ltr'><strong>vos</strong></span> <span class='ocrx_word' id='word_1_476' title='bbox 2091 3115 2205 3160; x_wconf 89' lang='lat' dir='ltr'><strong>omnes</strong></span> <span class='ocrx_word' id='word_1_477' title='bbox 2230 3111 2294 3156; x_wconf 88' lang='lat' dir='ltr'><strong>oen·</strong></span> 
     </span>
     <span class='ocr_line' id='line_1_34' title="bbox 313 3177 1992 3266; baseline -0.005 -16"><span class='ocrx_word' id='word_1_478' title='bbox 313 3181 517 3266; x_wconf 78' lang='lat' dir='ltr'><strong>sponsum.⁶)</strong></span> <span class='ocrx_word' id='word_1_479' title='bbox 561 3177 745 3244; x_wconf 87' lang='lat' dir='ltr'><strong>Restabant</strong></span> <span class='ocrx_word' id='word_1_480' title='bbox 773 3178 809 3244; x_wconf 92' lang='lat' dir='ltr'><strong>in</strong></span> <span class='ocrx_word' id='word_1_481' title='bbox 844 3199 943 3244; x_wconf 78' lang='lat' dir='ltr'><strong>musa</strong></span> <span class='ocrx_word' id='word_1_482' title='bbox 970 3177 1186 3244; x_wconf 86' lang='lat' dir='ltr'><strong>eucharistiae</strong></span> <span class='ocrx_word' id='word_1_483' title='bbox 1218 3189 1286 3244; x_wconf 89' lang='lat' dir='ltr'><strong>tres</strong></span> <span class='ocrx_word' id='word_1_484' title='bbox 1310 3218 1313 3247; x_wconf 59' lang='grc' dir='ltr'>ι</span> <span class='ocrx_word' id='word_1_485' title='bbox 1338 3187 1455 3244; x_wconf 87' lang='lat' dir='ltr'><strong>servet</strong></span> <span class='ocrx_word' id='word_1_486' title='bbox 1500 3177 1722 3260; x_wconf 65' lang='lat' dir='ltr'><strong>argentorati,</strong></span> <span class='ocrx_word' id='word_1_487' title='bbox 1744 3177 1838 3256; x_wconf 91' lang='lat' dir='ltr'><strong>Iulio,</strong></span> <span class='ocrx_word' id='word_1_488' title='bbox 1865 3181 1992 3262; x_wconf 74' lang='grc'>15411)</span> 
     </span>
    </p>

    <p class='ocr_par' dir='ltr' id='par_1_5' title="bbox 313 3254 2047 3352">
     <span class='ocr_line' id='line_1_35' title="bbox 313 3254 2047 3352; baseline -0.003 -21"><span class='ocrx_word' id='word_1_489' title='bbox 313 3267 518 3352; x_wconf 88' lang='lat' dir='ltr'><strong>quaestiones</strong></span> <span class='ocrx_word' id='word_1_490' title='bbox 536 3261 759 3346; x_wconf 86' lang='lat' dir='ltr'><strong>disputandae,</strong></span> <span class='ocrx_word' id='word_1_491' title='bbox 782 3261 822 3328; x_wconf 89' lang='lat' dir='ltr'><strong>de</strong></span> <span class='ocrx_word' id='word_1_492' title='bbox 839 3263 997 3330; x_wconf 86' lang='lat' dir='ltr'><strong>sacrificio</strong></span> <span class='ocrx_word' id='word_1_493' title='bbox 1014 3264 1141 3344; x_wconf 88' lang='lat' dir='ltr'><strong>missae,</strong></span> <span class='ocrx_word' id='word_1_494' title='bbox 1161 3263 1202 3330; x_wconf 93' lang='lat' dir='ltr'><strong>de</strong></span> <span class='ocrx_word' id='word_1_495' title='bbox 1219 3265 1286 3348; x_wconf 88' lang='lat' dir='ltr'><strong>pri·</strong></span> <span class='ocrx_word' id='word_1_496' title='bbox 1310 3254 1313 3305; x_wconf 77' lang='lat'>¹</span> <span class='ocrx_word' id='word_1_497' title='bbox 2041 3333 2047 3348; x_wconf 38' lang='lat'>⁸</span> 
     </span>
    </p>

    <p class='ocr_par' dir='ltr' id='par_1_6' title="bbox 313 3332 2223 3516">
     <span class='ocr_line' id='line_1_36' title="bbox 313 3332 2223 3432; baseline -0.004 -12"><span class='ocrx_word' id='word_1_498' title='bbox 313 3353 400 3420; x_wconf 81' lang='lat' dir='ltr'><strong>vatis</strong></span> <span class='ocrx_word' id='word_1_499' title='bbox 423 3350 540 3430; x_wconf 88' lang='lat' dir='ltr'><strong>missis,</strong></span> <span class='ocrx_word' id='word_1_500' title='bbox 561 3347 602 3414; x_wconf 91' lang='lat' dir='ltr'><strong>de</strong></span> <span class='ocrx_word' id='word_1_501' title='bbox 620 3351 790 3432; x_wconf 91' lang='lat' dir='ltr'><strong>utriusque</strong></span> <span class='ocrx_word' id='word_1_502' title='bbox 808 3350 925 3432; x_wconf 89' lang='lat' dir='ltr'><strong>speciei</strong></span> <span class='ocrx_word' id='word_1_503' title='bbox 944 3349 1181 3416; x_wconf 85' lang='lat' dir='ltr'><strong>distributione.</strong></span> <span class='ocrx_word' id='word_1_504' title='bbox 1216 3349 1286 3416; x_wconf 79' lang='lat' dir='ltr'><strong>Ad·</strong></span> <span class='ocrx_word' id='word_1_505' title='bbox 1311 3344 1313 3413; x_wconf 77' lang='grc' dir='ltr'>ἶ</span> <span class='ocrx_word' id='word_1_506' title='bbox 1796 3332 1938 3400; x_wconf 90' lang='lat' dir='ltr'><strong>Ioannes</strong></span> <span class='ocrx_word' id='word_1_507' title='bbox 1956 3333 2115 3400; x_wconf 70' lang='grc'>0111111118</span> <span class='ocrx_word' id='word_1_508' title='bbox 2138 3341 2223 3398; x_wconf 68' lang='grc'>1111111·</span> 
     </span>
     <span class='ocr_line' id='line_1_37' title="bbox 314 3433 1286 3516; baseline -0.006 -10"><span class='ocrx_word' id='word_1_509' title='bbox 314 3437 461 3516; x_wconf 83' lang='lat' dir='ltr'><strong>versarii,</strong></span> <span class='ocrx_word' id='word_1_510' title='bbox 483 3437 612 3502; x_wconf 85' lang='lat' dir='ltr'><strong>sublata</strong></span> <span class='ocrx_word' id='word_1_511' title='bbox 631 3433 806 3500; x_wconf 85' lang='lat' dir='ltr'><strong>missarum</strong></span> <span class='ocrx_word' id='word_1_512' title='bbox 829 3433 1064 3500; x_wconf 88' lang='lat' dir='ltr'><strong>nundinatione</strong></span> <span class='ocrx_word' id='word_1_513' title='bbox 1085 3445 1117 3502; x_wconf 92' lang='lat' dir='ltr'><strong>et</strong></span> <span class='ocrx_word' id='word_1_514' title='bbox 1137 3436 1286 3500; x_wconf 88' lang='lat' dir='ltr'><strong>multitu·</strong></span> 
     </span>
    </p>

    <p class='ocr_par' dir='ltr' id='par_1_7' title="bbox 315 3520 1313 3605">
     <span class='ocr_line' id='line_1_38' title="bbox 315 3520 1313 3605; baseline -0.002 -17"><span class='ocrx_word' id='word_1_515' title='bbox 315 3521 401 3602; x_wconf 91' lang='lat' dir='ltr'><strong>dine,</strong></span> <span class='ocrx_word' id='word_1_516' title='bbox 424 3541 525 3586; x_wconf 90' lang='lat' dir='ltr'><strong>unam</strong></span> <span class='ocrx_word' id='word_1_517' title='bbox 543 3529 671 3586; x_wconf 85' lang='lat' dir='ltr'><strong>tontum</strong></span> <span class='ocrx_word' id='word_1_518' title='bbox 689 3521 821 3586; x_wconf 88' lang='lat' dir='ltr'><strong>missam</strong></span> <span class='ocrx_word' id='word_1_519' title='bbox 843 3520 878 3586; x_wconf 93' lang='lat' dir='ltr'><strong>in</strong></span> <span class='ocrx_word' id='word_1_520' title='bbox 900 3521 1038 3604; x_wconf 81' lang='lat' dir='ltr'><strong>singulis</strong></span> <span class='ocrx_word' id='word_1_521' title='bbox 1059 3522 1189 3605; x_wconf 90' lang='lat' dir='ltr'><strong>templis</strong></span> <span class='ocrx_word' id='word_1_522' title='bbox 1208 3541 1286 3604; x_wconf 93' lang='lat' dir='ltr'><strong>quo·</strong></span> <span class='ocrx_word' id='word_1_523' title='bbox 1311 3588 1313 3599; x_wconf 75' lang='grc'>,</span> 
     </span>
    </p>

    <p class='ocr_par' dir='ltr' id='par_1_8' title="bbox 315 3605 1286 3690">
     <span class='ocr_line' id='line_1_39' title="bbox 315 3605 1286 3690; baseline -0.002 -16"><span class='ocrx_word' id='word_1_524' title='bbox 315 3607 395 3674; x_wconf 87' lang='lat' dir='ltr'><strong>tidie</strong></span> <span class='ocrx_word' id='word_1_525' title='bbox 418 3606 612 3684; x_wconf 87' lang='lat' dir='ltr'><strong>retinebant,</strong></span> <span class='ocrx_word' id='word_1_526' title='bbox 635 3605 733 3688; x_wconf 91' lang='lat' dir='ltr'><strong>idque</strong></span> <span class='ocrx_word' id='word_1_527' title='bbox 754 3627 793 3672; x_wconf 89' lang='lat' dir='ltr'><strong>ea</strong></span> <span class='ocrx_word' id='word_1_528' title='bbox 815 3605 903 3690; x_wconf 81' lang='lat' dir='ltr'><strong>lege,</strong></span> <span class='ocrx_word' id='word_1_529' title='bbox 933 3613 972 3672; x_wconf 90' lang='lat' dir='ltr'><strong>ut</strong></span> <span class='ocrx_word' id='word_1_530' title='bbox 992 3627 1059 3672; x_wconf 90' lang='lat' dir='ltr'><strong>non</strong></span> <span class='ocrx_word' id='word_1_531' title='bbox 1086 3607 1156 3672; x_wconf 92' lang='lat' dir='ltr'><strong>sine</strong></span> <span class='ocrx_word' id='word_1_532' title='bbox 1179 3606 1286 3690; x_wconf 87' lang='lat' dir='ltr'><strong>aliquo</strong></span> 
     </span>
    </p>

    <p class='ocr_par' dir='ltr' id='par_1_9' title="bbox 316 3691 1286 3777">
     <span class='ocr_line' id='line_1_40' title="bbox 316 3691 1286 3777; baseline -0.004 -15"><span class='ocrx_word' id='word_1_533' title='bbox 316 3701 428 3772; x_wconf 85' lang='lat' dir='ltr'><strong>coctu,</strong></span> <span class='ocrx_word' id='word_1_534' title='bbox 460 3693 512 3758; x_wconf 92' lang='lat' dir='ltr'><strong>cui</strong></span> <span class='ocrx_word' id='word_1_535' title='bbox 539 3691 733 3776; x_wconf 79' lang='lat' dir='ltr'><strong>mysterium</strong></span> <span class='ocrx_word' id='word_1_536' title='bbox 761 3701 994 3777; x_wconf 87' lang='lat' dir='ltr'><strong>exponeretur,</strong></span> <span class='ocrx_word' id='word_1_537' title='bbox 1026 3691 1142 3759; x_wconf 90' lang='lat' dir='ltr'><strong>deiude</strong></span> <span class='ocrx_word' id='word_1_538' title='bbox 1174 3699 1214 3757; x_wconf 88' lang='lat' dir='ltr'><strong>nt</strong></span> <span class='ocrx_word' id='word_1_539' title='bbox 1245 3691 1286 3758; x_wconf 87' lang='lat' dir='ltr'><strong>ad</strong></span> 
     </span>
    </p>

    <p class='ocr_par' dir='ltr' id='par_1_10' title="bbox 315 3775 1286 3861">
     <span class='ocr_line' id='line_1_41' title="bbox 315 3775 1286 3861; baseline -0.005 -14"><span class='ocrx_word' id='word_1_540' title='bbox 315 3777 578 3848; x_wconf 88' lang='lat' dir='ltr'><strong>communionem</strong></span> <span class='ocrx_word' id='word_1_541' title='bbox 606 3775 788 3842; x_wconf 86' lang='lat' dir='ltr'><strong>exhortatio</strong></span> <span class='ocrx_word' id='word_1_542' title='bbox 816 3779 917 3844; x_wconf 85' lang='lat' dir='ltr'><strong>fieret.</strong></span> <span class='ocrx_word' id='word_1_543' title='bbox 962 3777 1082 3844; x_wconf 72' lang='lat' dir='ltr'><strong>Calicis</strong></span> <span class='ocrx_word' id='word_1_544' title='bbox 1113 3779 1286 3861; x_wconf 87' lang='lat' dir='ltr'><strong>participa-</strong></span> 
     </span>
    </p>

    <p class='ocr_par' dir='ltr' id='par_1_11' title="bbox 314 3830 1862 3947">
     <span class='ocr_line' id='line_1_42' title="bbox 314 3830 1862 3947; baseline -0.003 -15"><span class='ocrx_word' id='word_1_545' title='bbox 314 3865 439 3932; x_wconf 89' lang='lat' dir='ltr'><strong>tionem</strong></span> <span class='ocrx_word' id='word_1_546' title='bbox 462 3863 613 3930; x_wconf 86' lang='lat' dir='ltr'><strong>volabant</strong></span> <span class='ocrx_word' id='word_1_547' title='bbox 640 3881 710 3928; x_wconf 89' lang='lat' dir='ltr'><strong>esse</strong></span> <span class='ocrx_word' id='word_1_548' title='bbox 739 3863 888 3943; x_wconf 90' lang='lat' dir='ltr'><strong>liberam,</strong></span> <span class='ocrx_word' id='word_1_549' title='bbox 917 3873 954 3928; x_wconf 91' lang='lat' dir='ltr'><strong>ut</strong></span> <span class='ocrx_word' id='word_1_550' title='bbox 975 3861 1133 3929; x_wconf 88' lang='lat' dir='ltr'><strong>baberent</strong></span> <span class='ocrx_word' id='word_1_551' title='bbox 1154 3865 1209 3946; x_wconf 92' lang='lat' dir='ltr'><strong>qui</strong></span> <span class='ocrx_word' id='word_1_552' title='bbox 1231 3879 1286 3947; x_wconf 89' lang='lat' dir='ltr'><strong>pe·</strong></span> <span class='ocrx_word' id='word_1_553' title='bbox 1310 3830 1314 3911; x_wconf 65' lang='grc'>1</span> <span class='ocrx_word' id='word_1_554' title='bbox 1787 3843 1862 3914; x_wconf 77' lang='lat'><strong>335·</strong></span> 
     </span>
    </p>

    <p class='ocr_par' dir='ltr' id='par_1_12' title="bbox 315 3947 1286 4032">
     <span class='ocr_line' id='line_1_43' title="bbox 315 3947 1286 4032; baseline -0.004 -14"><span class='ocrx_word' id='word_1_555' title='bbox 315 3957 432 4018; x_wconf 86' lang='lat' dir='ltr'><strong>terent.</strong></span> <span class='ocrx_word' id='word_1_556' title='bbox 478 3947 684 4016; x_wconf 80' lang='lat' dir='ltr'><strong>Sacrificium</strong></span> <span class='ocrx_word' id='word_1_557' title='bbox 706 3949 860 4016; x_wconf 83' lang='lat' dir='ltr'><strong>secabant</strong></span> <span class='ocrx_word' id='word_1_558' title='bbox 877 3949 1054 4032; x_wconf 89' lang='lat' dir='ltr'><strong>sophistica</strong></span> <span class='ocrx_word' id='word_1_559' title='bbox 1075 3950 1286 4032; x_wconf 87' lang='lat' dir='ltr'><strong>expositione,</strong></span> 
     </span>
    </p>

    <p class='ocr_par' dir='ltr' id='par_1_13' title="bbox 316 4015 2044 4122">
     <span class='ocr_line' id='line_1_44' title="bbox 316 4015 2044 4122; baseline -0.002 -20"><span class='ocrx_word' id='word_1_560' title='bbox 316 4057 414 4122; x_wconf 91' lang='lat' dir='ltr'><strong>quam</strong></span> <span class='ocrx_word' id='word_1_561' title='bbox 436 4033 522 4100; x_wconf 89' lang='lat' dir='ltr'><strong>unde</strong></span> <span class='ocrx_word' id='word_1_562' title='bbox 544 4033 750 4117; x_wconf 89' lang='lat' dir='ltr'><strong>sumpserint,</strong></span> <span class='ocrx_word' id='word_1_563' title='bbox 774 4043 811 4100; x_wconf 92' lang='lat' dir='ltr'><strong>tu</strong></span> <span class='ocrx_word' id='word_1_564' title='bbox 832 4035 901 4118; x_wconf 89' lang='lat' dir='ltr'><strong>ipse</strong></span> <span class='ocrx_word' id='word_1_565' title='bbox 923 4035 1054 4102; x_wconf 88' lang='lat' dir='ltr'><strong>eoniiee.</strong></span> <span class='ocrx_word' id='word_1_566' title='bbox 1092 4033 1156 4100; x_wconf 87' lang='lat' dir='ltr'><strong>Illa</strong></span> <span class='ocrx_word' id='word_1_567' title='bbox 1178 4035 1289 4100; x_wconf 90' lang='lat' dir='ltr'><strong>omnia</strong></span> <span class='ocrx_word' id='word_1_568' title='bbox 1605 4015 1839 4082; x_wconf 69' lang='lat' dir='ltr'>GALVINUS</span> <span class='ocrx_word' id='word_1_569' title='bbox 1863 4015 2044 4083; x_wconf 70' lang='lat' dir='ltr'>VIRETO·</span> 
     </span>
    </p>

    <p class='ocr_par' dir='ltr' id='par_1_14' title="bbox 316 4119 1288 4204">
     <span class='ocr_line' id='line_1_45' title="bbox 316 4119 1288 4204; baseline -0.004 -14"><span class='ocrx_word' id='word_1_570' title='bbox 316 4131 394 4190; x_wconf 81' lang='lat' dir='ltr'><strong>sunt</strong></span> <span class='ocrx_word' id='word_1_571' title='bbox 416 4119 594 4204; x_wconf 87' lang='lat' dir='ltr'><strong>repudiata,</strong></span> <span class='ocrx_word' id='word_1_572' title='bbox 617 4119 729 4202; x_wconf 87' lang='lat' dir='ltr'><strong>scripti</strong></span> <span class='ocrx_word' id='word_1_573' title='bbox 751 4119 932 4202; x_wconf 82' lang='lat' dir='ltr'><strong>anilr‘ppo</strong></span> <span class='ocrx_word' id='word_1_574' title='bbox 948 4121 982 4185; x_wconf 91' lang='lat' dir='ltr'><strong>in</strong></span> <span class='ocrx_word' id='word_1_575' title='bbox 1000 4121 1197 4186; x_wconf 87' lang='lat' dir='ltr'><strong>contrariam</strong></span> <span class='ocrx_word' id='word_1_576' title='bbox 1215 4141 1288 4187; x_wconf 90' lang='lat' dir='ltr'><strong>sen-</strong></span> 
     </span>
    </p>

    <p class='ocr_par' dir='ltr' id='par_1_15' title="bbox 316 4203 2303 4548">
     <span class='ocr_line' id='line_1_46' title="bbox 316 4203 2303 4291; baseline -0.002 -17"><span class='ocrx_word' id='word_1_577' title='bbox 316 4207 452 4274; x_wconf 88' lang='lat' dir='ltr'><strong>tentiam</strong></span> <span class='ocrx_word' id='word_1_578' title='bbox 475 4205 614 4286; x_wconf 88' lang='lat' dir='ltr'><strong>articuli,</strong></span> <span class='ocrx_word' id='word_1_579' title='bbox 643 4211 677 4270; x_wconf 90' lang='lat' dir='ltr'><strong>et</strong></span> <span class='ocrx_word' id='word_1_580' title='bbox 697 4205 806 4272; x_wconf 89' lang='lat' dir='ltr'><strong>oblati.</strong></span> <span class='ocrx_word' id='word_1_581' title='bbox 851 4203 999 4270; x_wconf 88' lang='lat' dir='ltr'><strong>Ventum</strong></span> <span class='ocrx_word' id='word_1_582' title='bbox 1023 4203 1140 4272; x_wconf 91' lang='lat' dir='ltr'><strong>deinde</strong></span> <span class='ocrx_word' id='word_1_583' title='bbox 1168 4213 1218 4272; x_wconf 87' lang='lat' dir='ltr'><strong>est</strong></span> <span class='ocrx_word' id='word_1_584' title='bbox 1248 4205 1289 4272; x_wconf 89' lang='lat' dir='ltr'><strong>ad</strong></span> <span class='ocrx_word' id='word_1_585' title='bbox 1426 4204 1477 4269; x_wconf 88' lang='lat' dir='ltr'><strong>De</strong></span> <span class='ocrx_word' id='word_1_586' title='bbox 1498 4205 1626 4269; x_wconf 84' lang='lat' dir='ltr'><strong>coeteris</strong></span> <span class='ocrx_word' id='word_1_587' title='bbox 1652 4225 1721 4270; x_wconf 83' lang='lat' dir='ltr'><strong>eam</strong></span> <span class='ocrx_word' id='word_1_588' title='bbox 1749 4207 1792 4272; x_wconf 82' lang='lat' dir='ltr'><strong>od</strong></span> <span class='ocrx_word' id='word_1_589' title='bbox 1814 4204 1977 4272; x_wconf 65' lang='lat' dir='ltr'><strong>carettum</strong></span> <span class='ocrx_word' id='word_1_590' title='bbox 2003 4205 2158 4291; x_wconf 68' lang='grc' dir='ltr'>ιιὺῑῳαιιε</span> <span class='ocrx_word' id='word_1_591' title='bbox 2184 4208 2235 4272; x_wconf 85' lang='lat' dir='ltr'><strong>eui</strong></span> <span class='ocrx_word' id='word_1_592' title='bbox 2254 4225 2303 4270; x_wconf 81' lang='lat' dir='ltr'><strong>aa·</strong></span> 
     </span>
     <span class='ocr_line' id='line_1_47' title="bbox 318 4289 2303 4374; baseline -0.002 -14"><span class='ocrx_word' id='word_1_593' title='bbox 318 4292 566 4368; x_wconf 80' lang='lat' dir='ltr'><strong>confessionem,</strong></span> <span class='ocrx_word' id='word_1_594' title='bbox 595 4291 629 4356; x_wconf 93' lang='lat' dir='ltr'><strong>in</strong></span> <span class='ocrx_word' id='word_1_595' title='bbox 659 4311 724 4374; x_wconf 92' lang='lat' dir='ltr'><strong>qua</strong></span> <span class='ocrx_word' id='word_1_596' title='bbox 752 4289 1007 4357; x_wconf 85' lang='lat' dir='ltr'><strong>moderationem</strong></span> <span class='ocrx_word' id='word_1_597' title='bbox 1029 4291 1150 4358; x_wconf 86' lang='lat' dir='ltr'><strong>dabant</strong></span> <span class='ocrx_word' id='word_1_598' title='bbox 1173 4291 1288 4358; x_wconf 87' lang='lat' dir='ltr'><strong>advor—</strong></span> <span class='ocrx_word' id='word_1_599' title='bbox 1337 4291 1512 4373; x_wconf 80' lang='lat' dir='ltr'><strong>perplura</strong></span> <span class='ocrx_word' id='word_1_600' title='bbox 1529 4289 1666 4370; x_wconf 83' lang='lat' dir='ltr'><strong>scripsit,</strong></span> <span class='ocrx_word' id='word_1_601' title='bbox 1688 4289 1737 4356; x_wconf 84' lang='lat' dir='ltr'><strong>hic</strong></span> <span class='ocrx_word' id='word_1_602' title='bbox 1758 4290 1908 4356; x_wconf 76' lang='lat' dir='ltr'><strong>masada</strong></span> <span class='ocrx_word' id='word_1_603' title='bbox 1929 4293 2089 4372; x_wconf 82' lang='lat' dir='ltr'><strong>speciatim</strong></span> <span class='ocrx_word' id='word_1_604' title='bbox 2111 4295 2152 4359; x_wconf 82' lang='lat' dir='ltr'><strong>de</strong></span> <span class='ocrx_word' id='word_1_605' title='bbox 2173 4294 2303 4358; x_wconf 76' lang='lat' dir='ltr'><strong>interca·</strong></span> 
     </span>
     <span class='ocr_line' id='line_1_48' title="bbox 318 4375 2302 4462; baseline -0.001 -18"><span class='ocrx_word' id='word_1_606' title='bbox 318 4377 411 4456; x_wconf 82' lang='lat' dir='ltr'><strong>rarii,</strong></span> <span class='ocrx_word' id='word_1_607' title='bbox 440 4376 661 4462; x_wconf 89' lang='lat' dir='ltr'><strong>scrupulosam</strong></span> <span class='ocrx_word' id='word_1_608' title='bbox 689 4377 968 4442; x_wconf 88' lang='lat' dir='ltr'><strong>enumerationem</strong></span> <span class='ocrx_word' id='word_1_609' title='bbox 991 4375 1202 4456; x_wconf 89' lang='lat' dir='ltr'><strong>remittendo,</strong></span> <span class='ocrx_word' id='word_1_610' title='bbox 1231 4377 1288 4443; x_wconf 89' lang='lat' dir='ltr'><strong>sed</strong></span> <span class='ocrx_word' id='word_1_611' title='bbox 1341 4377 1427 4442; x_wconf 70' lang='lat' dir='ltr'><strong>smne</strong></span> <span class='ocrx_word' id='word_1_612' title='bbox 1447 4375 1632 4457; x_wconf 76' lang='lat' dir='ltr'><strong>Principum</strong></span> <span class='ocrx_word' id='word_1_613' title='bbox 1653 4396 1714 4458; x_wconf 86' lang='lat' dir='ltr'><strong>pro</strong></span> <span class='ocrx_word' id='word_1_614' title='bbox 1737 4377 1806 4459; x_wconf 83' lang='lat' dir='ltr'><strong>piis</strong></span> <span class='ocrx_word' id='word_1_615' title='bbox 1832 4377 1868 4441; x_wconf 82' lang='lat' dir='ltr'><strong>ia</strong></span> <span class='ocrx_word' id='word_1_616' title='bbox 1893 4377 2002 4444; x_wconf 82' lang='lat' dir='ltr'><strong>Gellio</strong></span> <span class='ocrx_word' id='word_1_617' title='bbox 2028 4378 2191 4460; x_wconf 64' lang='lat' dir='ltr'><strong>fratribus</strong></span> <span class='ocrx_word' id='word_1_618' title='bbox 2216 4377 2302 4443; x_wconf 77' lang='lat' dir='ltr'><strong>addit</strong></span> 
     </span>
     <span class='ocr_line' id='line_1_49' title="bbox 318 4461 1900 4548; baseline -0.004 -16"><span class='ocrx_word' id='word_1_619' title='bbox 318 4461 545 4532; x_wconf 75' lang='lat' dir='ltr'><strong>nemaiumm</strong></span> <span class='ocrx_word' id='word_1_620' title='bbox 573 4463 746 4548; x_wconf 77' lang='lat' dir='ltr'><strong>exigebant</strong></span> <span class='ocrx_word' id='word_1_621' title='bbox 773 4463 982 4530; x_wconf 79' lang='lat' dir='ltr'><strong>mutescionis</strong></span> <span class='ocrx_word' id='word_1_622' title='bbox 1010 4469 1044 4528; x_wconf 89' lang='lat' dir='ltr'><strong>et</strong></span> <span class='ocrx_word' id='word_1_623' title='bbox 1065 4461 1287 4530; x_wconf 89' lang='lat' dir='ltr'><strong>absolutionis.</strong></span> <span class='ocrx_word' id='word_1_624' title='bbox 1344 4461 1463 4528; x_wconf 82' lang='lat' dir='ltr'><strong>Ribctii</strong></span> <span class='ocrx_word' id='word_1_625' title='bbox 1483 4462 1637 4546; x_wconf 77' lang='lat' dir='ltr'><strong>nepotiani</strong></span> <span class='ocrx_word' id='word_1_626' title='bbox 1658 4461 1687 4527; x_wconf 84' lang='lat' dir='ltr'><strong>ci</strong></span> <span class='ocrx_word' id='word_1_627' title='bbox 1703 4462 1900 4529; x_wconf 66' lang='lat' dir='ltr'><strong>mmmetda.</strong></span> 
     </span>
    </p>
   </div>
   <div class='ocr_carea' id='block_1_5' title="bbox 1313 4580 1317 4775">
    <p class='ocr_par' dir='ltr' id='par_1_16' title="bbox 1313 4580 1317 4775">
     <span class='ocr_line' id='line_1_50' title="bbox 1313 4580 1317 4677; baseline 0 0"><span class='ocrx_word' id='word_1_628' title='bbox 1313 4580 1317 4677; x_wconf 79' lang='grc'>1</span> 
     </span>
     <span class='ocr_line' id='line_1_51' title="bbox 1313 4728 1316 4775; baseline 0 0"><span class='ocrx_word' id='word_1_629' title='bbox 1313 4728 1316 4775; x_wconf 88' lang='grc' dir='ltr'>ι</span> 
     </span>
    </p>
   </div>
   <div class='ocr_carea' id='block_1_6' title="bbox 320 4749 2309 5238">
    <p class='ocr_par' dir='ltr' id='par_1_17' title="bbox 343 4749 2244 4902">
     <span class='ocr_line' id='line_1_52' title="bbox 343 4749 2244 4831; baseline -0.003 -25"><span class='ocrx_word' id='word_1_630' title='bbox 343 4751 406 4816; x_wconf 68' lang='grc'>881.</span> <span class='ocrx_word' id='word_1_631' title='bbox 428 4751 575 4822; x_wconf 74' lang='lat' dir='ltr'><strong>ltpodt&#39;co</strong></span> <span class='ocrx_word' id='word_1_632' title='bbox 591 4753 701 4820; x_wconf 68' lang='lat' dir='ltr'><strong>sedas</strong></span> <span class='ocrx_word' id='word_1_633' title='bbox 787 4753 792 4766; x_wconf 91' lang='grc'><strong>’</strong></span> <span class='ocrx_word' id='word_1_634' title='bbox 830 4753 1021 4822; x_wconf 65' lang='lat' dir='ltr'><strong>operariae.</strong></span> <span class='ocrx_word' id='word_1_635' title='bbox 1443 4751 1471 4814; x_wconf 83' lang='lat'><strong>6)</strong></span> <span class='ocrx_word' id='word_1_636' title='bbox 1489 4751 1574 4805; x_wconf 67' lang='grc'>131.</span> <span class='ocrx_word' id='word_1_637' title='bbox 1594 4751 1677 4831; x_wconf 77' lang='lat' dir='ltr'><strong>Maii.</strong></span> <span class='ocrx_word' id='word_1_638' title='bbox 1705 4752 1828 4807; x_wconf 69' lang='grc' dir='ltr'>θῐιίάιιιι.</span> <span class='ocrx_word' id='word_1_639' title='bbox 1848 4751 1905 4804; x_wconf 71' lang='grc'>112.</span> <span class='ocrx_word' id='word_1_640' title='bbox 1943 4751 2033 4818; x_wconf 65' lang='lat' dir='ltr'><strong>Oto.</strong></span> <span class='ocrx_word' id='word_1_641' title='bbox 2052 4749 2089 4807; x_wconf 81' lang='lat' dir='ltr'><strong>R.</strong></span> <span class='ocrx_word' id='word_1_642' title='bbox 2109 4752 2168 4806; x_wconf 86' lang='lat' dir='ltr'><strong>IV.</strong></span> <span class='ocrx_word' id='word_1_643' title='bbox 2187 4749 2244 4805; x_wconf 76' lang='lat'><strong>348.</strong></span> 
     </span>
     <span class='ocr_line' id='line_1_53' title="bbox 424 4778 2149 4902; baseline 0 -26"><span class='ocrx_word' id='word_1_644' title='bbox 424 4823 452 4890; x_wconf 84' lang='grc'>1)</span> <span class='ocrx_word' id='word_1_645' title='bbox 472 4821 554 4888; x_wconf 78' lang='lat' dir='ltr'><strong>Uorp.</strong></span> <span class='ocrx_word' id='word_1_646' title='bbox 574 4819 676 4888; x_wconf 57' lang='lat' dir='ltr'><strong>Res]</strong></span> <span class='ocrx_word' id='word_1_647' title='bbox 702 4825 785 4878; x_wconf 78' lang='lat' dir='ltr'><strong>‚tas</strong></span> <span class='ocrx_word' id='word_1_648' title='bbox 814 4822 922 4890; x_wconf 64' lang='lat' dir='ltr'><strong>Reate</strong></span> <span class='ocrx_word' id='word_1_649' title='bbox 941 4823 995 4880; x_wconf 86' lang='lat' dir='ltr'><strong>IV.</strong></span> <span class='ocrx_word' id='word_1_650' title='bbox 1014 4821 1071 4876; x_wconf 84' lang='grc'>168.</span> <span class='ocrx_word' id='word_1_651' title='bbox 1100 4823 1288 4890; x_wconf 72' lang='lat' dir='ltr'><strong>Merbeueke,</strong></span> <span class='ocrx_word' id='word_1_652' title='bbox 1313 4778 1316 4894; x_wconf 68' lang='grc'>1</span> <span class='ocrx_word' id='word_1_653' title='bbox 1445 4819 1471 4886; x_wconf 81' lang='lat' dir='ltr'><strong>t)</strong></span> <span class='ocrx_word' id='word_1_654' title='bbox 1490 4821 1516 4874; x_wconf 81' lang='lat' dir='ltr'><strong>d.</strong></span> <span class='ocrx_word' id='word_1_655' title='bbox 1534 4821 1560 4875; x_wconf 90' lang='lat'><strong>8.</strong></span> <span class='ocrx_word' id='word_1_656' title='bbox 1578 4821 1665 4874; x_wconf 78' lang='lat' dir='ltr'><strong>Irata.</strong></span> <span class='ocrx_word' id='word_1_657' title='bbox 1702 4821 1824 4876; x_wconf 75' lang='lat' dir='ltr'><strong>Stridon</strong></span> <span class='ocrx_word' id='word_1_658' title='bbox 1841 4837 1868 4888; x_wconf 86' lang='lat' dir='ltr'><strong>p.</strong></span> <span class='ocrx_word' id='word_1_659' title='bbox 1886 4821 1944 4874; x_wconf 75' lang='grc'>213.</span> <span class='ocrx_word' id='word_1_660' title='bbox 1982 4821 2010 4876; x_wconf 83' lang='lat'><strong>0.</strong></span> <span class='ocrx_word' id='word_1_661' title='bbox 2030 4820 2066 4874; x_wconf 82' lang='lat' dir='ltr'><strong>R.</strong></span> <span class='ocrx_word' id='word_1_662' title='bbox 2081 4820 2149 4902; x_wconf 74' lang='lat'><strong>,3⁸9·</strong></span> 
     </span>
    </p>

    <p class='ocr_par' dir='ltr' id='par_1_18' title="bbox 320 4883 2309 5095">
     <span class='ocr_line' id='line_1_54' title="bbox 320 4883 2309 5040; baseline -0.003 -26"><span class='ocrx_word' id='word_1_663' title='bbox 320 4891 374 4948; x_wconf 41' lang='lat' dir='ltr'><strong>IV·</strong></span> <span class='ocrx_word' id='word_1_664' title='bbox 393 4889 452 5022; x_wconf 67' lang='grc'><strong>76111</strong></span> <span class='ocrx_word' id='word_1_665' title='bbox 472 4890 851 5030; x_wconf 45' lang='grc' dir='ltr'><strong>Ψθᾞῶιὲόᾆροῐορίαι</strong></span> <span class='ocrx_word' id='word_1_666' title='bbox 871 4959 945 5018; x_wconf 74' lang='lat' dir='ltr'><strong>ca.</strong></span> <span class='ocrx_word' id='word_1_667' title='bbox 958 4959 1011 5016; x_wconf 88' lang='lat' dir='ltr'><strong>IV.</strong></span> <span class='ocrx_word' id='word_1_668' title='bbox 1030 4960 1091 5030; x_wconf 78' lang='lat' dir='ltr'><strong>att,</strong></span> <span class='ocrx_word' id='word_1_669' title='bbox 1110 4959 1211 5030; x_wconf 79' lang='lat' dir='ltr'><strong>275sq.</strong></span> <span class='ocrx_word' id='word_1_670' title='bbox 1228 4961 1288 5017; x_wconf 82' lang='lat'><strong>318.</strong></span> <span class='ocrx_word' id='word_1_671' title='bbox 1313 4895 1316 4955; x_wconf 37' lang='grc' dir='ltr'><strong>ἶ</strong></span> <span class='ocrx_word' id='word_1_672' title='bbox 1341 4959 1383 5012; x_wconf 80' lang='lat' dir='ltr'><strong>ecl</strong></span> <span class='ocrx_word' id='word_1_673' title='bbox 1403 4889 1900 5040; x_wconf 42' lang='lat' dir='ltr'><strong>quqocqqqsqraqqquqsqroemmq</strong></span> <span class='ocrx_word' id='word_1_674' title='bbox 1918 4883 2309 5028; x_wconf 39' lang='lat' dir='ltr'><strong>wemmam</strong></span> 
     </span>
     <span class='ocr_line' id='line_1_55' title="bbox 422 4958 2103 5095; baseline -0.002 -11"><span class='ocrx_word' id='word_1_675' title='bbox 422 5029 452 5086; x_wconf 80' lang='lat' dir='ltr'><strong>tt</strong></span> <span class='ocrx_word' id='word_1_676' title='bbox 494 5027 644 5094; x_wconf 74' lang='lat' dir='ltr'><strong>ecbeaders</strong></span> <span class='ocrx_word' id='word_1_677' title='bbox 656 5029 717 5082; x_wconf 83' lang='grc' dir='ltr'><em>ΙΙΙ.</em></span> <span class='ocrx_word' id='word_1_678' title='bbox 736 5031 794 5084; x_wconf 87' lang='grc'>361.</span> <span class='ocrx_word' id='word_1_679' title='bbox 831 5029 906 5086; x_wconf 71' lang='grc'>6111</span> <span class='ocrx_word' id='word_1_680' title='bbox 931 5029 986 5084; x_wconf 85' lang='lat' dir='ltr'><strong>IV.</strong></span> <span class='ocrx_word' id='word_1_681' title='bbox 1005 5029 1056 5084; x_wconf 76' lang='lat'><strong>379</strong></span> <span class='ocrx_word' id='word_1_682' title='bbox 1085 5029 1142 5084; x_wconf 82' lang='lat'><strong>385.</strong></span> <span class='ocrx_word' id='word_1_683' title='bbox 1313 4958 1316 5055; x_wconf 51' lang='lat' dir='ltr'>y</span> <span class='ocrx_word' id='word_1_684' title='bbox 1341 5027 1442 5082; x_wconf 68' lang='lat' dir='ltr'><strong>medere</strong></span> <span class='ocrx_word' id='word_1_685' title='bbox 1461 5027 1727 5095; x_wconf 64' lang='lat' dir='ltr'><strong>cessassemus</strong></span> <span class='ocrx_word' id='word_1_686' title='bbox 1744 5047 1770 5084; x_wconf 89' lang='lat' dir='ltr'><strong>e.</strong></span> <span class='ocrx_word' id='word_1_687' title='bbox 1789 5027 1818 5083; x_wconf 82' lang='lat'><strong>0.</strong></span> <span class='ocrx_word' id='word_1_688' title='bbox 1838 5027 1874 5082; x_wconf 86' lang='lat' dir='ltr'><strong>R.</strong></span> <span class='ocrx_word' id='word_1_689' title='bbox 1892 5027 1946 5082; x_wconf 78' lang='lat' dir='ltr'><strong>IV.</strong></span> <span class='ocrx_word' id='word_1_690' title='bbox 1964 5027 2016 5082; x_wconf 81' lang='lat'><strong>320</strong></span> <span class='ocrx_word' id='word_1_691' title='bbox 2043 5027 2103 5081; x_wconf 77' lang='grc'>321.</span> 
     </span>
    </p>

    <p class='ocr_par' dir='ltr' id='par_1_19' title="bbox 320 5069 2309 5238">
     <span class='ocr_line' id='line_1_56' title="bbox 320 5069 2309 5238; baseline 0.001 -18"><span class='ocrx_word' id='word_1_692' title='bbox 320 5181 394 5238; x_wconf 87' lang='lat'><strong>....</strong></span> <span class='ocrx_word' id='word_1_693' title='bbox 419 5097 724 5236; x_wconf 55' lang='lat' dir='ltr'><strong>tattaeus</strong></span> <span class='ocrx_word' id='word_1_694' title='bbox 745 5069 1126 5236; x_wconf 59' lang='lat' dir='ltr'><strong>instaretis</strong></span> <span class='ocrx_word' id='word_1_695' title='bbox 1156 5099 1197 5166; x_wconf 73' lang='grc'>1·</span> <span class='ocrx_word' id='word_1_696' title='bbox 1215 5099 1287 5154; x_wconf 63' lang='grc'>11·</span> <span class='ocrx_word' id='word_1_697' title='bbox 1341 5163 1420 5220; x_wconf 67' lang='lat'><strong>..2</strong></span> <span class='ocrx_word' id='word_1_698' title='bbox 1443 5097 1517 5218; x_wconf 72' lang='lat' dir='ltr'><strong>tet</strong></span> <span class='ocrx_word' id='word_1_699' title='bbox 1534 5095 1971 5224; x_wconf 55' lang='lat' dir='ltr'><strong>mattea</strong></span> <span class='ocrx_word' id='word_1_700' title='bbox 1988 5069 2091 5164; x_wconf 63' lang='lat' dir='ltr'><strong>as.</strong></span> <span class='ocrx_word' id='word_1_701' title='bbox 2112 5111 2203 5165; x_wconf 60' lang='lat' dir='ltr'><strong>tt</strong></span> <span class='ocrx_word' id='word_1_702' title='bbox 2225 5093 2309 5148; x_wconf 64' lang='lat' dir='ltr'><strong>a...</strong></span> 
     </span>
    </p>
   </div>
   <div class='ocr_carea' id='block_1_7' title="bbox 0 0 2444 5956">
    <p class='ocr_par' dir='ltr' id='par_1_20' title="bbox 0 0 2444 5956">
     <span class='ocr_line' id='line_1_57' title="bbox 0 0 2444 5956; baseline 0 0"><span class='ocrx_word' id='word_1_703' title='bbox 0 0 2444 5956; x_wconf 95' lang='lat' dir='ltr'><strong> </strong></span> 
     </span>
    </p>
   </div>
  </div>
 </body>
</html>
