4888 5966
161 317 221 378 265
1007 317 1085 380 1541
1110 311 1305 382 haenau.
2089 317 2151 384 266

163 501 310 571 (lnam
332 501 434 556 GW·
453 499 520 556 15⁷⁶
537 519 563 570 ι)-
581 500 640 582 4,19,
666 501 778 584 chorea.
796 519 823 571 r·
840 501 901 568 ⁶84·
920 503 1007 556 Amet.
1027 519 1054 571 r·
1071 499 1130 556 2⁶²·
1183 501 1280 567 siam:
1308 499 1366 566 ead
1395 521 1507 567 omues
1535 521 1617 586 urge
1645 509 1684 566 ut
1711 502 1770 568 tibi
1799 501 1922 582 adsint,
1953 505 2152 588 veniantque

459 572 490 624 ¹¹¹
507 576 623 624 ΜΝ
640 570 831 638 tardaretur.)
1182 594 1299 668 tecum
1320 587 1375 669 qui
1396 585 1549 668 prodesse
1570 595 1723 670 poterunt
1740 589 1968 654 instaurationi
1988 589 2151 656 ecclcsiae.

1183 670 1291 754 Quam
1319 681 1352 736 te
1381 681 1498 756 rogent
1519 691 1633 738 omnes
1662 673 1779 738 iratres
1801 682 1835 738 et
1855 695 1968 740 omnes
1989 673 2151 755 eeclesiae,

245 755 487 824 Satisarbitror
504 759 727 842 tedisoupero‚
745 757 822 842 quid
836 757 993 824 Genavae
1004 765 1130 840 agatur,
1182 778 1278 822 nemo
1300 756 1433 823 dixerit:
1462 777 1559 823 nemo
1588 779 1655 823 non
1682 760 1822 823 miratur
1842 759 1939 824 istam
1965 759 2152 827 tarditatem

162 843 292 910 rescire:
316 863 376 927 ego
405 865 470 910 non
500 845 610 910 minus
644 865 760 927 angor,
794 843 878 927 quod
905 865 969 908 aon
1000 842 1129 908 audiam
1183 844 1327 908 omnium
1357 842 1591 923 tardissimam,
1626 864 1687 909 nec
1719 845 1798 911 satis
1830 856 1965 928 possum
1997 846 2084 930 apud
2115 867 2151 912 se

162 927 294 1012 aliquid:
318 950 433 995 verum
455 931 540 995 malo
563 931 643 996 nihil
667 951 800 1015 prorsus
819 929 1009 1012 intelligere,
1031 949 1129 1013 quam
1182 930 1377 994 constituam
1398 929 1477 1011 quid
1494 927 1667 995 dicendum
1688 931 1768 1014 ipsis
1790 931 1841 996 sit.
1886 929 1924 996 si
1946 939 2013 996 tam
2038 932 2152 998 turdus

163 1015 330 1080 sinistrum
358 1013 490 1098 aliquid.
539 1017 591 1082 'I'u
615 1026 702 1082 corte
731 1013 851 1100 dignus
878 1037 929 1092 es,
957 1013 1012 1098 qui
1045 1014 1130 1080 nihil
1181 1013 1299 1080 fuisses
1321 1013 1361 1078 ad
1385 1012 1578 1092 abeundum,
1601 1013 1678 1080 dum
1699 1015 1863 1082 iubeharis
1885 1037 2012 1082 mecum
2030 1017 2151 1102 egredi,

162 1100 324 1177 rescirem,
347 1121 448 1183 quam
470 1102 619 1168 omnihus
641 1101 706 1168 illis
726 1103 792 1166 iam
814 1121 966 1184 praesens
985 1099 1131 1165 hortator
1181 1120 1278 1182 quam
1303 1098 1410 1164 tardas
1433 1099 1539 1164 redire
1559 1107 1694 1184 rogatus
1715 1101 1911 1182 saepissime,
1941 1123 2006 1166 non
2024 1103 2070 1167 ita
2098 1123 2151 1168 res

163 1207 231 1252 esse
258 1183 392 1250 deberes
414 1185 456 1250 ad
478 1189 616 1270 optima:
645 1187 701 1254 sed
722 1207 818 1270 quem
846 1207 993 1254 accusem
1017 1189 1129 1270 magis,
1181 1183 1348 1250 haberent.
1393 1184 1499 1266 Quem
1522 1183 1666 1252 offendes
1687 1185 1866 1250 Dominum
1890 1195 1923 1252 et
1940 1209 2051 1252 omnes
2072 1189 2151 1270 pios,

162 1281 194 1336 te
215 1292 257 1336 au
288 1271 435 1349 Virrtum,
458 1273 576 1338 nescio.
622 1273 755 1338 Dudum
777 1270 943 1338 advolasse
962 1271 1130 1349 debueras,
1181 1269 1210 1336 si
1232 1291 1298 1334 non
1319 1272 1467 1354 protinus
1488 1269 1624 1336 venias?
1658 1269 1694 1338 Si
1714 1271 1795 1336 alios
1814 1293 1919 1338 exme
1936 1274 2006 1355 ipso
2024 1273 2151 1350 metior,

163 1357 259 1422 etiam
294 1356 444 1422 omnibus
478 1357 747 1424 reclamantibus:
780 1379 857 1422 nam
892 1357 970 1441 quid
999 1378 1129 1422 movere
1181 1356 1290 1421 neseio
1318 1378 1381 1438 quo
1410 1367 1442 1421 te
1472 1358 1539 1420 sint
1565 1355 1708 1424 habituri
1736 1357 1819 1434 loco,
1850 1356 2007 1440 siquidem
2030 1357 2152 1424 nullius

163 1441 302 1526 aliquem
329 1463 471 1526 unquam
501 1444 609 1520 debet,
640 1445 667 1508 si
696 1453 732 1508 tu
759 1463 824 1508 uon
852 1443 976 1527 cogeris
998 1463 1129 1508 currere
1181 1441 1216 1505 in
1238 1441 1407 1507 ecclesiam
1429 1442 1526 1525 culpa
1547 1451 1622 1506 tuae
1643 1443 1782 1506 conferri
1804 1443 1933 1525 poterit,
1955 1443 1983 1508 si
2007 1465 2072 1508 non
2095 1441 2152 1508 ad·

163 1527 201 1593 ob
223 1549 262 1594 ea
283 1549 365 1610 quae
387 1537 419 1594 te
440 1530 630 1612 pertrahere
653 1528 770 1594 debent
791 1550 888 1612 quam
916 1529 1070 1594 citissime
1094 1529 1128 1592 in
1182 1527 1271 1592 voles
1294 1527 1344 1592 vel
1368 1548 1476 1606 serus,
1503 1535 1537 1591 et
1558 1527 1604 1592 ita
1624 1527 1800 1594 conficiens
1830 1549 1942 1594 omnes
1964 1537 2033 1594 tam
2056 1527 2152 1594 avide

163 1613 455 1680 illameeclesiam?
490 1615 673 1698 Exspectas
696 1613 867 1696 utlapides
886 1612 1127 1680 vociferentur?
1181 1621 1274 1676 tuum
1297 1611 1474 1678 adventum
1496 1621 1731 1696 exspectantes.
1775 1613 1902 1678 Verum
1924 1635 1988 1678 non
2010 1623 2090 1696 puto
2120 1623 2152 1680 te

163 1699 282 1764 Hostes
307 1699 372 1782 ipsi
393 1709 554 1784 coguntur
581 1701 676 1766 satori
698 1711 730 1766 to
758 1721 778 1764 a
806 1701 877 1764 Deo
904 1699 981 1766 illuc
1010 1700 1128 1778 vocari,
1181 1705 1249 1761 tam
1272 1718 1406 1764 saxeum
1430 1697 1471 1762 ad
1492 1697 1646 1764 ecclesiae
1668 1717 1796 1782 preces,
1825 1707 1863 1762 ut
1885 1707 1953 1764 tam
1974 1699 2073 1782 impie
2095 1719 2151 1764 cas

163 1795 259 1868 teque
290 1805 358 1848 uon
389 1806 484 1867 posse
521 1786 632 1864 aliter,
672 1786 735 1852 nisi
767 1806 951 1868 repugnare
985 1785 1128 1850 Domino
1181 1782 1314 1848 reiicere
1336 1785 1448 1866 possis,
1470 1783 1526 1848 sed
1549 1782 1662 1849 audies
1680 1795 1713 1848 et
1729 1785 1861 1848 taudem
1879 1785 2008 1867 parebis
2019 1784 2151 1868 spiritui

162 1869 250 1934 velis.
295 1871 427 1935 Piorum
455 1873 526 1954 quis
547 1883 610 1949 est,
639 1891 720 1954 quae
742 1869 867 1936 Christi
891 1869 1035 1948 ecclesia,
1059 1891 1127 1935 rem
1180 1867 1314 1948 Christi,
1339 1891 1398 1936 noo
1427 1869 1567 1951 amplius
1590 1869 1728 1934 differes.
1780 1868 1817 1934 si
1844 1871 1937 1934 iuxta
1965 1869 2152 1935 condictum

161 1955 356 2040 intelligens,
380 1977 462 2038 quae
489 1978 554 2022 non
581 1967 614 2022 te
643 1969 761 2041 arguat
789 1964 978 2034 cessantem,
1008 1965 1041 2022 et
1062 1977 1128 2021 non
1181 1962 1216 2018 tu
1246 1961 1280 2018 et
1309 1954 1363 2020 alii
1390 1955 1579 2034 venissetis,
1610 1976 1675 2019 non
1698 1954 1809 2019 dubito
1832 1955 1911 2038 quin
1936 1957 2052 2021 melius
2074 1975 2151 2021 con-

161 2051 324 2124 stupescat
356 2049 388 2106 te
421 2041 547 2108 tamdiu
580 2043 712 2108 differre
744 2041 942 2106 adveutum?
983 2043 1009 2106 si
1049 2039 1126 2106 dum
1180 2037 1303 2104 saltum
1336 2041 1449 2107 fuisset
1479 2041 1577 2106 rebus
1610 2041 1777 2106 ecclesiae:
1814 2040 1870 2106 sed
1906 2049 2050 2124 praestat
2078 2061 2151 2108 sero

161 2147 266 2192 moras
288 2135 362 2192 tuas
383 2128 488 2212 cogito
509 2128 688 2208 concidam,
710 2149 843 2211 prorsus
864 2128 972 2194 nescio
990 2127 1127 2204 ubisim,
1180 2145 1277 2206 quam
1310 2148 1486 2210 nunquam.
1499 2125 1526 2211 Β)
1583 2125 1691 2207 Quam
1720 2125 1838 2190 vellem
1869 2146 1923 2190 eos
1956 2127 2010 2210 qui
2037 2126 2153 2192 vident

161 2221 193 2276 et
220 2212 298 2276 dum
329 2213 467 2278 Viretam
493 2211 588 2279 video
615 2236 679 2278 non
710 2214 806 2278 aliter
826 2213 1068 2280 incumbentem
1090 2223 1129 2278 ut
1179 2231 1315 2275 manum
1348 2211 1484 2277 Domini
1516 2213 1549 2276 iu
1582 2211 1715 2296 populo,
1748 2210 1858 2276 Saulis
1886 2213 1921 2276 in
1949 2211 2152 2278 Gabaonitas

161 2296 349 2364 sublevetur
367 2305 459 2364 tanta
480 2321 588 2364 rerum
618 2299 703 2364 mole
730 2319 880 2383 pressus,
908 2297 973 2364 illis
1007 2297 1128 2364 scilicet
1179 2305 1347 2379 peccatum
1369 2297 1598 2382 intelligerent,
1621 2319 1662 2362 ne
1684 2298 1730 2362 sio
1751 2297 1953 2380 impunitum
1981 2297 2064 2362 iram
2087 2297 2151 2363 Dei

159 2384 314 2466 stipatus,
348 2403 479 2468 corpore
512 2385 558 2450 sic
589 2385 717 2466 affecto,
750 2405 849 2468 reque
879 2391 946 2448 tam
979 2394 1126 2468 urgente,
1180 2379 1373 2446 descendere
1396 2383 1430 2447 in
1452 2383 1578 2466 plebem
1602 2381 1706 2448 iaciat.
1752 2382 1827 2447 Alia
1849 2391 1926 2447 sunt
1947 2382 2046 2467 digna
2068 2404 2151 2466 quae

159 2489 257 2552 quam
287 2489 402 2534 verum
429 2471 535 2534 sentio
564 2469 659 2550 illud,
690 2469 915 2554 prudentiores
942 2489 1012 2534 esse
1045 2469 1128 2536 lilios
1179 2467 1329 2548 precibus
1348 2467 1558 2550 deprecemur
1569 2469 1682 2548 multa,
1705 2465 1763 2534 sed
1775 2477 1960 2552 praesentes
1971 2469 2151 2552 poterimus

159 2555 279 2620 saeculi
300 2553 379 2619 filiis
400 2555 489 2620 lucis.
533 2555 712 2641 Numquis
737 2557 975 2640 negotiatorum
1003 2563 1128 2620 tantam
1180 2553 1336 2618 conferre.
1388 2553 1471 2618 Vale
1504 2562 1537 2617 et
1570 2557 1661 2633 veni,
1699 2553 1755 2620 sed
1791 2554 1863 2620 cito.
1919 2551 2036 2620 Saluta
2067 2555 2150 2619 mihi

158 2641 318 2706 iacturam
330 2661 395 2705 non
412 2643 489 2706 totis
507 2641 619 2706 nervis
638 2640 777 2706 vitaret?
801 2641 871 2723 quis
889 2649 957 2706 tam
975 2660 1129 2722 praesens
1179 2658 1291 2702 omncs
1330 2637 1577 2723 diligentissime
1616 2649 1649 2705 et
1680 2639 1929 2718 officiosissime,
1964 2638 2150 2722 capream,

159 2735 192 2790 et
213 2725 359 2808 amplum
380 2726 509 2792 luorum
531 2733 796 2794 consectaretur
817 2725 1023 2792 avidissime?
1047 2747 1128 2810 quae
1179 2721 1346 2803 Baceram,
1368 2723 1548 2803 Bedrotam,
1569 2723 1751 2804 Starmiam,
1775 2725 1955 2803 Ηεᾶίοιιεηι,
1974 2725 2150 2791 Matthiam

158 2809 297 2876 tarditas
318 2811 423 2876 maior
445 2821 558 2878 nostra
580 2833 649 2878 esse
672 2822 791 2895 potest,
820 2810 912 2876 dum·
926 2819 992 2876 tam
1016 2820 1128 2878 sancta
1181 2805 1338 2887 Staarram,
1349 2809 1378 2892 ⁴)
1405 2830 1465 2875 nee
1494 2817 1697 2891 praeteream
1732 2819 1897 2876 senatores
1927 2809 2083 2876 Starmt'os
2118 2819 2151 2876 et

159 2906 237 2961 snut
257 2896 446 2962 subeunda?
491 2899 537 2963 'lle
559 2919 676 2982 quaeso
698 2919 773 2964 oum
794 2898 856 2980 piis
883 2897 1033 2962 omnibus
1056 2897 1127 2962 dili·
1178 2893 1327 2958 scribam.
1381 2894 1493 2960 Nostri
1526 2915 1638 2960 omnes
1670 2905 1702 2960 te
1735 2895 1865 2960 salvum
1893 2915 1967 2961 cnm
2000 2895 2150 2976 omnibus

159 2991 273 3066 genter
292 2983 442 3048 invocato
467 2983 616 3062 Domino,
643 2983 718 3049 vido
740 3005 782 3048 ne
804 3003 895 3048 mora
917 2983 981 3048 ista
1004 3003 1126 3065 pecces,
1179 2977 1323 3062 eupiunt.
1367 2980 1530 3058 Neocomi,
1552 2983 1601 3043 25.
1626 2981 1776 3064 Augusti.
1803 2985 1893 3045 1541.

160 3075 191 3132 et
212 3067 381 3134 ecclesiam
403 3067 529 3152 perdas,
552 3080 586 3136 et
606 3069 698 3151 pium
719 3071 862 3134 fratrem.
899 3066 936 3135 Si
956 3090 1033 3134 vera
1050 3079 1128 3134 sunt

159 3173 241 3236 quae
262 3153 359 3219 audio
381 3153 421 3220 de
443 3155 590 3234 comitiis,
613 3176 679 3220 non
701 3164 807 3238 potest
836 3153 966 3220 differre
987 3153 1128 3237 amplius

160 3235 336 3304 adventum
372 3260 468 3304 saum
506 3239 660 3307 Bararus.
675 3239 698 3326 ¹)
752 3239 950 3323 Iampridem
989 3239 1127 3306 certiora
1441 3293 1444 3300 .
1561 3272 1764 3280 --—-·*

159 3345 272 3390 omnes
293 3323 345 3390 hic
368 3323 409 3390 de
430 3333 462 3390 te
483 3327 644 3392 referente
670 3325 784 3392 andire
807 3323 1030 3408 sperabamus,
1060 3323 1127 3390 tuis

159 3407 315 3474 admoniti
336 3411 454 3476 literis:
477 3407 534 3478 sed
560 3412 719 3478 miramur
745 3410 829 3496 quod
858 3419 988 3476 tantum
1010 3431 1125 3476 cesses.

159 3493 226 3561 Neo
248 3515 321 3560 eam
342 3495 483 3575 habebit,
506 3497 621 3576 timeo,
649 3498 747 3564 fidem
769 3507 827 3563 tua
848 3503 1001 3645 narrans,
1016 3517 1126 3650 guam
1630 3489 1705 3563 345.
1892 3555 1894 3558 .

158 3581 306 3664 siprius
333 3582 493 3648 venisses:
521 3583 648 3648 utinam
675 3605 740 3650 non
768 3583 866 3648 etiam
899 3603 963 3665 epu
1050 3603 1126 3647 ene-

159 3687 275 3732 vemes
307 3665 430 3750 mquid
462 3667 637 3734 demerit
667 3669 731 3734 ista
766 3688 865 3734 mora·
920 3667 1013 3734 Haec
1050 3673 1126 3732 ante
1178 3625 1387 3696 SENA'PUS
1399 3626 1850 3695 ARGuNwRAruNSIS
1869 3627 2147 3695 euNaVaNsl.

157 3772 302 3832 menses,
334 3767 383 3832 et,
415 3761 452 3819 ut
483 3753 566 3818 mihi
599 3753 743 3834 videtur,
777 3761 853 3818 ante
881 3773 1000 3834 annos,
1028 3751 1125 3836 idque

156 3847 288 3986 greater
314 3859 452 3918 morem,
480 3859 558 3904 nam
585 3862 650 3904 non
678 3839 741 3904 nisi
769 3847 978 3922 exspectante
1005 3837 1126 3904 nuncio

171 3923 269 3990 'teras
307 3923 421 3990 scribo.
480 3923 549 3990 Sed
580 3926 643 3990 hae
675 3926 830 3991 nuncium
862 3933 1124 3990 anteverterunt:

157 4017 275 4092 romt
295 4030 408 4074 ⁰m¹¹e⁸
429 4019 463 4075 et
483 4009 704 4089 ⁰b⁸e⁰fflntu¹3
726 4021 766 4076 ut
786 4009 896 4076 munia
912 4030 1017 4096 αἶψ’
1040 4017 1126 4107 um
1179 4056 1340 4124 (Exemplar
1357 4055 1540 4108 authenticum
1558 4061 1649 4110 entnt
1671 4055 1699 4108 in
1722 4056 1794 4110 Bihl.
1818 4055 1919 4110 Gener.
1942 4055 2043 4110 Oarton
2061 4053 2147 4124 latu,

157 4113 255 4176 quam
278 4095 432 4161 (iitiffliml'
461 4097 605 4194 habeant
629 4105 849 4196 Pl'stfflentflmr
877 4117 973 4178 quem
1001 4091 1125 4160 tamdffl
1179 4125 1212 4178 N.
1231 4123 1255 4176 2.
1281 4125 1313 4178 ln
1332 4131 1409 4194 tergo
1428 4124 1539 4194 legitur:
1558 4123 1854 4194 Destrnbonrgncnuse
1872 4125 1906 4176 de
1924 4123 2147 4204 magstreCalvin

157 4187 317 4263 exoptant
344 4188 377 4244 et
403 4203 532 4265 magma
559 4203 615 4248 sus
638 4205 707 4248 trus
736 4189 917 4265 queruntur
944 4181 1125 4246 absentem:
1178 4210 1295 4264 rceyeox
1313 4193 1338 4246 le
1357 4193 1441 4273 lude
1460 4193 1619 4262 Septembre
1638 4191 1714 4245 1541.
1749 4193 1862 4245 Adieota
1880 4197 1922 4245 est
1938 4192 2040 4272 rudem
2058 4208 2148 4273 verno

155 4265 309 4350 iubetque
337 4275 373 4330 ut
399 4277 431 4332 te
459 4267 593 4334 comiter
615 4203 759 4334 gonagus
780 4269 848 4333 guig
869 4265 1019 4338 ligerim)
1061 4265 1127 4330 Hip
1213 4263 1274 4315 ilica
1300 4261 1401 4315 Farelh
1423 4277 1503 4314 manu
1526 4261 1635 4330 scriptu.
1671 4261 2007 4398 Apohhgrlyfmvreoenm
2024 4277 2147 4314 invenies

157 4359 193 4414 ιι
215 4360 249 4417 ιι
269 4351 325 4416 ιιι
348 4363 454 4416 ιιιι
477 4373 543 4418 ιιι
571 4351 787 4418 arataeo
815 4363 847 4416 ιι
876 4354 932 4436 ιιι
959 4353 1024 4416 ιιι
1053 4359 1127 4449 ιιι
1179 4327 2148 4468 rra.t..t‡u.:¹rt⁰l·..ttla.....latrarettta

1264 3799 1431 3865 Caluam
1458 3799 1550 3864 tardi
1577 3801 1741 3865 ascedant
1763 3800 1807 3864 iis
1832 3805 1860 3866 et
1887 3821 1983 3883 qaam
2005 3801 2149 3883 priraum

1177 3885 1399 3950 remittendam.

156 4457 287 4535 menses
316 4435 460 4537 debeatis
487 4440 614 4504 venisse
642 4439 738 4538 totle?
764 4437 883 4520 rogati»
909 4437 962 4536 ita,
980 4435 1126 4536 flagitans
1179 4468 1301 4522 versione
1310 4467 1471 4536 germanica,
1489 4473 1594 4522 textam
1603 4467 1703 4520 nudam
1712 4465 1770 4518 sine
1782 4465 1957 4534 inscriptione
1966 4465 2145 4534 exhibentia.)

154 4521 243 4604 quod
275 4545 312 4587 ιιι
348 4544 461 4605 quovis
493 4521 749 4600 detestaremur,
790 4545 857 4587 non
889 4522 1026 4586 eudicus
1058 4529 1127 4586 tam

155 4619 289 4675 sanctas
310 4607 442 4690 preces?
466 4630 531 4673 non
553 4609 706 4692 parebitis
727 4607 869 4673 Domino
892 4609 947 4690 qui
968 4629 1026 4690 per
1050 4627 1126 4671 suos

156 4707 225 4759 tam
247 4695 343 4760 enixo
366 4715 423 4758 vas
445 4693 646 4760 obtestatur?
692 4695 759 4760 Sed
789 4715 851 4757 non
875 4713 1005 4774 possum
1031 4691 1127 4756 idda

153 4781 251 4846 vobis
273 4801 413 4862 sperare.
463 4779 575 4860 Quum
602 4781 729 4846 videam
763 4779 973 4844 Genevenses
999 4798 1127 4860 semper

154 4885 294 4951 pergere
315 4865 351 4928 in
372 4865 520 4948 petendo,
544 4887 620 4944 non,
643 4887 772 4948 quaeso,
793 4863 888 4930 ludas
908 4863 998 4928 illam
1028 4863 1127 4928 ecele-

1262 4654 1485 4721 Prudentibus
1506 4665 1540 4720 et
1558 4654 1731 4738 praeclaris
1753 4653 1865 4718 amicis
1886 4663 1919 4717 et
1940 4655 2056 4722 vicinis
2078 4655 2146 4720 suis

1178 4742 1353 4807 carissimis
1373 4739 1526 4826 Syudiois
1547 4747 1582 4806 et
1603 4738 1740 4806 Senatui
1768 4737 1972 4805 Genevensis
1993 4739 2144 4806 civitatis

1179 4881 1381 4890 ——.--—-—-·-

1279 4945 1309 5010 3)
1331 4944 1446 4998 Μίνωι
1465 4943 1605 4998 Forellam
1624 4945 1649 4995 d.
1667 4941 1707 4996 25.
1728 4943 2011 5012 ultramontanum
2030 4945 2146 5000 atriden

1151 4997 1154 5070 l
1179 5015 1260 5084 pacet
1275 5019 1452 5080 manantem,
1469 5029 1551 5082 qnam
1568 5013 1624 5065 r'am
1639 5011 1836 5066 araneantes
1855 5011 2018 5066 Grnroeasr'a
2036 5012 2069 5066 de
2086 5017 2146 5066 etas

170 5087 512 5151 844.1)0ur'arredr'tus
529 5104 592 5156 ergo
609 5088 659 5154 (N.
668 5087 732 5144 :tart
744 5086 853 5142 Fnrclto
861 5085 982 5140 nondum
1000 5085 1126 5138 innotuit.
1178 5083 1296 5137 adveatu
1311 5085 1408 5137 certior
1424 5083 1515 5148 foetae
1530 5081 1621 5146 suerit.
1658 5081 1737 5150 (Ray.
1756 5081 1922 5135 daOoaser'l.
1943 5081 2090 5136 (luterell.
2109 5085 2144 5146 c.)

259 5155 289 5221 2)
310 5155 402 5208 Paulo
422 5163 484 5223 post
506 5157 544 5210 ad
565 5159 692 5210 taenarum
712 5159 919 5210 Neocomeasem
944 5153 977 5208 de
998 5153 1127 5208 metendo
1279 5153 1310 5216 4)
1330 5151 1366 5204 Ia
1388 5151 1438 5204 hoc
1461 5151 1566 5202 nomine
1592 5151 1633 5202 cel
1657 5149 1730 5204 Brea
1759 5153 1861 5204 erravit
1887 5149 1927 5204 nel
1953 5150 2145 5219 typographus.

156 5225 270 5281 Forello
289 5226 463 5292 rcrrpserurrt.
500 5225 630 5290 (Gaberel
645 5227 733 5292 pr'tcaa
744 5226 811 5292 Just.
827 5241 856 5292 p.
876 5223 947 5290 115.)
1178 5221 1225 5274 Aa
1243 5219 1354 5274 Zetlr‘am
1373 5215 1524 5274 amabat?
