4942 5982
199 325 236 386 u
1094 325 1175 384 1540
1197 319 1294 384 aar.
1891 273 1893 280 Α
2152 325 2193 387 aa

200 531 263 574 non
285 507 474 592 displioeret
494 519 530 572 ut
552 509 793 590 aliquantulum
815 505 922 574 adhue
945 529 982 572 ea
1004 527 1057 572 ros
1080 505 1172 572 dille·
1225 507 1357 572 volebas
1375 507 1585 590 praestitisse.
1619 506 1710 588 Quin
1727 509 1825 572 etiam
1844 506 1943 573 rideri
1961 529 1997 573 se
2014 513 2194 596 putant,¹⁸)

199 603 299 660 ratur.
1225 593 1309 676 quod
1331 593 1379 657 ita
1400 599 1491 657 tuam
1510 613 1588 676 erga
1606 615 1641 658 so
1658 592 1906 659 beneficentiam
1929 601 2097 660 extenuas.
2134 593 2194 662 Oa·

284 679 385 760 Quod
397 700 534 744 examen
547 678 629 744 illud
640 687 799 756 nostrum,
815 678 855 743 de
866 699 929 760 quo
946 679 1070 762 scripsi,
1089 679 1173 743 bono
1219 679 1297 758 pito,
1315 678 1468 756 Bararus,
1494 678 1663 757 Stamina,
1677 679 1918 760 Bredrottas,¹⁴)
1940 680 2102 758 Claudius,
2125 702 2193 746 om-

199 767 291 830 iratri
315 765 506 848 serupulum
529 765 655 842 iniecit,
683 763 766 828 nihil
794 765 904 828 miror.
949 764 1064 847 Neque
1087 767 1172 828 enim
1225 785 1284 828 nes
1295 763 1386 830 Galli
1397 773 1429 828 te
1442 765 1638 830 amicissime
1649 765 1958 848 salutant:quoru1n
1970 787 2067 832 nemo
2079 767 2194 850 estqui

200 872 325 916 novum
347 859 400 915 est
419 849 520 916 bonos
543 851 668 916 animos
689 849 864 914 formidare
886 871 928 914 ne
946 870 1043 931 quam
1062 851 1096 914 in
1120 871 1173 914 su·
1225 869 1289 913 non
1308 849 1488 914 adventum
1500 859 1595 915 tuum
1614 850 1986 934 avidissimeexspeetet,
2005 873 2070 918 non
2083 853 2192 918 minus

199 937 424 1022 perstitionem
447 936 642 1012 relabamur,
665 937 791 1018 quoties
809 935 949 999 audiunt
968 956 1028 1000 nos
1049 935 1172 1018 aliquid
1225 955 1298 998 mea
1317 955 1414 1000 eausa
1429 955 1526 1017 quam
1543 943 1581 1000 ut
1591 946 1722 1019 aspeetu
1740 946 1797 1002 tuo
1809 938 1967 1002 fruantur.
2007 936 2094 1018 Quia
2105 939 2192 1004 enim

199 1031 346 1089 statuere
367 1021 452 1104 quod
482 1022 584 1086 ullam
612 1021 666 1086 vel
697 1022 889 1086 affinitatem
912 1021 963 1085 vel
988 1021 1173 1085 similitudi·
1225 1029 1401 1102 utrumque
1423 1031 1544 1098 amant,
1567 1023 1712 1106 cogitant
1732 1023 1771 1088 de
1793 1035 1940 1106 utroque.
1987 1023 2141 1090 Nicotaus
2161 1035 2195 1089 et

200 1129 274 1174 nem
296 1107 396 1172 habet
417 1129 490 1172 eum
518 1107 686 1190 papistieis
708 1108 882 1192 figmentis.
911 1106 1053 1170 ’Verum
1075 1117 1113 1170 ut
1134 1107 1173 1170 il·
1226 1105 1418 1171 Heinriebua
1439 1117 1570 1172 strenue
1588 1129 1677 1173 nune
1699 1110 1842 1174 student.
1878 1107 2030 1174 Nicotaus
2046 1127 2194 1193 praeser-

199 1194 265 1258 lam
294 1193 549 1260 sollieitudinem
577 1202 731 1258 exentera
758 1192 824 1256 illis
852 1192 952 1256 nolim
982 1193 1173 1266 (nonenim
1225 1194 1284 1255 tim
1308 1199 1396 1256 totus
1424 1191 1525 1257 ardet.
1571 1193 1717 1258 Iacobum
1742 1194 1795 1259 his
1824 1193 1937 1260 diebus
1964 1195 2006 1259 ad
2039 1217 2091 1260 me
2112 1197 2193 1262 reei-

199 1300 373 1363 possumus
396 1278 458 1344 hae
479 1287 571 1362 parte
591 1279 677 1343 iusto
700 1299 770 1343 esse
792 1279 1014 1356 intentiores),
1043 1279 1090 1354 ite
1116 1299 1173 1360 op·
1224 1277 1313 1360 piam
1345 1278 1446 1343 donee
1472 1280 1576 1344 abeat.
1621 1278 1746 1345 Omnes
1772 1300 1898 1364 quoque
1925 1281 1980 1346 isti
2007 1291 2195 1347 reverenter

200 1366 299 1430 turim
321 1365 395 1430 illos
414 1365 450 1428 in
474 1364 641 1448 seligendo
671 1365 817 1446 apuleis
847 1376 879 1428 et
907 1363 1091 1446 quisquiliis
1114 1365 1171 1427 tri·
1225 1370 1258 1427 te
1280 1363 1442 1440 salutant,
1472 1385 1538 1428 una
1564 1387 1638 1431 eum
1667 1367 1767 1432 fratre
1796 1387 1878 1431 meo.
1923 1365 2048 1432 Omnes
2076 1367 2194 1434 fratres

200 1453 262 1517 tieo
283 1451 382 1535 paulo
404 1471 475 1515 esse
497 1449 729 1533 diligentiores,
773 1449 880 1532 Saepe
901 1450 933 1513 id
953 1448 1012 1513 tibi
1034 1457 1173 1515 testatus
1225 1449 1368 1514 vicissim
1387 1449 1469 1514 mihi
1487 1471 1553 1516 non
1571 1452 1753 1533 vulgariter
1771 1451 1936 1530 salutabis,
1959 1452 2104 1536 meisque
2120 1475 2194 1520 ver-

200 1559 281 1613 sum,
305 1557 371 1601 non
400 1534 506 1601 videri
534 1535 617 1600 mihi
643 1535 724 1600 utile
751 1555 821 1600 esse
850 1535 993 1600 ecelesiis
1021 1535 1173 1619 abrogari
1225 1531 1275 1599 bis
1297 1535 1470 1601 nuntiabis
1492 1557 1546 1602 eos
1567 1537 1676 1602 animo
1698 1557 1771 1602 meo
1792 1559 1870 1602 vere
1892 1538 2044 1604 insidere.
2086 1538 2195 1606 Gorde-

200 1623 451 1698 eonfessionem,
480 1622 545 1686 nisi
572 1621 604 1685 id
634 1621 720 1704 quod
749 1643 854 1703 nuper
880 1621 1009 1684 institui
1038 1622 1073 1685 in
1103 1625 1172 1686 eiua
1224 1621 1296 1686 rius
1313 1629 1504 1704 praeceptor
1523 1643 1617 1687 meus
1635 1623 1817 1688 etMietael
1833 1622 2038 1690 exeusabunt
2059 1625 2113 1688 vel
2130 1625 2194 1692 sal·

199 1709 307 1774 looum
331 1708 532 1792 subrogetur.
570 1706 644 1787 Quo
665 1709 822 1772 rationem
844 1727 950 1771 meam
973 1706 1031 1770 tibi
1053 1707 1173 1772 melius
1225 1711 1291 1772 tem
1314 1707 1485 1788 ignoscent
1506 1708 1591 1790 quod
1622 1707 1730 1772 nullas
1757 1731 1783 1776 a
1805 1731 1858 1774 me
1887 1709 1998 1774 literas
2020 1711 2192 1793 resipiant

200 1815 376 1876 exponam,
436 1793 505 1858 rius
532 1792 637 1856 obiter
666 1791 955 1857 demonstrandum
984 1801 1049 1870 est,
1077 1793 1172 1874 quale
1224 1789 1322 1868 Vale,
1353 1793 1453 1856 frater
1475 1793 1676 1859 suavissime.
1721 1794 1896 1860 Familiam
1917 1807 2008 1859 tuam
2028 1816 2071 1860 ne
2099 1817 2193 1879 prae-

199 1877 279 1944 illud
307 1880 358 1943 sit.
410 1815 522 1960 guum
551 1879 654 1942 instat
682 1878 750 1943 dies
777 1899 895 1944 eoenae
928 1878 1021 1944 edieo
1048 1889 1087 1943 ut
1115 1879 1172 1961 qui
1224 1879 1395 1942 termittas.
1411 1879 1453 1958 ¹⁵)

200 1967 440 2032 eommunieare
467 1965 605 2048 eupiunt
632 1966 725 2048 prius
754 1986 788 2029 se
810 1963 893 2028 mihi
915 1972 1171 2048 repraesentent,
1731 1964 1890 2032 Calvinus
1912 1977 1988 2032 tuus
2010 1975 2107 2032 totns.

199 2051 297 2116 simrd
326 2049 469 2134 adiungo
496 2051 530 2114 in
552 2071 649 2132 quem
670 2051 785 2127 finem,
819 2057 857 2114 ut
886 2051 940 2133 qui
969 2050 1067 2114 rudes
1094 2058 1172 2114 sunt

198 2135 305 2202 adbne
324 2145 358 2200 et
375 2136 541 2218 religionis
559 2135 700 2217 imperiti
711 2137 827 2201 melius
844 2133 1036 2214 formentur,
1054 2135 1171 2200 deinde
1310 2134 1374 2199 Hie
1396 2135 1535 2200 nunoius
1561 2146 1611 2202 est
1632 2138 1685 2202 vir
1714 2139 1831 2202 sineeri
1859 2137 1969 2202 animi.
2013 2138 2091 2202 Ideo
2113 2137 2193 2205 iussi

197 2235 238 2286 nt
258 2223 314 2305 qui
337 2243 418 2304 opus
440 2221 563 2285 babent
580 2221 713 2304 spetiali
731 2221 913 2286 monitione
931 2241 1003 2286 eam
1027 2221 1172 2302 audiant,
1223 2226 1262 2284 ut
1284 2228 1373 2284 reeta
1395 2219 1436 2284 ad
1459 2229 1492 2285 te
1514 2221 1699 2288 diverteret.

198 2317 362 2392 postremo
384 2317 422 2372 ut
444 2308 470 2372 si
493 2307 549 2389 qui
579 2307 687 2388 aliqua
708 2307 924 2374 eonscientiae
946 2307 1171 2390 inquietudine

198 2403 412 2477 torqueantur
434 2393 685 2458 consolationem
714 2394 882 2477 accipiant.
927 2391 1091 2474 Quoniam
1114 2415 1170 2458 au·

197 2491 264 2544 tem
288 2479 470 2562 perieulum
494 2491 544 2543 est
564 2499 607 2542 ne
629 2477 730 2562 plebs,
753 2499 836 2561 quae
858 2501 925 2543 non
948 2480 1028 2544 satis
1050 2479 1170 2545 disoer·

195 2567 249 2630 nit
269 2565 357 2630 inter
378 2563 505 2630 (lhristi
531 2565 646 2648 iugum
675 2573 709 2629 et
730 2563 927 2630 Antiobristi
949 2565 1170 2646 tyrannidem,

195 2671 233 2716 se
252 2652 287 2714 in
309 2671 430 2715 novam
453 2649 645 2716 servitutem
675 2649 781 2734 redigi
803 2659 912 2733 putet,
943 2649 1020 2714 huie
1043 2648 1170 2715 dubita-
1675 2665 1746 2736 219,

195 2737 280 2802 tioni
302 2736 402 2801 etiam
424 2755 565 2801 occurro.
610 2735 854 2801 confessionem
882 2735 1073 2818 papistieam
1102 2754 1169 2799 non

194 2831 326 2887 tantum
348 2822 432 2886 mihi
451 2821 630 2904 improbari
658 2831 774 2900 testor,
803 2820 859 2886 sed
889 2821 1033 2885 rationes
1061 2819 1170 2902 palam
1501 2803 1678 2868 ΟΑῙΝῙΝ
1700 2807 1731 2870 Α
1753 2805 1921 2872 FAREL·

195 2906 334 2992 ostendo
356 2929 416 2973 eur
437 2905 619 2990 displieeat:
643 2905 759 2972 deinde
779 2907 816 2970 in
837 2927 957 2990 genere
979 2907 1168 2989 pronuncio,
1741 2975 1747 2988 ,
1939 2978 1945 2990 Ι

194 3015 264 3060 non
297 2999 429 3058 tantum
461 3014 481 3058 a
512 2992 796 3075 superstitionibus
827 2992 893 3057 illis
926 2991 1168 3057 abhorrendum
1309 2973 1414 3038 ΜΕ
1441 2973 1479 3072 ξῙθ
1505 2975 1796 3074 'mmmm
1845 2975 1980 3042 ΜΘΝ
2013 2979 2034 3043 ὰ
2063 2980 2195 3062 “millis

195 3100 269 3145 esse
290 3079 409 3163 quibus
426 3078 584 3163 implieita
600 3078 672 3156 fuit,
695 3077 752 3142 sed
769 3077 894 3143 nullam
912 3079 1045 3142 omnino
1062 3079 1170 3142 leren-
1222 3078 1330 3124 emm
1350 3057 1483 3144 l'Etllwss
1503 3059 1585 3125 ‘lm
1605 3057 1633 3122 ἷθ
1653 3058 1745 3124 ⁰7²0·oe
1765 3062 1820 3127 ⁶30⁸
1835 3069 1992 3143 IJGWS·

195 3164 279 3276 d'am·
297 3185 368 3230 esse
389 3165 497 3264 legem
516 3185 599 3264 quae
620 3165 835 3230 eonseientias
856 3163 981 3246 laqueis
999 3164 1168 3263 astringat.
1222 3229 1313 3296 (cette
1337 3231 1418 3284 mm
1442 3247 1458 3284 a
1482 3229 1526 3283 όιό
1543 3229 1648 3284 inserte
1691 3247 1722 3284 ar
1739 3229 1870 3285 Oolladon
1893 3233 1962 3286 dans
1984 3250 2015 3286 se
2038 3235 2173 3290 mmo

196 3251 370 3318 Ghffitum
393 3271 481 3316 ⁰¹¹¹m
511 3269 645 3315 numum
672 3269 744 3315 ⁰⁸⁸⁰
771 3257 919 3316 ¹¹⁰⁸t¹⁵um
948 3249 1170 3334 leffslawrom
1221 3299 1281 3354 fran
1316 3299 1354 3352 'e
1377 3298 1455 3352 dela
1477 3299 1521 3352 vie
1543 3247 2191 3426 deOalvid,oomm.snrlosuelbdb,dfl.172¹:

2108 3390 2122 3428 θ

194 3336 375 3436 ⁰¹¹i‚⁸l¹‚¹¹¹¹⁸
397 3335 565 3437 dffbllm'ffl·
610 3335 730 3402 P⁰⁸t⁰¹³
751 3333 859 3435 d⁰9⁰92
888 3335 972 3437 nihl]
1000 3335 1054 3435 hl?
1072 3335 1169 3438 ,dem‘
1221 3367 1263 3422 e'd.
1362 3368 1421 3422 klin
1444 3385 1471 3438 p.
1489 3365 1548 3421 245.
1576 3367 1651 3422 Nous
1669 3385 1704 3422 ne
1722 3367 1822 3422 l’avons
1839 3371 2043 3438 pasretrouvde
2123 3377 2193 3442 ura)

195 3443 272 3508 gari
294 3421 435 3486 bbertatr
457 3429 598 3500 nostrae,
621 3421 749 3505 quando
771 3422 856 3486 nrhrl
881 3429 1012 3504 penitus
1033 3443 1170 3507 rnrnngo

195 3505 288 3592 (1¹¹⁰‘l
321 3529 385 3572 ¹¹⁰⁰
422 3506 575 3574 Ohflsstffl
606 3508 676 3590 lP⁸⁰
708 3508 963 3590 P¹³⁰⁸⁰¹lp⁸⁰¹lt·
1019 3507 1170 3588 Quam
1222 3541 1253 3604 A
1266 3540 1505 3606 montreseher
1520 3541 1605 3606 frere
1623 3549 1656 3604 et
1673 3539 1830 3624 singulier
1854 3543 1919 3606 ami
1938 3542 1984 3608 M.
2005 3543 2194 3612 Guillaume

195 3593 290 3692 0115131
311 3591 531 3676 impudentistss
547 3603 634 3692 0⁸⁸0?
655 3613 721 3658 1¹⁰1]
742 3593 870 3692 dlssssfflssi
891 3593 989 3658 fidem
1008 3601 1099 3693 mim
1118 3615 1169 3660 ‘³⁰‘
1222 3625 1340 3706 Fami,
1370 3625 1465 3692 fidele
1494 3627 1645 3692 ministre
1674 3625 1713 3691 de
1735 3627 1828 3692 Iesus
1850 3627 1965 3694 (lbrist
1993 3639 2126 3713 pasteur
2154 3631 2194 3698 de

195 3679 316 3746 oleatae
346 3678 540 3762 approbare,
575 3700 667 3744 eurus
700 3701 961 3744 communionem
994 3679 1102 3762 pet1s?
1136 3689 1171 3742 et
1499 3712 1614 3796 leglise
1636 3710 1676 3776 (ιθ
1698 3713 1919 3779 Νθηςὼωῑθι,

194 3785 296 3849 quam
318 3767 438 3830 misera
456 3766 519 3829 erit
535 3765 689 3830 eoelesiae
707 3765 858 3842 conditio,
881 3765 962 3828 siin
981 3765 1064 3828 tanti
1081 3785 1171 3848 mys·

195 3851 276 3916 terii
298 3852 581 3934 participationem
603 3852 748 3934 resipere
777 3858 912 3936 eogatur
938 3871 1018 3932 quos
1039 3850 1093 3916 vel
1114 3871 1171 3933 pe·
1310 3846 1468 3913 Oombien
1491 3867 1554 3931 qne
1576 3848 1616 3912 N.
1647 3848 1725 3913 s'est
1752 3850 1921 3916 tellement
1948 3861 2114 3936 gouveme
2135 3874 2194 3936 par

194 3939 290 4002 nitus
311 3937 449 4020 ignorat,
473 3937 526 4000 vel
547 3939 630 4002 forte
651 3945 819 4019 suspectos
837 3935 959 4001 habet?
1003 3938 1113 4020 Atque
1135 3943 1172 4000 ut
1224 3933 1304 4016 deqa
1325 3943 1359 3997 et
1380 3933 1468 3998 aussi
1496 3954 1516 3996 a
1543 3936 1653 4016 aequis
1682 3935 1710 3999 si
1738 3933 1845 4000 bonne
1873 3939 2056 4019 reputation
2078 3959 2194 4004 envers

197 4023 242 4087 de
264 4022 400 4088 ecelesia
421 4031 557 4099 taeeam,
579 4023 731 4087 minister
751 4023 831 4104 ipse,
862 4024 916 4087 oui
938 4021 999 4086 hae
1020 4021 1093 4106 lege
1115 4021 1170 4086 de·
1223 4040 1300 4103 moy
1328 4018 1629 4102 partieulierement
1664 4019 1731 4103 quil
1768 4023 1948 4087 meriteroit
1979 4043 2042 4104 que
2073 4023 2104 4087 ie
2135 4021 2194 4110 luy

196 4107 356 4173 mandata
374 4116 424 4172 est
446 4107 544 4173 huius
566 4109 691 4191 gratiae
707 4106 907 4190 dispensatio
929 4129 971 4171 ne
989 4129 1060 4172 eam
1083 4108 1171 4172 eani-
1223 4103 1385 4170 donnasse
1401 4125 1470 4187 ung
1487 4103 1551 4167 bon
1569 4107 1792 4190 tesmoignage
1814 4115 1884 4172 tout
1901 4128 1943 4170 au
1960 4106 2047 4190 long,
2070 4115 2193 4175 toutes-

196 4195 263 4259 bns
285 4215 323 4260 ae
344 4194 450 4276 porois
471 4193 657 4276 prostituat,
680 4215 723 4258 ne
745 4203 866 4257 temere
889 4193 996 4277 dignis
1018 4193 1115 4258 simul
1134 4213 1172 4257 ae
1223 4191 1284 4256 fois
1305 4211 1424 4274 pouree
1446 4211 1509 4272 qne
1525 4190 1557 4254 ie
1574 4212 1638 4275 voy
1656 4213 1718 4276 que
1738 4215 1774 4256 re
1794 4193 1894 4256 serait
1910 4191 2008 4256 ohose
2030 4195 2193 4276 superflue

196 4277 345 4363 indignis
362 4279 453 4344 nullo
470 4279 596 4345 deleatu
613 4278 798 4362 profundat,
818 4277 978 4362 quomodo
994 4277 1057 4343 hoo
1074 4299 1172 4343 onere
1224 4298 1266 4342 en
1289 4287 1397 4342 vostre
1420 4275 1549 4340 endroit
1578 4278 1609 4342 ie
1636 4297 1710 4341 men
1738 4276 1938 4360 deportaray.
1988 4275 2025 4340 Ie
2046 4298 2113 4362 nay
2133 4302 2192 4364 pas

197 4365 407 4449 defungetur,
431 4365 494 4429 nisi
517 4375 638 4430 eertum
660 4365 802 4447 aliquam
826 4363 942 4448 dignos
963 4365 1005 4430 ab
1027 4363 1172 4448 indignis
1223 4384 1286 4448 peu
1307 4381 1423 4427 eneore
1446 4361 1520 4426 bien
1548 4361 1704 4428 entendre
1734 4383 1753 4426 a
1774 4361 1881 4444 quelle
1902 4360 2022 4446 eharge
2045 4385 2124 4430 vous
2145 4367 2192 4431 la-

197 4450 406 4516 diseernendi
431 4451 593 4516 rationem
619 4449 727 4516 ineat?
773 4448 840 4515 Sed
862 4471 922 4534 ego
944 4451 1076 4532 ineptus
1098 4471 1171 4515 sum
1223 4469 1282 4514 vea
1312 4447 1452 4513 destina:
1484 4450 1565 4514 mais
1594 4447 1777 4532 oependant
1802 4447 1833 4510 ie
1863 4446 1968 4511 desire
1997 4448 2103 4531 quelle
2131 4453 2194 4517 soit

196 4537 257 4620 qui
290 4535 370 4602 haee
406 4536 493 4620 apud
526 4547 558 4602 te
590 4536 720 4621 longius
752 4556 939 4618 prosequor.
994 4537 1172 4601 Praeterea
1224 4533 1301 4598 telle
1322 4555 1384 4616 que
1406 4555 1442 4598 oe
1465 4534 1531 4598 soit
1550 4555 1634 4618 pour
1654 4533 1809 4597 lavaneer
1837 4531 1979 4614 plustost
2005 4555 2068 4616 que
2089 4535 2120 4600 le
2141 4557 2192 4601 re-

196 4631 331 4706 tempus
359 4643 484 4706 quoque
510 4641 564 4685 me
598 4621 758 4688 deficeret.
810 4621 938 4686 Aeeidit
965 4621 1053 4685 enim
1086 4621 1171 4704 quod
1223 4619 1341 4684 tarder.
1376 4618 1443 4684 Oar
1464 4620 1493 4684 si
1513 4641 1597 4685 nous
1618 4617 1755 4684 voulons
1773 4615 1847 4682 bien
1865 4619 2019 4700 pourvoir
2036 4641 2101 4686 aux
2118 4641 2192 4704 pro-

195 4707 353 4786 verebar,
383 4729 435 4772 me
458 4729 522 4772 non
546 4707 645 4772 semel
668 4707 884 4790 ascriptione
906 4707 1044 4772 avocari.
1089 4707 1170 4772 Pos·
1222 4707 1278 4769 fita
1296 4703 1336 4769 de
1357 4703 1470 4788 leglise
1488 4705 1512 4768 il
1535 4725 1618 4770 nous
1640 4703 1722 4768 fault
1740 4701 1885 4786 appeller
1902 4725 1921 4770 a
1938 4704 2043 4770 loffioe
2061 4705 2101 4770 de
2117 4727 2191 4788 pas·

196 4807 306 4860 tremo
326 4795 396 4860 loeo
419 4793 645 4859 necessitatem
667 4793 765 4858 huius
779 4792 911 4858 ordinis
933 4793 1171 4876 utilitatemque

196 4880 340 4958 declaro,
364 4899 461 4962 quam
483 4887 518 4944 tu
547 4879 638 4944 velut
658 4899 677 4942 a
699 4901 752 4943 me
774 4878 969 4961 explieatam
994 4879 1077 4943 bono
1100 4879 1170 4942 viro
1326 4891 1372 5020 ff),
1389 4891 1455 4974 ιιι]
1473 4893 1552 4946 think
1570 4892 1635 4962 they
1653 4907 1697 4944 see
1716 4887 1865 4959 (viduet).

1391 4975 1432 5015 dic

195 4968 369 5150 reflr'llms
391 5051 440 5116 illi
461 5050 586 5148 nobiles
608 5049 832 5150 adulescentes
849 5049 1091 5149 quoshospitio
1112 5071 1170 5114 ax·
1222 5097 1268 5154 35⁰
1297 5027 2189 5167 “lffimfflfflffimgwqfflmfflpmx

195 5149 331 5222 eeprsu,
360 5157 398 5202 eo
424 5157 530 5220 magra
556 5145 741 5236 eqmrtatem
764 5136 1056 5234 liberalitatemque
1079 5145 1170 5200 tuam
1221 5183 1236 5222 3
1269 5137 1278 5166 '
1311 5167 1316 5180 ·
1354 5167 1392 5221 aa
1414 5136 1558 5222 Ouum}
1581 5181 1668 5234 “pm
1690 5172 1853 5234 mm,
1883 5171 1909 5220 g
1930 5165 2109 5236 mmm,
2128 5167 2190 5238 ipso

195 5221 442 5301 commendant,
459 5243 524 5306 quo
542 5221 730 5304 drlrgentrus
745 5243 890 5300 excusas,
910 5231 941 5286 te
959 5243 1067 5286 mmus
1085 5220 1171 5305 quod
1221 5182 1411 5292 wastin
1425 5239 1489 5305 post
1505 5233 1646 5304 ιριεωιιιιιι
1662 5235 1701 5292 aa
1721 5235 1853 5292 Vama.
