4888 5966
289 313 348 376 271
1062 297 1319 366 eplsuohte
1339 301 1506 363 ete-351
2218 293 2279 356 272

375 493 572 560 Clarissimis
599 493 678 558 viris
707 491 862 577 Syndicis
895 499 991 573 atque
1028 489 1086 552 teti
1119 486 1258 552 Senatui
1311 487 1366 551 (lex
1390 483 1558 552 autographo
1576 483 1645 536 ΒΜ·
1663 482 1738 535 cisio.
1757 481 1910 562 T⁰r59⁰¹¹⁸i⁸
1924 480 2001 534 MSS.
2019 481 2048 534 F·
2066 478 2109 546 ⁸⁰·
2127 479 2192 534 0¹i¹¹¹
2210 479 2280 548 Bel)-

289 580 486 665 reipnblieae
520 579 728 645 Geuevatum
760 576 912 643 Dominis
953 575 1020 640 suis
1053 592 1285 694 summopere⁸
1532 547 2055 620 T.xtv.p.145,81m10rv01.5o,)

290 665 441 734 ⁰⁰l⁰¹¹d¹⁸’
1397 740 1584 806 Praestanti
1606 747 1639 802 et
1660 739 1867 803 ornatissimo
1894 737 2017 802 Christi
2039 757 2133 801 servo
2157 735 2199 801 D.
2223 734 2280 801 Os.

1312 827 1464 911 Mycenis
1486 826 1607 908 pastori
1630 824 1782 890 eeclesiae
1808 824 1998 889 Basiliensis
2026 831 2227 908 symmystae
2249 835 2282 886 et

1312 914 1404 978 fratri
1427 910 1560 978 colendo
1583 919 1616 974 et
1637 910 1811 976 carissimo.

376 801 494 867 Gratia
521 809 554 865 et
579 822 644 884 pax
673 821 692 862 a
720 801 876 876 Domino,
904 797 969 861 viri
995 795 1192 860 ornatissimi
1223 813 1260 856 ao

290 887 540 972 religiosissimil

376 997 479 1062 Venit
500 996 630 1062 tandem
654 997 695 1062 ad
713 1017 770 1062 vos
793 993 952 1070 Celticus,
966 993 990 1074 ¹)
1009 991 1163 1056 eximium
1187 1011 1260 1072 pro-

290 1086 374 1150 feeto
396 1093 431 1148 et
452 1084 669 1160 rarissimum,
698 1082 750 1148 cui
778 1081 833 1145 vix
862 1079 1057 1156 seeundum,
1090 1079 1118 1141 si
1150 1077 1288 1143 tamen!
1398 1082 1433 1149 S.
1457 1083 1498 1147 D.
1543 1082 1597 1146 Ita
1617 1087 1821 1163 praesentem
1851 1079 1994 1156 odimus,
2022 1081 2187 1144 absentem
2217 1081 2283 1143 vir.

292 1167 472 1237 seeundum
502 1169 614 1246 ullum,
644 1189 804 1252 organum
827 1163 950 1230 Christi
972 1161 1067 1228 hodie
1090 1162 1182 1260 nobis
1205 1183 1261 1224 ex·
1286 1146 1289 1226 i
1314 1177 1418 1232 tutem
1446 1168 1650 1250 requirimus.
1699 1167 1879 1248 fflmeum
1907 1165 1937 1230 si
1958 1164 1993 1230 hi
2017 1166 2180 1229 viventem
2197 1177 2285 1230 recte

294 1265 374 1332 ml,
410 1256 437 1319 Si
464 1255 606 1320 maxime
633 1254 738 1318 selum
766 1263 798 1318 st
827 1251 1022 1316 industriam
1044 1245 1262 1314 sedlfiesndas
1314 1254 1540 1337 agnovissent,
1569 1273 1656 1317 nune
1683 1253 1808 1316 minore
1836 1250 2039 1318 incommodo
2063 1249 2286 1316 desiderarent

293 1341 446 1407 eeclesiae
483 1350 516 1405 et
550 1340 737 1405 facultatem
769 1336 922 1420 spectetis
955 1335 1084 1417 seriptis
1121 1351 1262 1415 propug-
1312 1347 1486 1404 mortuum,
1519 1337 1586 1404 sod
1603 1337 1684 1402 haec
1700 1336 1899 1419 deploranda
1920 1346 2006 1412 gunt,
2029 1335 2196 1401 emendari
2218 1357 2285 1400 „012

293 1425 421 1492 nandae
457 1433 490 1490 et
518 1425 691 1490 ornandae.
744 1422 810 1504 Qui
838 1423 921 1487 sicut
950 1421 1124 1485 universae
1157 1419 1203 1481 ita
1231 1425 1263 1480 et
1314 1433 1460 1508 possunt,
1509 1424 1646 1490 Utinam
1675 1431 1786 1487 autem
1814 1423 1849 1486 in
1877 1421 2012 1487 sublatis
2040 1423 2095 1487 icti
2119 1423 2286 1504 sapiamus

293 1519 431 1587 vestrae,
454 1512 482 1575 si
503 1532 540 1574 ea
561 1510 714 1575 idoneum
733 1510 831 1574 alium
844 1521 1007 1590 pastorem
1020 1503 1140 1570 habere
1158 1511 1262 1586 queat,
1315 1511 1355 1575 de
1384 1510 1515 1575 reliotjq
1570 1508 1735 1574 calvinum
1761 1507 1927 1582 adjuvate,
1956 1509 2012 1589 qui
2037 1517 2071 1572 et
2099 1509 2169 1589 59⁸0
2198 1528 2286 1572 nuno

293 1597 348 1664 hiss
380 1595 511 1662 indubie
538 1596 720 1680 Pffldflssflfll,
750 1603 783 1660 θῑ
808 1593 995 1677 Plurimum·
1047 1589 1150 1654 Venit
1174 1609 1262 1672 ergo,
1288 1638 1291 1664 ι
1315 1597 1494 1680 negligitur
1516 1616 1535 1658 a
1556 1593 1678 1674 multis,
1707 1615 1804 1676 quern
1825 1593 1862 1656 in
1879 1593 1999 1658 cubilia
2020 1613 2079 1658 sua
2100 1594 2287 1675 ingressum

294 1681 446 1750 dimissus
468 1682 595 1746 ratione
617 1703 656 1746 ea
677 1699 774 1764 quam
792 1687 904 1744 noster
922 1677 1065 1744 Senatus
1083 1674 1263 1758 perscribit,
1316 1683 1438 1747 frustra
1459 1682 1574 1746 colens,
1619 1681 1860 1762 Prophetarum
1882 1679 2031 1760 flepulffl
2049 1699 2167 1742 ornam
2188 1698 2287 1760 quam

293 1779 332 1834 Ut
353 1768 508 1832 nimirum
530 1767 649 1832 redeat·
702 1765 769 1831 Sed
798 1765 868 1830 Sive
894 1761 1020 1840 redeat,
1053 1759 1138 1844 qss⁰d
1170 1779 1264 1842 Prae·
1316 1768 1491 1850 prophetas
1513 1765 1635 1844 audire,
1658 1774 1807 1831 nostrum
1828 1765 1998 1848 ingenium
2014 1764 2149 1828 mavult.
2186 1763 2287 1829 Hune

294 1863 382 1922 ὃῒὸῐθ
408 1855 541 1918 01]]ὓὶΠο
571 1853 747 1930 ssfssdimffl,
781 1855 849 1915 Sive
878 1855 1010 1914 mssssffli
1037 1848 1125 1922 istis,
1155 1845 1264 1910 audite
1317 1873 1396 1918 vero
1419 1851 1562 1918 Senatus
1584 1860 1617 1916 et
1638 1872 1698 1914 nos
1719 1849 1824 1915 modis
1852 1851 2002 1916 omnibus
2030 1849 2173 1914 retinere
2195 1857 2287 1932 epta·

294 1961 379 2016 (tum,
402 1939 456 2004 Vel
478 1939 585 2022 potius
612 1940 647 2004 in
677 1958 715 2002 eo
744 1935 930 2012 Christum,
959 1943 996 1997 ut
1017 1932 1177 2014 imprimis
1200 1931 1265 2028 dis·
1318 1941 1424 2004 vimus
1446 1949 1479 2002 et
1499 1939 1735 2002 laboravimus:
1758 1935 1815 2000 sed
1834 1943 1929 2020 urget
1946 1936 2033 2000 illius
2054 1935 2288 2000 censcientiam

294 2025 447 2109 eiplinam
471 2025 604 2100 Christi,
628 2023 698 2087 eius
719 2031 753 2086 et
774 2021 912 2086 aliorum
933 2019 1069 2084 fratrum
1094 2025 1265 2092 sententia,
1290 2070 1292 2083 .
1317 2025 1528 2108 promissum,
1557 2035 1669 2088 nostra
1690 2022 1887 2087 consponsi„
1908 2029 1942 2084 er,
1963 2021 2131 2086 voluntate
2155 2021 2287 2096 ffflqum,

295 2111 501 2178 ⁰011⁵tit¹¹³tifl
534 2121 568 2173 et
599 2109 735 2174 fflrvetis
765 2127 907 2190 quotus,
940 2125 1001 2170 nec
1030 2105 1130 2168 vestri
1158 2103 1266 2186 potius
1318 2119 1355 2174 ut
1379 2110 1429 2174 vel
1451 2109 1609 2174 inviseret
1630 2107 1850 2172 Gcnevstium
1873 2106 2042 2172 ecclesiam
2065 2117 2098 2169 et
2115 2105 2289 2188 dispiceret

295 2217 392 2280 quam
415 2196 509 2278 regni
539 2193 665 2260 Christi
691 2191 818 2344 quassa]
848 2190 1046 2274 expetivisse
1076 2209 1150 2253 sum
1175 2185 1266 2252 vide·
1319 2205 1392 2260 utre
1413 2197 1447 2258 in
1476 2194 1612 2260 eeclesia
1640 2193 1772 2259 Christo
1797 2193 1993 2258 fructuosius
2021 2192 2144 2258 servire
2176 2192 2288 2274 pessit

295 2283 406 2348 mini·
458 2279 633 2362 Quumque
662 2280 688 2344 0
715 2279 834 2342 rislum
862 2277 903 2342 ab
930 2275 991 2340 ¹1⁰0
1019 2274 1142 2340 dissere
1174 2275 1266 2338 insti·
1290 2230 1294 2354 i
1319 2279 1385 2346 Sed
1403 2289 1513 2345 tamen
1532 2279 1741 2362 sperabamus
1752 2277 1843 2344 vobis
1854 2277 1958 2342 iuncti
1976 2299 2050 2342 eum
2062 2298 2099 2341 eo
2117 2277 2291 2342 Genavam

296 2368 398 2444 tuitis,
422 2367 569 2448 cogitate,
592 2374 628 2430 ut
650 2364 774 2429 Christi
796 2385 862 2428 non
884 2362 956 2440 fuit,
978 2359 1266 2426 itsneeChristia·
1319 2387 1377 2430 nos
1399 2375 1563 2444 venturos,
1586 2373 1619 2432 et
1640 2364 1693 2429 vel
1714 2363 1902 2428 reducturos
1925 2385 2010 2439 eum,
2033 2362 2085 2428 vel
2108 2363 2290 2440 relicturos,

296 2473 416 2516 norum
444 2471 514 2518 esse
543 2449 718 2534 quidquam
740 2461 885 2532 spectare
909 2457 967 2512 aut
996 2467 1150 2528 quaerere
1179 2443 1268 2509 aliud
1319 2452 1454 2518 eeclesia
1488 2451 1545 2518 illa
1577 2451 1677 2516 etiam
1703 2450 1896 2514 Bernatinm
1929 2459 1997 2514 tam
2027 2449 2159 2532 politiae
2192 2467 2291 2530 quarn

297 2557 395 2622 quam
413 2535 549 2620 gloriam
568 2538 670 2619 patris
688 2535 843 2601 eoelestis.
873 2533 982 2598 Huius
994 2531 1144 2596 veluntas
1157 2539 1268 2595 vestra
1319 2538 1470 2604 ecelesiae
1492 2535 1758 2602 administrorum
1780 2536 1943 2617 praesenti
1960 2533 2093 2600 oonsilio
2115 2543 2148 2598 et
2169 2533 2291 2598 auxilio

297 2623 395 2702 sale,
419 2623 516 2687 huius
537 2622 728 2706 glorificatio
750 2629 899 2686 vestrum
921 2617 1019 2682 decus
1041 2626 1098 2682 est
1131 2616 1267 2692 Malum,
1319 2623 1504 2690 consutus.
1537 2621 1635 2687 Nune
1656 2621 2064 2701 visitatiouomin11)nos
2089 2621 2143 2684 tio
2160 2621 2290 2684 resnou

298 2727 531 2790 aquoeunque
554 2709 675 2785 veniat,
700 2726 767 2771 non
795 2705 859 2770 nisi
885 2705 968 2770 bono
996 2703 1086 2768 vinei
1107 2709 1215 2786 potest
1236 2711 1269 2766 et
1320 2708 1394 2784 Vos,
1418 2710 1445 2774 si
1467 2707 1612 2790 potestis,
1636 2707 1786 2790 supplete
1808 2717 1952 2770 nostram
1970 2713 2004 2770 et
2017 2714 2162 2770 vestram
2173 2705 2290 2782 vicem,

297 2795 326 2860 is
358 2793 453 2876 plura
484 2813 614 2876 semper
644 2793 790 2858 lucratur
819 2791 876 2874 qui
905 2789 1029 2854 Christi
1057 2809 1154 2854 eausa
1175 2788 1269 2870 plura
1320 2794 1360 2859 de
1381 2815 1446 2876 qua
1466 2815 1502 2859 re
1529 2805 1639 2858 noster
1660 2792 1803 2858 Senatus
1827 2789 1868 2856 ad
1890 2802 2044 2856 vestrum.
2089 2789 2186 2856 Detis
2213 2809 2291 2873 ergo

297 2877 485 3030 qsrdidsrit
513 2900 605 2962 opes,
632 2878 826 2961 potentiam,
855 2876 1008 2942 animam.
1058 2873 1165 2940 Mults
1192 2881 1269 2937 sunt
1320 2901 1453 2964 operam
1475 2887 1512 2944 ut
1532 2879 1652 2944 iuvetis
1679 2880 1789 2944 virum
1816 2887 1902 2942 corte
1931 2877 2104 2954 eunium,
2134 2884 2168 2940 ct
2197 2877 2291 2942 cuim

322 2985 416 3030 ewra
444 2965 552 3040 V0bi⁸‚
586 2963 758 3048 magnifice
791 2963 868 3030 fecit
894 2961 1056 3026 Dominus
1091 2958 1268 3026 vobiscum.
1320 2967 1463 3050 profecte
1490 2985 1611 3048 parem,
1635 2973 1768 3046 excepte
1792 2962 1950 3044 Philippo,
1974 2961 2100 3026 nullum
2122 2959 2291 3038 habemus,

298 3049 387 3116 Huic
408 3050 494 3134 grati
516 3071 587 3116 esse
608 3048 745 3114 studete.
779 3047 940 3114 Iniuriam
955 3047 1040 3110 ferre
1059 3053 1091 3110 et
1106 3044 1269 3110 benefieiis
1321 3051 1452 3128 ardore,
1481 3051 1666 3132 eloquentia
1693 3059 1727 3114 et
1755 3049 1883 3114 iudicio.
1935 3047 2033 3114 Vobis
2071 3067 2148 3113 vero
2180 3055 2292 3113 cavete

298 3157 519 3221 compensare,
542 3136 709 3217 proprium
733 3134 997 3199 Christianorum
1019 3153 1089 3196 esse
1111 3130 1268 3214 cogitetis.
1321 3137 1424 3202 modis
1460 3135 1610 3200 omnibns
1643 3135 1684 3201 ab
1716 3135 1867 3200 omnibus
1899 3135 1957 3215 qui
1988 3133 2131 3198 schisma
2169 3141 2291 3198 amant.

298 3221 463 3288 Dominus
490 3219 610 3305 dirigat
637 3229 670 3286 et
698 3219 832 3285 adiuvet
860 3240 916 3284 vos
952 3225 992 3281 ut
1023 3216 1270 3283 sanctificationi
1322 3222 1387 3303 Qui
1410 3222 1563 3300 sissent,
1585 3221 1739 3288 ecclesias
1759 3241 1826 3284 non
1847 3227 1939 3285 sunt:
1961 3219 2025 3284 nisi
2046 3240 2114 3283 non
2136 3219 2216 3284 satis
2235 3216 2292 3282 ad·

299 3307 442 3372 nominis
471 3309 539 3372 eius
567 3315 600 3372 et
622 3304 823 3372 restituendo
850 3324 951 3387 regno
973 3303 1044 3367 eius
1066 3322 1123 3368 vos
1145 3321 1270 3368 aecem·
1321 3307 1437 3372 moniti
1465 3307 1537 3372 sitis
1564 3307 1600 3372 in
1625 3328 1663 3372 00
1689 3307 1744 3389 qui
1772 3315 1840 3370 tam
1866 3304 2045 3370 beneficum
2078 3305 2113 3369 in
2141 3325 2177 3368 ss
2208 3303 2293 3385 Gry-

299 3391 445 3472 modetia,
468 3412 527 3474 pro
550 3390 764 3475 amplitudine
786 3388 1018 3456 beneficiorum
1045 3388 1116 3454 eius
1144 3387 1180 3450 in
1202 3408 1268 3462 vos,
1294 3378 1296 3455 l
1322 3413 1436 3458 mum
1453 3413 1495 3457 ne
1512 3394 1705 3458 morientem
1727 3391 1857 3473 quidem
1875 3391 1995 3456 invisit.
2007 3392 2036 3473 ²)
2084 3388 2137 3454 De
2160 3389 2294 3455 Vtttcts'o

298 3499 357 3562 1³1⁰
390 3478 631 3561 0PP⁰rlunitat⁰
661 3477 737 3554 10θί,
776 3475 933 3573 ,temporis
972 3482 1006 3538 et
1044 3473 1270 3572 ministrorum
1294 3464 1297 3581 l
1322 3501 1382 3544 nos
1405 3477 1498 3544 nihil.
1535 3475 1602 3544 Sed
1624 3477 1664 3543 de
1686 3477 1793 3542 Scheto
1813 3476 1963 3558 quodam,
1986 3497 2082 3557 quem
2100 3475 2194 3540 nobis
2213 3473 2294 3538 Phi·

300 3583 381 3646 quos
403 3564 494 3629 vobis
516 3563 682 3628 Dominus
711 3559 808 3626 dedit.
859 3561 900 3626 In
928 3559 990 3625 hoe
1018 3568 1140 3642 optime
1165 3558 1270 3623 valete
1322 3566 1430 3646 lippus
1451 3583 1649 3647 magnopere
1671 3561 1919 3638 commendavit,
1942 3563 2061 3644 quique
2077 3567 2188 3626 noster
2204 3568 2295 3624 totus

301 3655 335 3716 et
345 3671 405 3714 nos
415 3647 566 3714 habetote
577 3645 827 3714 commendatos.
852 3644 986 3711 Calend.
998 3643 1163 3728 Septemb.
1179 3649 1269 3708 1541.
1322 3659 1380 3726 ost,
1403 3650 1548 3716 omnium
1570 3649 1759 3732 dogmatum
1781 3656 1815 3712 et
1835 3648 2012 3712 formarum
2035 3646 2187 3728 loquendi
2215 3665 2295 3709 con·

1323 3736 1488 3812 sensique,
1516 3755 1591 3800 eum
1621 3755 1680 3800 nos
1706 3736 1742 3798 in
1764 3735 1869 3798 loeum
1894 3731 2017 3798 Oaictm
2044 3731 2295 3798 destinavimus.

822 3783 864 3847 D·
888 3791 1016 3846 vestm
1323 3820 1360 3887 Si
1383 3824 1447 3886 iam
1472 3819 1622 3886 Culoim
1651 3820 1692 3886 ad
1721 3841 1781 3885 nos
1806 3819 1927 3884 reverti
1955 3823 2072 3900 posset,
2101 3818 2195 3882 illum
2218 3837 2295 3899 pos·

664 3955 671 3968 .
703 3867 915 3935 “ddmtiffiimi
937 3868 973 3967 53¹
995 3867 1158 3965 D⁰mi¹¹⁰.
1246 3951 1252 3965 ·
1324 3929 1433 3974 semus
1455 3906 1532 3971 dare
1554 3906 1654 3972 vobis.
1697 3903 1825 3972 Deinde
1847 3905 2034 3986 Letomusssl
2056 3903 2163 3969 adhue
2180 3903 2296 3968 forsan

572 3955 823 4022 Cenoionatores
845 3954 999 4020 eeclesiae
1022 3954 1272 4036 Argentinensrs
1324 3993 1471 4058 ducentis
1501 3989 1542 4056 ad

688 4061 748 4124 per
770 4041 950 4105 Martium„
973 4039 1146 4104 Buoerum·
1570 4011 1630 4058 vos
1659 4001 1693 4057 et
1727 3989 1884 4056 tolerabili
1921 3989 2128 4054 matrimonio
2159 3986 2296 4070 perduoi

1324 4087 1427 4160 queat.
1483 4077 1518 4141 ls
1549 4077 1680 4161 quidem
1713 4077 1858 4142 laetioris
1888 4085 1938 4140 est
1966 4076 2067 4150 vitae,
2100 4073 2157 4138 sed
2185 4095 2294 4150 verus,

1324 4173 1476 4229 constans
1495 4171 1528 4227 et
1548 4173 1636 4228 certe
1658 4161 1771 4228 doctus
1794 4169 1889 4243 atque
1910 4160 2073 4242 eloquens.
2125 4159 2219 4243 Opus
2244 4167 2295 4224 est

1324 4249 1458 4314 omnino
1479 4249 1513 4313 in
1537 4248 1588 4313 his
1610 4249 1771 4330 Principe.
1816 4246 1884 4312 Sed
1910 4245 2005 4312 valde
2033 4266 2093 4310 nos
2122 4267 2210 4310 nune
2232 4245 2296 4309 im-

1324 4333 1478 4418 pedimur
1493 4341 1526 4398 et
1543 4334 1774 4416 perturbamur
1790 4333 1912 4408 multis,
1927 4331 2070 4396 maxime
2081 4351 2140 4414 ego
2152 4331 2296 4396 editione

755 4449 819 4518 349
1325 4423 1482 4486 Actorum
1514 4420 1551 4483 in
1584 4419 1780 4502 Comitiis.⁴)
1830 4417 1921 4482 Alias
1953 4417 2048 4501 plura
2081 4433 2113 4482 et
2144 4418 2295 4482 certiora.

556 4560 770 4632 BUOERUS
793 4498 1009 4626 M‘YOONIO
1325 4505 1505 4570 Volesum
1526 4525 1628 4571 uxore
1651 4514 1685 4572 et
1705 4503 1875 4582 fratribus,
1904 4513 1938 4568 et
1963 4501 2047 4568 nihil
2074 4503 2297 4586 praecipitetis

390 4715 434 4780 Et
460 4716 509 4781 bie
537 4723 565 4784 et
591 4718 658 4782 illie
685 4723 713 4781 et
739 4716 851 4796 ubique
878 4714 964 4779 vivos
987 4714 1110 4797 aeolici,
1139 4717 1274 4778 mertuos
1342 4726 1409 4788 ³40,
1430 4730 1458 4794 1)
1473 4729 1567 4796 pestis.

305 4803 371 4869 ooli,
407 4801 573 4868 Calvinum
593 4805 723 4868 retinere
744 4801 904 4866 voluerunt
924 4799 1146 4865 abiturimm
1178 4798 1275 4879 Quem
1427 4795 1458 4860 2)
1479 4795 1610 4850 Stmlcrus
1633 4795 1790 4862 suquatur
1813 4791 2031 4846 Corolostods'uss
2052 4793 2095 4848 lrs'o
2113 4794 2201 4848 iscus
2241 4791 2299 4862 Qui

304 4888 452 4971 suu
473 4888 536 4952 u
557 4889 680 4968 uu
702 4889 737 4952 ι
754 4891 913 4968 posterum
1080 4885 1274 4967 resse
1324 4861 2299 5002 stetissect·rstt.ret⁰tttrt.tttr

304 4980 436 5054 tempore
456 4975 601 5039 certae
1015 5041 1017 5045 ,
1329 5001 1438 5057 Recte
1462 5002 1490 5056 V.
1511 4999 1568 5054 168.

1428 5069 1457 5134 3)
1479 5067 1664 5136 Festosque
1682 5066 1722 5122 10.
1743 5066 1858 5122 Steinls‘n
1881 5067 2002 5120 minutas·
2023 5066 2204 5134 Arpsntoruts'
2222 5066 2301 5122 15³0.

320 5141 665 5212 malumtalentum
686 5143 827 5212 reliquisse
854 5141 961 5198 ridear
986 5141 1012 5195 d.
1038 5139 1063 5195 2.
1092 5137 1162 5206 Sept.
1193 5155 1275 5208 quum
1430 5137 1459 5200 4)
1508 5137 1675 5206 coepturis
1697 5137 1906 5192 bebdomadibus
1927 5141 2021 5203 postea
2043 5135 2222 5204 moderant,
2248 5135 2301 5193 sed

304 5212 397 5280 pridie
415 5213 515 5268 Nonas
531 5213 587 5266 iem
602 5211 688 5278 furit
706 5211 838 5266 Basileus.
1327 5221 1429 5260 essars
1449 5205 1463 5258 1
1533 5207 1562 5259 is
1578 5205 1670 5272 fronte
1684 5205 1816 5276 professe.
