4910 5974
304 262 367 322 479
1064 244 1325 315 EPISTOLAE
1346 248 1515 312 441-443
2215 247 2277 308 leo

299 470 1265 498 ---------------
1316 429 1467 514 princeps
1496 432 1657 498 Ascanius
1684 431 1725 496 de
1759 429 1949 514 coenem)
1981 432 2088 514 equis,
2119 431 2278 496 ministris

386 527 479 608 Quae
506 533 542 590 tu
571 523 674 590 obiter
701 523 865 589 annotasti
886 521 926 586 de
946 521 1041 586 Italis
1062 519 1137 598 illis,
1159 539 1199 585 ea
1219 519 1266 585 siu
1317 524 1350 582 et
1371 516 1496 581 viatico.
1539 517 1665 583 Mansit
1686 516 1773 600 apud
1795 538 1854 582 nos
1874 539 1933 600 per
1953 515 2096 594 biduum,
2121 515 2161 582 de
2183 515 2278 582 rebus

300 615 436 681 habent:
463 609 566 675 Venit
591 610 627 674 in
648 611 798 692 Augusto
820 629 861 672 ex
881 606 980 672 Itaha
1000 606 1161 688 Oapucini
1180 605 1265 670 ordi·
1316 599 1483 684 religionis
1493 602 1880 684 nobiscumcclloquutus.
1909 603 2030 669 Brevia
2045 603 2137 669 nobis
2153 611 2277 686 apesto-

299 699 352 764 nis
373 697 412 776 (ii
433 695 640 762 desciverunt
660 715 681 758 a
696 694 924 758 Franciscenie
941 713 999 757 seu
1020 693 1061 757 ab
1079 689 1265 756 Observan·
1316 686 1379 752 lica
1409 687 1576 769 complura
1607 687 1795 768 exhibebat,
1828 709 1910 771 quae
1942 690 2144 772 apontifice
2175 688 2277 755 Paulo

300 782 385 849 tibus
406 779 730 847 autoreBcraardiao
743 778 765 863 ¹)
778 776 918 844 Senensi
935 777 976 841 ad
998 777 1159 842 austerius
1181 777 1266 842 ritae
1317 781 1494 854 acceperat,
1516 772 1647 838 iubente
1667 773 1760 838 illum
1784 775 1889 858 primo
1910 773 2134 853 lewensibus,
2163 773 2278 840 deinde

299 869 417 954 genus)
445 865 623 932 monachus
651 864 735 930 vasti
761 863 904 946 corporis
931 863 1188 945 Hieronymus&
1210 883 1265 926 cu·
1316 856 1528 935 Florentinis,
1560 857 1636 923 inde
1664 859 1800 924 Venetis
1831 859 2025 941 praedicere.
2078 859 2142 946 Ubi
2170 869 2277 924 autem

299 953 386 1022 culla
420 959 453 1017 et
484 951 690 1016 monstrifera
722 956 813 1014 veste
845 946 951 1013 adhuc
982 955 1101 1025 tectus,
1134 947 1266 1029 cupiens
1316 943 1472 1008 sensisset
1496 943 1604 1025 ipsum
1634 942 1805 1008 Christum
1829 944 2031 1027 praedicare,
2060 944 2159 1010 misso
2186 946 2278 1011 brevi

300 1038 439 1120 colloqui
459 1057 586 1102 mecum
604 1033 643 1100 de
661 1033 805 1100 articulis
824 1033 990 1117 religionis
1007 1040 1147 1098 nostrae.
1180 1031 1266 1096 Nam
1317 1026 1491 1109 apostolico
1524 1029 1663 1093 Romam
1693 1029 1803 1110 ipsum
1835 1038 1960 1096 evocat:
1994 1029 2062 1095 abit
2093 1031 2146 1094 vir
2176 1030 2276 1107 fortis,

301 1123 427 1190 dicebat
443 1143 477 1187 se
494 1121 595 1186 libros
612 1140 700 1184 meos
718 1120 751 1182 in
762 1118 860 1183 Italia
877 1118 1019 1200 adeoque
1040 1119 1074 1182 in
1094 1117 1165 1199 ipsa
1185 1116 1266 1181 urbe
1317 1110 1375 1178 sed
1395 1112 1581 1178 Florentiae
1607 1114 1798 1197 prohibetur
1826 1121 1859 1179 et
1885 1116 1920 1179 in
1952 1114 2165 1180 Germaniam
2191 1116 2277 1181 able·

300 1208 437 1291 Neapoli
453 1207 580 1290 legisse,
602 1226 691 1270 nunc
707 1213 817 1268 autem
838 1203 1088 1286 persequutione
1106 1201 1266 1285 pontificis
1317 1207 1413 1282 gatar
1445 1219 1465 1262 a
1494 1199 1572 1282 piis,
1604 1199 1850 1282 perhibentibus
1879 1200 2004 1266 Romae
2036 1207 2186 1283 paratum
2217 1202 2278 1284 ipsi

323 1294 431 1360 ulsum
450 1291 554 1356 adme
571 1290 763 1374 conlegisse,
784 1287 968 1354 conferendi
986 1288 1026 1352 de
1036 1286 1149 1352 multis
1159 1307 1264 1352 causa.
1317 1290 1442 1348 certum
1464 1285 1611 1349 exitium.
1655 1285 1747 1349 Abiit
1773 1305 1850 1369 ergo
1873 1283 2043 1350 Genavam
2064 1283 2206 1365 tandem,
2234 1286 2279 1353 ibi

300 1317 423 1462 {decepi
444 1397 504 1460 ego
526 1375 691 1441 hominem
713 1382 747 1439 et
767 1373 877 1440 audivi
895 1373 1116 1457 disputantem
1138 1393 1267 1437 summe
1317 1370 1385 1434 suis
1407 1370 1589 1451 sumptibus
1610 1370 1765 1446 victurus,
1795 1379 1927 1454 propter
1950 1370 2066 1436 Italiae
2094 1373 2277 1436 confinium.

325 1462 474 1530 atientia:
512 1460 664 1544 respondi
694 1459 774 1526 item
805 1466 964 1540 quantum
995 1458 1078 1522 mihi
1110 1457 1268 1523 concessit
1317 1454 1420 1519 Curat
1440 1464 1551 1519 eutem
1573 1454 1731 1537 plurimos
1748 1456 1829 1536 ibi⁶)
1852 1476 2016 1521 sermones
2038 1455 2146 1521 italica
2167 1456 2279 1540 lingua

301 1487 436 1615 bomini
463 1548 577 1630 gratie.
621 1544 711 1626 Quid
744 1543 876 1609 multis?
913 1543 1130 1626 Deprehendo
1157 1543 1266 1608 virum
1317 1539 1454 1620 scriptos
1475 1539 1617 1622 imprimi
1639 1549 1672 1604 et
1692 1540 1768 1606 inde
1789 1542 2002 1623 transportari
2024 1541 2060 1606 in
2080 1541 2222 1620 Italiam,
2242 1551 2279 1607 ut

302 1655 373 1700 esse
405 1633 484 1700 satis
513 1631 643 1696 doctum
673 1639 707 1694 et
736 1629 982 1712 integerrimum
1015 1629 1104 1694 alies.
1156 1627 1267 1708 Quum
1317 1625 1516 1709 perscripta
1536 1623 1746 1708 audiantqui
1768 1647 1877 1692 coram
1901 1642 1934 1692 et
1954 1626 2033 1691 viva
2053 1647 2131 1692 voce
2152 1627 2278 1694 concio-

300 1721 410 1802 itaque
439 1738 497 1801 per
524 1737 669 1782 mensem
697 1715 763 1780 lere
789 1714 942 1780 aluissem
970 1714 1135 1790 miserum,
1164 1712 1267 1777 literis
1317 1717 1451 1775 nantem
1485 1708 1596 1774 audire
1629 1732 1694 1776 non
1726 1719 1870 1794 possunt.
1930 1711 2040 1777 Habet
2073 1721 2183 1777 autem
2215 1733 2279 1778 non

303 1803 564 1872 commendatum
591 1809 625 1866 et
650 1800 767 1866 viatico
794 1801 988 1864 instructum
1023 1799 1099 1864 misi
1124 1796 1268 1876 (iuriam,
1317 1796 1479 1860 immerito
1501 1796 1680 1860 maximam
1701 1796 1788 1878 apud
1809 1796 1910 1862 Italos
1932 1817 2043 1862 omnes
2064 1799 2278 1875 autoritatem,

302 1890 432 1957 siforte
453 1887 595 1952 hominis
623 1885 749 1950 italicae
776 1884 908 1968 linguae
930 1885 1025 1968 periti
1047 1884 1162 1966 aliquis
1184 1883 1268 1947 foret
1317 1881 1382 1944 imo
1414 1881 1522 1962 ipsum
1553 1901 1652 1964 prope
1684 1902 1743 1963 pro
1775 1881 1851 1946 divo
1877 1881 2114 1947 exosculantur.
2170 1882 2279 1948 Habea

301 1977 338 2041 in
358 1972 538 2040 ministerio
558 1970 746 2054 evangelico
767 1991 856 2036 usus.
903 1968 1026 2036 Verum
1047 1990 1114 2034 non
1142 1967 1269 2032 invenit
1318 1965 1371 2031 hic
1410 1964 1521 2032 decem
1560 1967 1629 2030 eius
1661 1987 1824 2032 sermones
1857 1967 2012 2032 Genavae
2042 1967 2217 2049 impressos
2248 1976 2280 2033 et

302 2061 410 2126 locum
431 2055 635 2125 commodum
656 2055 793 2138 ideoque
815 2054 918 2120 rediit.
962 2054 1092 2118 Interea
1113 2051 1190 2117 dum
1211 2052 1268 2117 ille
1318 2049 1538 2133 superioribus
1559 2049 1672 2116 diebus
1694 2051 1735 2116 ad
1757 2073 1816 2118 nos
1838 2052 2025 2134 peripsum
2048 2052 2174 2131 missos,
2202 2073 2279 2135 quos

303 2145 403 2224 abest,
433 2143 522 2210 venit
549 2141 654 2224 primo
683 2139 803 2206 Ocelim
830 2139 961 2222 quidam
985 2138 1151 2216 Secundae,
1166 2141 1195 2212 ⁸)
1217 2138 1268 2201 vir
1318 2135 1376 2200 tibi
1398 2136 1699 2219 interpretabuntur
1725 2138 1778 2220 qui
1812 2137 1898 2220 apud
1924 2145 1958 2203 te
1984 2145 2062 2202 sunt
2086 2147 2279 2204 mercatores

302 2231 424 2296 latinae
445 2237 477 2294 et
497 2247 632 2310 graecae
652 2225 784 2309 linguae
805 2224 1018 2302 doctissimus,
1040 2231 1074 2288 et
1094 2224 1128 2288 in
1149 2223 1268 2304 pietate
1317 2221 1445 2286 italicae
1466 2221 1599 2305 linguae
1620 2222 1724 2303 periti.
1768 2223 1849 2288 Post
1868 2243 2021 2302 mensem¹
2042 2223 2127 2288 redit
2152 2244 2170 2288 e
2191 2224 2279 2289 Lau·

304 2336 341 2381 ac
372 2315 462 2378 omni
492 2312 662 2376 literarum
694 2331 813 2394 genere
848 2310 1069 2392 peritissimus.
1131 2307 1268 2388 Quaerit
1319 2327 1423 2372 sanna
1446 2305 1576 2385 Cedias,
1603 2307 1735 2371 Iteham
1761 2307 1868 2372 denuo
1894 2308 2112 2392 ingressurus,
2139 2315 2178 2373 ut
2207 2307 2280 2374 inde

304 2420 414 2464 annon
442 2397 651 2478 Hieronymus
678 2395 809 2478 quidam
837 2395 878 2460 ad
906 2415 959 2459 me
991 2393 1118 2458 venerit
1145 2403 1178 2458 et
1205 2413 1268 2474 quo
1319 2399 1410 2457 curet
1430 2392 1466 2456 in
1486 2392 1698 2458 Germaniam
1715 2395 1930 2475 transportari
1948 2414 2080 2458 uxorem
2100 2415 2138 2459 ac
2155 2393 2279 2458 liberos.

304 2482 443 2549 abierit?
494 2482 632 2565 Fxpono
660 2481 769 2563 itaque
798 2479 828 2544 ei
856 2479 942 2564 quod
971 2479 1136 2545 acciderat.
1188 2479 1268 2542 Mox
1319 2477 1403 2543 Orat
1419 2478 1558 2560 principi
1576 2478 1715 2543 scribam
1733 2477 1913 2557 Ferrariec,
1932 2499 2013 2560 quae
2031 2478 2183 2544 macari
2197 2479 2280 2562 regis

303 2567 452 2652 intelligo
474 2575 508 2632 et
528 2565 615 2632 huno
637 2566 768 2648 pulsum
786 2585 856 2630 esse
873 2565 972 2630 Itu-lia
989 2587 1026 2630 ec
1044 2563 1153 2630 sedem
1171 2585 1268 2646 quae·
1318 2564 1477 2628 Franciae
1499 2563 1568 2626 filia
1585 2569 1641 2628 est.
1687 2561 1856 2646 Obsequor
1877 2585 1915 2629 ac
1935 2563 2082 2628 inhortor
2103 2563 2280 2647 prinoipem

304 2675 377 2720 rere
405 2653 509 2718 aliam.
561 2649 690 2716 Suadeo
724 2651 832 2733 itaque
863 2659 900 2715 ut
927 2651 1071 2716 Bernam
1104 2649 1266 2716 concedat.
1319 2648 1360 2713 ad
1378 2648 1542 2730 pietatem,
1564 2657 1597 2713 et
1618 2654 1656 2712 ut
1674 2648 1784 2731 pulsos
1805 2657 1937 2732 propter
1954 2647 2121 2714 Ohristum
2142 2649 2279 2732 benigne

305 2737 513 2821 Obsequitur,
543 2755 579 2801 ac
606 2735 710 2800 literis
719 2734 747 2821 ⁴)
776 2736 959 2818 viaticoque
986 2735 1167 2801 instructus
1195 2741 1268 2817 post
1319 2735 1433 2800 foveat.
1478 2731 1573 2798 Addo
1595 2754 1722 2811 munus,
1744 2734 1991 2800 commentarios
2015 2755 2104 2800 meos
2132 2735 2168 2798 in
2196 2735 2279 2798 Mut-

305 2823 428 2907 aliquot
456 2820 526 2886 dies
552 2821 698 2886 Bernam
730 2821 804 2887 abit.
859 2820 1131 2886 commendaram
1159 2821 1268 2902 ipsum
1318 2820 1460 2898 thaeum,
1487 2818 1603 2901 quibus
1631 2819 1769 2902 acceptis
1797 2819 1978 2902 accingitur
2005 2819 2114 2884 itineri
2141 2839 2179 2882 ac
2205 2819 2278 2884 abit

305 2909 429 2975 conardi
451 2915 485 2972 et
501 2907 708 2990 optimatibus
725 2905 917 2988 quibusdem
934 2906 1166 2984 Beruensibus,
1189 2923 1268 2987 quo·
1318 2906 1388 2968 Vix
1408 2904 1463 2968 ille
1484 2905 1655 2984 abierat,⁷)
1679 2925 1721 2969 en
1743 2904 1832 2971 venit
1855 2903 1967 2970 Petras
1989 2903 2122 2988 Martyr,
2145 2910 2280 2987 quatuor

304 3016 378 3060 rum
399 3012 497 3076 opera
517 2991 640 3058 factum
661 2999 698 3055 ut
717 3012 795 3056 mox
819 2991 948 3057 scholae
969 2991 1066 3056 luerit
1087 2991 1268 3074 praelectus
1319 2989 1483 3066 advectus,
1506 2987 1592 3072 quod
1613 2987 1677 3054 dici
1698 2989 1787 3070 solet,
1808 2990 1907 3072 equis,
1936 2989 2051 3073 pulsus
2070 2997 2104 3055 et
2123 2990 2194 3072 ipse
2214 2988 2279 3052 Ita·

304 3077 549 3155 Leusannensi,
585 3078 622 3142 in
652 3096 716 3160 qua
747 3076 944 3160 theologiam
975 3075 1072 3142 simul
1104 3084 1138 3142 et
1169 3076 1269 3140 bones
1319 3076 1372 3140 lia.
1415 3075 1496 3139 Fuit
1517 3076 1545 3139 is
1566 3075 1769 3158 praepositus
1796 3075 1906 3141 Lucae
1933 3083 1966 3140 et
1994 3073 2104 3141 Abbes
2130 3073 2280 3157 Neapoli·

304 3164 415 3230 literas
446 3163 647 3246 profiteatur.
701 3161 787 3226 Nam
819 3163 925 3227 Ticini
956 3162 1118 3244 primum,
1152 3158 1268 3225 deinde
1319 3168 1433 3238 tanus,
1454 3157 1578 3224 ordinis
1599 3161 1635 3224 ni
1656 3160 1750 3225 fallor
1771 3160 2112 3226 Praemonstratensis.
2156 3157 2280 3224 Habuit

303 3249 462 3326 Venetiis,
485 3246 662 3312 Mediolani
683 3247 762 3310 item
784 3253 817 3312 et
837 3256 1000 3329 postremo
1017 3247 1127 3312 Lucae
1148 3247 1183 3310 in
1200 3245 1268 3310 Ita·
1320 3247 1442 3312 socium
1464 3245 1589 3310 itineris
1611 3244 1786 3329 Ραιιὶιιιιιὸ)
1808 3247 1978 3329 quendam,
2006 3244 2116 3310 virum
2137 3243 2279 3312 doctissi-

304 3334 350 3400 lia
369 3335 472 3399 bones
493 3339 527 3397 et
547 3332 618 3415 pias
639 3331 750 3396 literae
779 3332 937 3396 hactenus
958 3331 1085 3414 publice
1106 3333 1269 3414 professus
1319 3351 1426 3396 mum:
1453 3331 1523 3412 ipse
1550 3351 1628 3395 vero
1658 3329 1770 3396 doctus
1798 3339 1848 3395 est
1874 3331 1975 3396 latine
1997 3351 2111 3414 graece
2133 3329 2280 3396 hebraice

305 3427 363 3485 est.
422 3417 513 3483 Haec
546 3415 624 3482 dum
655 3418 749 3494 fiunt,
782 3415 874 3481 adest
905 3423 939 3482 et
970 3417 1011 3481 D.
1046 3415 1270 3482 Beracrdinus
1319 3424 1353 3481 et
1373 3414 1578 3480 mediocriter
1599 3415 1771 3496 chaldaice,
1798 3417 1849 3482 vir
1877 3416 2041 3482 humanus
2068 3415 2222 3498 eloquens
2249 3421 2280 3478 et

306 3503 480 3582 Senensis,
514 3502 568 3566 vir
598 3501 737 3585 insignis
770 3501 984 3567 sanctimonia
1014 3509 1048 3567 et
1077 3501 1268 3577 eruditione,
1319 3502 1400 3584 pius.
1450 3499 1623 3566 Oonsultet
1655 3508 1689 3565 et
1720 3501 1773 3566 hic
1804 3521 1869 3584 quo
1901 3523 1976 3568 cum
2006 3501 2100 3566 sociis
2133 3500 2277 3567 divertat

305 3587 511 3654 venerandus
543 3607 645 3652 senex
671 3593 704 3651 et
734 3608 845 3663 canus,
878 3608 1029 3670 procerae
1061 3595 1205 3652 staturae
1236 3595 1270 3650 et
1319 3587 1432 3652 Placet
1458 3585 1604 3664 Basilea‚
1634 3586 1662 3652 si
1687 3586 1769 3652 forto
1795 3587 1884 3652 locus
1911 3587 1960 3652 illi
1988 3586 2083 3652 detur
2110 3583 2279 3670 profitendi

305 3675 423 3738 miram
439 3691 518 3755 prae
535 3693 570 3736 se
586 3672 694 3737 ferens
710 3673 922 3738 maiestatem.
958 3673 1167 3738 instruxerat
1181 3671 1269 3737 hunc
1319 3671 1454 3755 publice.
1497 3670 1589 3737 Haec
1617 3691 1679 3753 quo
1706 3673 1825 3738 rachus
1850 3673 2015 3757 intelligas
2041 3670 2143 3737 adieci
2163 3671 2278 3754 episto-

1319 3757 1385 3822 lam
1407 3757 1476 3822 eius
1498 3778 1517 3820 a
1538 3757 1671 3822 Basilea
1692 3756 1805 3822 adme
1832 3760 1986 3841 scriptum
2008 3777 2106 3840 quam
2127 3757 2278 3821 remittes.

305 3897 509 3912 ...........
1319 3843 1354 3908 Is
1376 3863 1464 3908 nuno
1485 3843 1743 3925 Argentoratum
1775 3852 1826 3908 est
1846 3852 1980 3909 vocatus
2010 3851 2043 3906 et
2074 3841 2150 3906 date
2179 3841 2279 3906 estei

1320 3925 1677 4026 praelegendipublice
1704 3927 1835 3994 functio.
1879 3927 2024 3994 Bucems
2044 3947 2122 3992 vero
2144 3929 2194 3992 20.
2216 3925 2279 3990 No·

226 4133 228 4140 ,
306 4043 1269 4196 stttastcsueaduu*
1320 4011 2012 4182 {salutareturaarum
2029 4011 2280 4176 artace

308 4187 375 4242 1534
396 4189 522 4250 amera,
551 4198 680 4250 Mamm
703 4183 809 4238 ⁰?de
828 4183 1002 4251 mmm
1025 4187 1051 4236 ‘l
1073 4181 1154 4235 W
1179 4185 1206 4235 ‘l
1228 4181 1269 4235 ⁶⁸⁸
1320 4185 1437 4260 burch,
1471 4181 1659 4248 Pederborn
1687 4193 1746 4251 etc.
1790 4183 1872 4250 Sero
1898 4195 2007 4249 autem
2035 4183 2132 4248 rediit
2163 4179 2281 4249 Caelites

307 4251 707 4390 '’m'‘{flwifqgffiss
722 4251 826 4388 {242933
846 4319 936 4384 selme
959 4323 985 4371 ,t
1003 4323 1068 4385 90⁸&
1089 4333 1149 4370 m
1172 4316 1268 4370 pm
1320 4291 1363 4334 ex
1384 4269 1489 4346 Italia,
1513 4268 1678 4334 advehens
1700 4290 1809 4336 secum
1829 4290 1965 4334 uxorem
1986 4279 2021 4335 et
2041 4267 2169 4348 liberos,
2201 4267 2280 4332 mire

308 4391 410 4446 pom-„2
427 4390 588 4458 (puppim,
606 4389 668 4452 259)
685 4388 794 4453 sum,
812 4386 985 4455 ceperanum
1002 4401 1063 4440 w„
1080 4387 1140 4439 elbo
1158 4385 1268 4439 uerem-
1321 4353 1361 4420 de
1379 4355 1626 4438 persequutione
1647 4355 1808 4437 pontilicis
1829 4356 1981 4420 referens.
2014 4353 2138 4420 Attulit
2157 4371 2279 4437 quoque

307 4459 358 4513 leta
375 4457 494 4518 Bolseco,
518 4458 622 4512 Italam
640 4473 701 4510 cam
720 4457 800 4510 Gallo
818 4455 999 4522 coesmsduat,
1019 4455 1091 4523 qaod
1108 4454 1186 4508 Bau·
1223 4469 1269 4508 ero

307 4528 365 4597 ipsi
381 4527 490 4580 minime
513 4527 635 4580 academ
654 4527 756 4594 potuit.
791 4525 922 4578 Boleecas
944 4529 1080 4577 uxoratus
1102 4528 1128 4576 et
1150 4539 1190 4575 me
1209 4524 1270 4578 icus

307 4597 390 4650 meato
414 4595 502 4649 seriae
523 4595 555 4648 ie
574 4594 729 4648 Helvetium
752 4593 832 4648 erait.
874 4592 961 4646 Haec
986 4607 1048 4646 vere
1070 4591 1270 4662 Hieronymus

309 4663 481 4734 Gapacim
497 4663 565 4716 alui
581 4664 689 4718 chrima
710 4678 768 4716 aaa
785 4662 939 4728 habeamur,
962 4677 1028 4714 acm
1050 4661 1163 4714 eander
1183 4661 1270 4726 faisse

307 4749 342 4788 oc
358 4732 398 4786 Η.
417 4731 581 4786 Marianam
604 4731 836 4786 Mediolemsem
853 4731 898 4797 (dc
915 4744 967 4798 qao
985 4746 1011 4783 e.
1032 4729 1154 4783 Trcotsel
1167 4729 1211 4783 II.
1225 4729 1269 4797 ll)
1322 4733 1436 4798 eeqrmta
1452 4733 1520 4782 eret.
1556 4725 1843 4794 Chironeum&
1864 4727 1920 4781 160.
1954 4727 2108 4782 Aerarium
2126 4729 2201 4783 ellam
2217 4731 2283 4780 sard

308 4802 386 4857 aubis
402 4817 460 4855 acra
496 4799 679 4854 aeramnae.
1322 4799 1371 4867 pai
1387 4797 1502 4852 earsdem
1519 4795 1612 4850 deceat
1629 4809 1662 4849 ae
1679 4795 1847 4849 cardinalem
1865 4813 1942 4864 quere
1960 4796 2068 4852 Paulus
2083 4794 2284 4854 111.thoe

410 4870 440 4930 3>
506 4868 511 4878 '
529 4883 555 4920 m
572 4865 1158 4932 MrNortmmmemoriafesrlliseevidetar.
1185 4865 1270 4920 Caria
1321 4883 1349 4920 sc
1366 4868 1487 4934 recipere
1504 4865 1596 4932 coepit,
1615 4863 1708 4918 Iulius
1725 4864 1788 4918 III.
1807 4863 1923 4919 Βοιιιαιιι
1935 4867 2081 4920 sacrave

309 4939 382 4991 enim
398 4939 454 4992 ium
470 4935 557 4991 medlo
574 4937 796 5004 merucesc
809 4936 904 4990 Tarice'
917 4935 1009 5002 lueet
1028 4935 1080 4994 (N.
1090 4935 1149 5002 415,
1164 4934 1269 4998 nott).
1423 4935 1452 4996 6)
1470 4933 1526 4986 loco
1543 4937 1634 4985 tanae
1650 4946 1707 4985 noa
1722 4933 1853 4987 indicato.

410 5006 440 5064 4)
458 5005 496 5060 ud
521 5005 563 5058 Io.
589 5003 693 5058 Fraac.
716 5005 898 5073 Naepaieem
921 5003 1055 5057 omanem
1079 5009 1105 5058 ct
1126 5003 1271 5058 Heliorum
1423 5003 1453 5066 7)
1472 5000 1604 5066 Schmidt,
1626 4999 1757 5069 Vermipti
1770 5019 1800 5070 p.
1817 5001 1851 5055 47
1874 5001 1905 5056 id
1923 5001 2060 5070 postridie
2080 5001 2184 5068 [meat
2205 5000 2281 5066 aar,

309 5073 511 5128 &marium
528 5072 665 5138 (Schmidt
680 5073 735 5128 Za.
752 5075 774 5140 t.
791 5074 853 5126 hist.
875 5073 961 5126 Τήιοι.
982 5071 1067 5136 1860.)
1321 5076 1386 5126 rese
1402 5077 1492 5125 tamea
1512 5083 1568 5122 noa
1584 5069 1676 5123 allate

411 5144 440 5208 t)
461 5142 538 5211 Quae
553 5141 670 5196 illam
685 5141 795 5207 [cardia
811 5141 943 5196 ocham
959 5140 1078 5195 mamare
1093 5140 1189 5206 faeere
1202 5153 1270 5208 prc-
1424 5138 1452 5198 ill
1472 5137 1624 5192 Lacies'ms.
