4942 5982
173 334 209 395 81

172 523 313 584 bisunt
339 519 496 584 iuventae
518 526 553 584 et
579 521 620 582 23
650 515 810 600 Capitonis
837 517 874 581 in
903 517 1142 582 Hexaemeron.
1168 519 1171 553 ²

171 603 265 686 Quod
287 613 439 688 superest
460 605 567 669 neseio
588 625 652 686 qua
673 603 800 667 ratione
821 604 904 668 istae
926 604 1063 678 mittam,
1087 623 1144 666 no·

171 711 231 774 que
253 691 397 775 navigio,
420 711 525 772 neque
543 709 653 766 ourru,
675 709 777 772 quum
794 709 907 754 omnes
924 689 959 752 in
971 687 1146 752 vindemiis

170 788 379 859 occupentur.
434 775 501 856 out
541 775 675 840 advexit
714 774 778 839 huo
815 795 890 849 vas,
932 774 1014 855 petit
1046 772 1146 838 libras

170 862 330 944 quinque:
352 870 430 927 sunt
451 861 585 945 capitati
602 860 744 944 quinque
762 858 946 925 Sabnudioi.
991 857 1146 924 Nondum

190 947 322 1012 ersolvi.

170 969 189 1031 p
254 1032 388 1114 erueso
409 1043 442 1097 to
464 1054 501 1098 ao
526 1029 713 1108 Claudiam,
741 1029 918 1114 diligenter
945 1049 1059 1094 omnes
1088 1028 1173 1094 adm

170 1118 332 1184 monentis
348 1140 390 1183 ne
407 1117 634 1201 perditissimis
652 1116 867 1182 nebulonibus
885 1115 982 1181 fldem
995 1115 1145 1192 habeant,

171 1203 340 1287 siquidem,
364 1211 402 1268 nt
423 1203 518 1268 hodie
540 1203 697 1279 intellexi,
721 1223 819 1284 quam
848 1202 980 1286 plurimi
1009 1223 1043 1266 se
1065 1222 1145 1266 vorr-

171 1289 279 1355 ditant
308 1291 430 1371 passim
456 1288 542 1372 quod
571 1289 647 1353 hino
675 1309 734 1372 per
762 1309 822 1352 nos
859 1287 900 1352 ad
930 1286 1045 1352 Gallos
1080 1287 1147 1350 sint

170 1376 271 1454 missi,
290 1373 412 1457 diuque
430 1374 594 1440 nobiseum
613 1373 749 1458 egerint,
771 1394 895 1456 nosque
920 1373 1007 1437 idom
1025 1374 1146 1438 sentire

171 1461 295 1526 audent
324 1462 505 1526 affirmare:
531 1462 648 1543 quibus
670 1459 867 1525 obviandum
890 1467 948 1535 est,
971 1479 1049 1522 nam
1074 1458 1146 1540 plu-

171 1548 270 1612 rimos
287 1545 439 1631 perdunt.
472 1547 636 1612 Tossouus
658 1546 805 1628 queritur
823 1545 863 1610 do
884 1544 1043 1610 ministris
1061 1541 1147 1626 quod

170 1634 264 1716 pauni
293 1633 362 1698 sint
390 1641 425 1696 et
449 1631 533 1696 nulli
563 1632 744 1696 mittantur.
794 1631 978 1713 Reeeporas
1005 1641 1038 1694 te
1067 1630 1145 1694 ruis·

171 1739 285 1784 surum
317 1721 410 1802 pium
442 1717 588 1782 fratrom.
641 1717 765 1782 Mirum
803 1715 888 1799 quod
922 1736 988 1780 non
1020 1715 1144 1780 foooris.

171 1803 268 1882 (lura,
292 1823 421 1886 quaeso,
444 1803 618 1886 diligenter
639 1813 677 1868 ut
698 1801 816 1867 habeat
844 1804 958 1880 istum,
986 1801 1014 1866 si
1037 1801 1147 1884 plures

171 1892 234 1954 iam
257 1911 325 1954 non
347 1891 456 1971 possit.
501 1881 625 1954 Soribit
651 1896 683 1953 et
710 1888 829 1952 fratres
852 1887 947 1954 valdo
968 1887 1147 1970 periclitari

171 1975 225 2058 qui
247 1975 337 2057 eapti
359 1975 458 2039 fuere.
502 1973 619 2039 Nescio
641 1993 682 2037 an
705 1987 836 2055 praeter
856 1973 938 2038 alias
959 1993 1073 2039 oausns
1095 1994 1146 2037 se·

171 2071 268 2126 natus
289 2061 353 2126 isto
379 2070 490 2144 posset
516 2058 755 2140 intereodere⁴)
783 2058 963 2124 detentioni
989 2060 1145 2142 ipsorum,

171 2146 257 2230 qnod
278 2147 355 2212 istie
377 2145 526 2211 dederint
546 2165 679 2225 oporam
702 2144 815 2224 litoris,
845 2145 1019 2228 praecipue
1040 2144 1069 2209 is
1091 2144 1146 2226 qui

172 2236 238 2316 egit
267 2253 343 2298 oum
366 2231 486 2297 Incubo.
535 2229 637 2309 Vide,
666 2249 802 2314 quaeso,
832 2251 896 2312 qaia
922 2231 978 2295 via
1000 2229 1147 2295 sueourri

195 2318 288 2395 ussit,
322 2325 357 2383 et
384 2317 494 2382 omnia
524 2323 659 2382 tentato.
710 2316 794 2380 Heri
820 2315 1004 2381 Michaelem
1035 2315 1145 2381 invisi.

172 2337 270 2468 l'alet
297 2403 364 2469 inm
392 2404 523 2482 melius,
549 2400 608 2467 sed
633 2423 700 2466 non
723 2411 828 2484 potest
849 2401 955 2468 adhue
972 2423 1032 2468 suo
1053 2401 1147 2484 iungi

171 2511 316 2555 munere.
361 2491 487 2554 Tamen
516 2488 644 2572 cogitur
668 2509 769 2570 supra
796 2487 881 2553 viros
911 2488 947 2551 in
973 2487 1147 2552 vindemiis

172 2575 221 2641 his
243 2595 455 2642 oeconomum
485 2567 590 2658 apere.
642 2572 678 2638 Is
709 2583 743 2638 to
775 2573 910 2650 salutat,
937 2573 1086 2637 salutant
1113 2578 1147 2636 et

171 2682 285 2727 omnes
308 2661 435 2738 fratros,
458 2681 495 2726 ae
517 2671 624 2725 toenm
641 2659 750 2725 salvos
771 2659 921 2742 oupimus
942 2679 1063 2736 omnes,
1089 2655 1147 2722 Go-

167 2749 314 2828 pitouem,
336 2747 505 2825 Botorum,
528 2745 709 2821 Bedrotum,
734 2742 912 2810 Claudium.
947 2743 1031 2808 Nolo
1054 2763 1146 2826 prae·

171 2834 270 2897 teriro
298 2833 471 2916 coniugem
498 2839 590 2896 tuom
616 2829 845 2906 insalutatam,
874 2849 948 2894 aum
976 2829 1079 2893 fratre
1108 2849 1147 2894 ao

174 2917 331 3000 Philippo.
376 2917 475 2983 Nelos
496 2925 645 3000 putarem
667 2937 733 2981 non
755 2915 914 2980 salutasse
941 2913 1145 2979 domieollam

175 3001 382 3069 Catltariuom
409 3011 442 3068 ot
464 3003 570 3068 filium
595 3002 698 3067 istius
743 3000 828 3065 Vale
857 2999 947 3066 bone.
992 3000 1147 3069 Neooomi

175 3092 202 3153 6.
225 3088 432 3173 Septembris
456 3093 547 3153 1540.

693 3223 845 3288 Farellus
867 3231 942 3289 tuus
964 3230 1060 3290 totus

261 3431 416 3496 Mutilata
446 3430 510 3496 init
542 3430 678 3513 epistola
710 3428 751 3494 ad
784 3429 891 3496 neseio
930 3427 1009 3513 quid
1040 3428 1149 3513 obsig-

175 3515 331 3596 nandum,
353 3527 392 3582 ut
409 3525 531 3582 tomara
548 3517 594 3594 fit,
617 3535 781 3600 quumque
798 3536 864 3580 non
885 3517 1149 3582 vnertrotitorum
1174 3569 1178 3604 ,

174 3601 331 3702 seribere,
361 3602 408 3668 sio
437 3603 500 3668 luit
525 3603 633 3667 missa
680 3600 771 3667 Malo
799 3601 947 3666 obortam
975 3622 1074 3684 quam
1094 3621 1151 3666 eor

173 3709 244 3754 non
265 3697 439 3773 integrum

564 3979 757 3990 ..ο-,ιω-

626 4213 699 4286 tut.

393 4352 685 4422 attenuatus
706 4353 937 4421 PARELLO.

262 4527 408 4593 Nuntiat
431 4526 620 4592 Gmeoenses
641 4525 709 4591 iam
728 4525 810 4590 serio
830 4525 868 4591 de
885 4524 1056 4591 revocando
1079 4522 1150 4590 Col-

171 4617 247 4682 oino
280 4613 481 4693 deliberasse,
514 4617 544 4677 et
574 4613 699 4694 comitii
726 4612 878 4677 rationem
906 4631 1001 4693 quom
1027 4611 1150 4694 omitti

171 4705 239 4766 iam
265 4697 479 4764 Bernarsium
506 4717 601 4780 ouum
628 4695 937 4781 Arpeuioraiensiam
970 4715 1150 4762 musensam

171 4787 311 4852 obtinere
331 4789 468 4866 sperant.

224 4956 285 5024 (Ex
301 4955 471 5026 autographo
489 4956 560 5008 Bibt
578 4953 751 5008 Genarensie.
788 4955 853 5010 (lod.
872 4953 943 5020 1112,
960 4953 1005 5007 lob
1023 4951 1097 5019 21³.)

170 5251 190 5304 d
281 5177 313 5245 4)
333 5177 379 5234 Sir
403 5177 572 5233 restituimur
596 5175 670 5246 qood
693 5177 803 5244 praebet
834 5175 1037 5246 aumarapton:
1064 5177 1149 5230 inter

191 5265 396 5388 mmGatoini
410 5345 501 5400 opera
542 5329 598 5386 Μ
617 5327 672 5384 XL

1008 333 1089 393 1540
1111 326 1337 396 SEPuEMB.

1445 515 1514 583 Suo
1536 517 1715 583 Guillelmo
1736 519 1877 586 Far-ello.
1894 524 1918 598 ¹)

1923 640 2085 706 Nooeomi.

1282 757 1334 839 S!
1364 774 1457 838 Duos
1479 781 1564 840 totos
1586 774 1655 840 dies
1677 777 1712 840 in
1736 774 1919 860 peragendo
1942 787 2092 860 suscepto
2113 799 2175 842 ne-

1198 859 1285 943 gotio
1310 859 1486 940 insumpsi,
1517 869 1616 942 atquo
1637 861 1773 926 feliciter
1793 873 2020 927 successerunt
2052 863 2173 928 omnia.

1199 945 1237 1011 si
1262 944 1399 1010 Thomas
1420 945 1646 1012 Cortallionsis
1674 947 1825 1030 proxima
1854 947 2054 1014 hebdomade
2083 947 2172 1012 Tho·

1199 1031 1343 1108 nonium,
1365 1041 1403 1094 ut
1424 1031 1586 1112 pollicitus
1607 1043 1670 1109 ost,
1701 1034 1883 1112 tremuerit,
1912 1056 1971 1117 ego
1993 1033 2103 1098 omnia
2124 1033 2174 1098 illi

1198 1116 1343 1196 aperiam
1365 1115 1543 1180 exordiae
1565 1138 1648 1200 quae
1670 1138 1758 1183 nuno
1781 1140 1846 1183 non
1870 1117 2002 1201 expedit
2021 1120 2172 1184 seribere.

1198 1201 1311 1268 Unum
1333 1211 1383 1266 est
1404 1203 1506 1266 forme
1526 1202 1714 1285 expeditum
1736 1225 1774 1269 ae
1795 1203 1984 1270 conclusum
2007 1202 2047 1270 de
2066 1225 2174 1271 aeaer-

1199 1285 1300 1353 sendo
1321 1285 1450 1352 Goloino
1469 1289 1640 1372 generalis,
1659 1299 1697 1352 ut
1709 1297 1836 1369 voeant,
1854 1291 1981 1356 eonsilii
1993 1289 2173 1378 nomine,²)

1197 1393 1262 1456 quo
1284 1373 1459 1438 ministerii
1482 1373 1588 1438 honor
1609 1374 1803 1439 restituatur
1831 1397 1869 1442 ne
1897 1397 2069 1458 personae,
2098 1385 2173 1440 tan·

1198 1467 1335 1540 tumque
1369 1459 1503 1525 tollatur
1539 1459 1786 1537 offendiculum,
1820 1461 1907 1543 quod
1940 1463 2012 1526 eius
2045 1461 2174 1528 consilii

1199 1545 1330 1609 nomine
1352 1565 1411 1609 son
1433 1545 1540 1627 potius
1559 1545 1675 1610 umbra
1695 1545 1895 1629 subreperet.
1906 1547 1935 1630 8)
1979 1547 2099 1612 Modus
2119 1546 2174 1614 hio

1198 1639 1263 1696 est:
1287 1631 1433 1714 laegatus
1446 1630 1606 1695 Dominus
1619 1631 1803 1697 Beruenses
1825 1635 1968 1715 primum
1991 1633 2171 1713 oonroniot,

1199 1727 1231 1781 et
1251 1737 1350 1799 quam
1371 1716 1564 1798 gravissime
1586 1717 1847 1801 profligationum
1864 1720 1994 1801 piorum
2007 1718 2174 1784 ministro·

1199 1822 1272 1866 rum
1292 1800 1333 1866 ab
1354 1801 1421 1866 illis
1449 1801 1645 1866 donatorum
1672 1801 1830 1868 haetenus
1858 1804 1997 1869 tulerint
2023 1811 2175 1886 exponet,

1198 1887 1252 1953 oui
1273 1887 1388 1952 ruinae
1410 1887 1502 1969 prius
1523 1886 1647 1952 mederi
1669 1909 1736 1953 non
1762 1889 1955 1962 valuerunt,
1986 1911 2086 1972 quum
2116 1909 2177 1956 neo

1200 1993 1313 2037 eorum
1353 1971 1485 2054 quidem
1531 1971 1811 2040 sollicitationibus
1853 1974 1960 2040 audiri
1997 1975 2173 2058 potuerint

1199 2057 1297 2123 Nune
1315 2079 1391 2124 voro
1414 2061 1560 2142 privatos
1582 2080 1652 2124 esse
1682 2059 1809 2125 duobus
1832 2059 1915 2125 Mor.
1924 2061 1953 2144 ⁴)
1975 2071 2009 2125 et
2030 2061 2176 2140 Arrionio,

1198 2144 1253 2227 qui
1277 2163 1336 2209 sua
1357 2155 1482 2228 sponte,
1504 2145 1584 2226 ipsis
1607 2145 1738 2228 quidem
1760 2147 1954 2220 insalutatis,
1974 2145 2087 2211 eodum
2098 2145 2174 2212 valo

1199 2230 1382 2306 abiverant,
1404 2239 1500 2312 atque
1522 2228 1594 2295 ideo
1615 2231 1771 2314 populum
1794 2233 1903 2314 polum
1932 2231 2097 2298 Calvinum
2119 2231 2175 2297 de·

1199 2316 1342 2382 siderare
1370 2323 1405 2380 ot
1432 2327 1594 2398 expetere.
1645 2315 1868 2396 Quamobrem
1895 2318 2023 2402 rogabit
2047 2317 2175 2403 legatus

1199 2411 1237 2466 ut
1268 2422 1304 2468 se
1335 2401 1452 2465 iuvent
1484 2401 1589 2467 literis
1622 2401 1664 2468 ad
1696 2415 1846 2468 senatum
1885 2406 2173 2489 Argentinonsom,

1198 2508 1295 2570 quern
1317 2486 1473 2570 posthueo
1495 2486 1598 2552 adibit
1619 2509 1657 2554 un
1679 2510 1774 2552 suam
1795 2488 1932 2572 imploro
1953 2501 2069 2574 porget
2091 2490 2177 2574 loga

1198 2574 1339 2648 tionem,
1369 2594 1470 2657 quam
1498 2572 1634 2655 pollieiti
1661 2595 1775 2639 sumus
1803 2574 1906 2640 literis
1935 2573 1976 2640 ad
2012 2575 2178 2641 Caluinam

1198 2658 1275 2724 totis
1297 2656 1423 2724 viribus
1445 2659 1574 2738 iurato,
1604 2659 1702 2742 idque
1729 2660 1824 2725 vobis
1851 2659 2018 2726 indicandi
2040 2663 2178 2744 provin·

1198 2745 1282 2809 eiam
1318 2744 1540 2826 suseepimus,
1573 2751 1612 2809 ut
1644 2755 1678 2809 ot
1707 2745 1859 2811 Basileao
1890 2767 2017 2830 quoquo
2053 2745 2179 2830 aliquid

1199 2829 1315 2894 auxilii
1337 2847 1357 2891 a
1380 2828 1471 2896 vobis
1493 2831 1692 2895 transeundo
1714 2831 1862 2896 inveniat
1884 2833 1971 2914 apud
1993 2831 2178 2916 Grpuoeum

1201 2925 1258 2980 aut
1279 2913 1368 2980 alios.
1411 2913 1466 2979 Da
1486 2913 1588 2997 igitur
1609 2937 1750 2998 operam,
1774 2927 1811 2982 tu
1833 2927 1866 2982 et
1887 2929 2044 3002 quotquot
2061 2921 2180 2988 fratros

1199 3000 1235 3065 iu
1260 2999 1320 3066 hoo
1341 3000 1473 3084 negotio
1495 3000 1618 3082 aliquid
1640 3003 1788 3084 potestis,
1811 3014 1848 3068 ut
1868 3013 1997 3069 maturo
2019 3004 2178 3073 scribatis.

1199 3084 1365 3152 Volabant
1389 3083 1515 3151 Caluini¹
1536 3085 1685 3150 animum
1713 3097 1803 3153 earto
1832 3089 1953 3154 rosoiro
1984 3090 2178 3174 priusquam

1200 3172 1370 3257 negotium
1395 3171 1523 3237 senatui
1551 3185 1780 3256 proponerent.
1830 3173 1904 3258 Ego
1936 3197 2016 3240 voro
2048 3177 2175 3242 asserui

1203 3259 1318 3324 bonam
1346 3278 1438 3340 spem
1466 3278 1554 3336 esse,
1583 3257 1612 3322 si
1640 3255 1701 3324 hae
1732 3257 1788 3322 via
1810 3259 1843 3323 id
1871 3261 2086 3340 tentaverint;
2115 3282 2177 3328 neo

1204 3342 1370 3410 Caluinam
1398 3353 1525 3408 tantam
1552 3344 1753 3409 occasionem
1776 3344 1964 3410 illustrandi
1990 3345 2177 3428 ministerii,

1201 3429 1411 3496 restaurandi
1437 3429 1522 3494 tanti
1552 3429 1691 3496 aedilicii
1711 3429 1759 3494 ita
1780 3431 1882 3495 fermo
1903 3429 2049 3514 collapsi,
2074 3433 2175 3502 roieo·

1202 3523 1313 3582 turum
1342 3523 1511 3598 putamus:
1540 3516 1683 3580 maximo
1712 3536 1732 3580 a
1758 3516 1914 3582 fratribus
1947 3517 2117 3586 adiuratus
2144 3527 2178 3586 ot

1202 3609 1336 3684 rogatus
1358 3602 1392 3666 iu
1414 3601 1545 3665 nomino
1568 3601 1711 3679 Domini,
1731 3622 1774 3666 no
1786 3602 1882 3668 huius
1897 3602 2060 3682 ecelesiae,
2079 3626 2179 3688 quam

1202 3687 1405 3770 penitissima
1426 3695 1534 3769 gestat
1555 3687 1590 3750 in
1608 3699 1747 3769 pertore,
1770 3687 2002 3754 desolationem
2024 3692 2177 3773 patiatur,

1203 3773 1254 3837 oni
1274 3771 1387 3837 adesso
1408 3772 1478 3855 ipsa
1495 3772 1599 3856 possit
1616 3794 1675 3856 per
1692 3773 1881 3840 Dominum.
1915 3775 2019 3840 Plura
2036 3778 2178 3844 seribere

1203 3877 1268 3922 non
1296 3856 1399 3922 ratleo.
1450 3855 1604 3922 Salutant
1632 3879 1691 3923 vos
1720 3879 1842 3924 omnes.
1885 3859 1985 3926 Mitto
2007 3862 2066 3926 tibi
2090 3860 2177 3944 quod

1203 3941 1376 4008 Frontiana
1386 3941 1414 4024 ὁ>
1437 3943 1578 4024 expetit,
1608 3943 1802 4010 lavatorium
1825 3967 1991 4023 rnnnuum,
2014 3945 2100 4028 quod
2122 3947 2178 4012 bio

1202 4029 1267 4094 omi
1294 4025 1422 4093 duobus
1450 4029 1600 4111 capitatis
1627 4030 1780 4094 nummis.
1830 4031 1935 4096 Poma
1961 4043 2100 4114 granata
2127 4033 2178 4100 illi

1202 4135 1262 4197 per
1286 4113 1437 4179 Tdomom
1459 4113 1592 4178 ferenda
1613 4115 1743 4192 curabo,
1766 4115 1794 4180 si
1811 4115 2025 4198 reperientur.
2061 4115 2178 4186 Saluto

1205 4199 1365 4278 Thomom,
1384 4199 1543 4280 Fotonom,
1564 4199 1789 4283 Coporrculnm,
1807 4211 1840 4265 ot
1854 4221 1976 4266 omnes.
2010 4200 2178 4282 Generuo,

1202 4283 1282 4350 dum
1304 4305 1358 4350 mo
1379 4284 1488 4350 itineri
1510 4286 1723 4370 neoingorom,
1747 4291 1797 4350 25.
1821 4283 1912 4368 Sept.
1940 4291 2028 4352 loto.

1711 4422 1803 4488 ‘l'uus
1825 4420 2088 4506 Christophorus.

1217 4624 1283 4688 237.
1304 4627 1331 4694 l)
1351 4625 1480 4681 Forrlius
1497 4627 1660 4696 adempsit:
1678 4625 1795 4680 Thomna
1818 4626 1932 4696 legenda
1955 4633 1983 4681 et
2006 4629 2096 4682 omnia
2113 4646 2175 4699 per·

1201 4695 1320 4750 ridenda
1337 4712 1369 4748 oo
1385 4695 1530 4750 reddenda

1304 4763 1335 4826 2)
1354 4763 1411 4819 Hie
1430 4766 1516 4833 paulo
1543 4765 1617 4818 oltra
1644 4769 1739 4816 netum
1763 4764 1909 4818 transulit.
1951 4763 2007 4818 Die
2032 4763 2074 4816 21.
2099 4763 2172 4833 Sept.

1204 4831 1321 4888 &natue
1337 4833 1487 4888 eoneubmn
1502 4833 1605 4900 facturn
1623 4839 1669 4898 eet,
1693 4831 1755 4884 Am.
1774 4831 1893 4887 Per-rino
1911 4836 2117 4900 reportationem
2137 4833 2173 4890 de

1201 4901 1493 5024 ,Offi”'}⁸⁰1,'⁶⁰⁰⁶⁰”d⁰
1509 4900 1724 4956 committendam
1741 4915 1804 4956 esee
1848 4901 1905 4957 Bes
1927 4901 2046 4956 nondun
2064 4901 2102 4956 ad
2115 4902 2173 4972 ple·

1232 4987 1258 5024 ru
1295 4987 1309 5023 e
1339 4976 1375 5024 to.

1302 5038 1333 5098 3)
1352 5039 1410 5094 sia!

1302 5106 1333 5168 4)
1353 5105 1494 5161 Morunda
1509 5112 1535 5160 et
1553 5104 1717 5172 Muraertio,
1734 5106 1769 5170 rs.
1789 5107 1825 5161 N.
1842 5104 1902 5160 232.
1940 5104 2034 5175 Ropet,
2047 5123 2077 5175 p.
2094 5105 2156 5163 273.

1303 5173 1334 5240 b)
1360 5175 1472 5232 Videtur
1492 5175 1579 5240 lause
1602 5172 1710 5230 Fortiti
1731 5171 1870 5243 antropos
1892 5175 2002 5242 mulier,
2030 5189 2052 5230 t.
2075 5175 2173 5232 dom

1201 5244 1374 5300 administra.
