<?xml version="1.0" encoding="UTF-8"?>
<!DOCTYPE html PUBLIC "-//W3C//DTD XHTML 1.0 Transitional//EN"
    "http://www.w3.org/TR/xhtml1/DTD/xhtml1-transitional.dtd">
<html xmlns="http://www.w3.org/1999/xhtml" xml:lang="en" lang="en">
 <head>
  <title>
</title>
<meta http-equiv="Content-Type" content="text/html;charset=utf-8" />
  <meta name='ocr-system' content='tesseract 3.04.00' />
  <meta name='ocr-capabilities' content='ocr_page ocr_carea ocr_par ocr_line ocrx_word'/>
</head>
<body>
  <div class='ocr_page' id='page_1' title='image "./ioanniscalvinio04reusgoog_0406.png"; bbox 0 0 4898 5970; ppageno 0'>
   <div class='ocr_carea' id='block_1_1' title="bbox 154 309 2146 414">
    <p class='ocr_par' dir='ltr' id='par_1_1' title="bbox 154 309 2146 414">
     <span class='ocr_line' id='line_1_1' title="bbox 154 309 2146 414; baseline 0.003 -32"><span class='ocrx_word' id='word_1_1' title='bbox 154 322 215 382; x_wconf 74' lang='grc'><strong>786</strong></span> <span class='ocrx_word' id='word_1_2' title='bbox 586 371 592 385; x_wconf 89' lang='grc'>,</span> <span class='ocrx_word' id='word_1_3' title='bbox 771 409 772 414; x_wconf 11' lang='lat'>¹</span> <span class='ocrx_word' id='word_1_4' title='bbox 998 315 1079 376; x_wconf 75' lang='lat'>1544</span> <span class='ocrx_word' id='word_1_5' title='bbox 1100 309 1302 378; x_wconf 78' lang='lat' dir='ltr'><strong>DEOEMB.</strong></span> <span class='ocrx_word' id='word_1_6' title='bbox 2085 327 2146 388; x_wconf 85' lang='grc'><strong>786</strong></span> 
     </span>
    </p>
   </div>
   <div class='ocr_carea' id='block_1_2' title="bbox 68 499 2154 5120">
    <p class='ocr_par' dir='ltr' id='par_1_2' title="bbox 68 499 2154 5120">
     <span class='ocr_line' id='line_1_2' title="bbox 153 499 2149 590; baseline 0.004 -22"><span class='ocrx_word' id='word_1_7' title='bbox 153 511 221 584; x_wconf 88' lang='lat' dir='ltr'><strong>tus,</strong></span> <span class='ocrx_word' id='word_1_8' title='bbox 244 504 280 569; x_wconf 91' lang='lat' dir='ltr'><strong>in</strong></span> <span class='ocrx_word' id='word_1_9' title='bbox 302 507 463 586; x_wconf 89' lang='lat' dir='ltr'><strong>quantum</strong></span> <span class='ocrx_word' id='word_1_10' title='bbox 481 499 588 578; x_wconf 90' lang='lat' dir='ltr'><strong>Dens,</strong></span> <span class='ocrx_word' id='word_1_11' title='bbox 608 508 660 566; x_wconf 90' lang='lat' dir='ltr'><strong>est</strong></span> <span class='ocrx_word' id='word_1_12' title='bbox 679 521 700 566; x_wconf 91' lang='lat' dir='ltr'><strong>e</strong></span> <span class='ocrx_word' id='word_1_13' title='bbox 718 521 753 567; x_wconf 90' lang='lat' dir='ltr'><strong>se</strong></span> <span class='ocrx_word' id='word_1_14' title='bbox 770 501 851 583; x_wconf 87' lang='lat' dir='ltr'><strong>ipso,</strong></span> <span class='ocrx_word' id='word_1_15' title='bbox 874 519 951 584; x_wconf 87' lang='lat' dir='ltr'><strong>ergo</strong></span> <span class='ocrx_word' id='word_1_16' title='bbox 967 499 1123 571; x_wconf 68' lang='lat' dir='ltr'><strong>christus</strong></span> <span class='ocrx_word' id='word_1_17' title='bbox 1174 499 1291 565; x_wconf 86' lang='lat' dir='ltr'><strong>landae</strong></span> <span class='ocrx_word' id='word_1_18' title='bbox 1308 503 1549 566; x_wconf 82' lang='lat' dir='ltr'><strong>conhuversiac</strong></span> <span class='ocrx_word' id='word_1_19' title='bbox 1566 501 1762 568; x_wconf 88' lang='lat' dir='ltr'><strong>sufficerent.</strong></span> <span class='ocrx_word' id='word_1_20' title='bbox 1799 503 1902 571; x_wconf 81' lang='lat' dir='ltr'><strong>(laius</strong></span> <span class='ocrx_word' id='word_1_21' title='bbox 1920 509 2050 590; x_wconf 88' lang='lat' dir='ltr'><strong>generis</strong></span> <span class='ocrx_word' id='word_1_22' title='bbox 2067 517 2149 576; x_wconf 89' lang='lat' dir='ltr'><strong>sunt</strong></span> 
     </span>
     <span class='ocr_line' id='line_1_3' title="bbox 154 585 2148 674; baseline 0.003 -17"><span class='ocrx_word' id='word_1_23' title='bbox 154 601 204 657; x_wconf 88' lang='lat' dir='ltr'><strong>est</strong></span> <span class='ocrx_word' id='word_1_24' title='bbox 225 609 246 655; x_wconf 88' lang='lat' dir='ltr'><strong>a</strong></span> <span class='ocrx_word' id='word_1_25' title='bbox 266 611 301 656; x_wconf 90' lang='lat' dir='ltr'><strong>se</strong></span> <span class='ocrx_word' id='word_1_26' title='bbox 322 589 402 672; x_wconf 92' lang='lat' dir='ltr'><strong>ipso.</strong></span> <span class='ocrx_word' id='word_1_27' title='bbox 447 587 539 653; x_wconf 90' lang='lat' dir='ltr'><strong>Haeo</strong></span> <span class='ocrx_word' id='word_1_28' title='bbox 561 587 648 652; x_wconf 92' lang='lat' dir='ltr'><strong>enim</strong></span> <span class='ocrx_word' id='word_1_29' title='bbox 675 586 909 669; x_wconf 81' lang='lat' dir='ltr'><strong>exponentium</strong></span> <span class='ocrx_word' id='word_1_30' title='bbox 937 587 1043 668; x_wconf 89' lang='lat' dir='ltr'><strong>prima</strong></span> <span class='ocrx_word' id='word_1_31' title='bbox 1064 594 1124 650; x_wconf 84' lang='lat' dir='ltr'><strong>est</strong></span> <span class='ocrx_word' id='word_1_32' title='bbox 1174 585 1269 652; x_wconf 90' lang='lat' dir='ltr'><strong>haee:</strong></span> <span class='ocrx_word' id='word_1_33' title='bbox 1294 586 1394 662; x_wconf 89' lang='lat' dir='ltr'><strong>Deus,</strong></span> <span class='ocrx_word' id='word_1_34' title='bbox 1420 595 1579 668; x_wconf 86' lang='lat' dir='ltr'><strong>qnatenus</strong></span> <span class='ocrx_word' id='word_1_35' title='bbox 1600 588 1636 651; x_wconf 94' lang='lat' dir='ltr'><strong>in</strong></span> <span class='ocrx_word' id='word_1_36' title='bbox 1658 588 1791 654; x_wconf 87' lang='lat' dir='ltr'><strong>Ohristo</strong></span> <span class='ocrx_word' id='word_1_37' title='bbox 1812 611 1873 656; x_wconf 86' lang='lat' dir='ltr'><strong>nos</strong></span> <span class='ocrx_word' id='word_1_38' title='bbox 1893 593 2057 674; x_wconf 86' lang='lat' dir='ltr'><strong>iustificat,</strong></span> <span class='ocrx_word' id='word_1_39' title='bbox 2078 617 2148 662; x_wconf 93' lang='lat' dir='ltr'><strong>non</strong></span> 
     </span>
     <span class='ocr_line' id='line_1_4' title="bbox 152 670 2145 760; baseline 0.002 -18"><span class='ocrx_word' id='word_1_40' title='bbox 152 675 299 743; x_wconf 81' lang='lat' dir='ltr'><strong>Deinde:</strong></span> <span class='ocrx_word' id='word_1_41' title='bbox 321 673 483 752; x_wconf 76' lang='lat' dir='ltr'><strong>Christus,</strong></span> <span class='ocrx_word' id='word_1_42' title='bbox 505 674 540 736; x_wconf 95' lang='lat' dir='ltr'><strong>in</strong></span> <span class='ocrx_word' id='word_1_43' title='bbox 562 683 720 755; x_wconf 90' lang='lat' dir='ltr'><strong>quantum</strong></span> <span class='ocrx_word' id='word_1_44' title='bbox 742 670 843 746; x_wconf 89' lang='lat' dir='ltr'><strong>Deus,</strong></span> <span class='ocrx_word' id='word_1_45' title='bbox 873 681 923 736; x_wconf 90' lang='lat' dir='ltr'><strong>cst</strong></span> <span class='ocrx_word' id='word_1_46' title='bbox 944 690 964 735; x_wconf 90' lang='lat' dir='ltr'><strong>e</strong></span> <span class='ocrx_word' id='word_1_47' title='bbox 986 692 1021 736; x_wconf 92' lang='lat' dir='ltr'><strong>se</strong></span> <span class='ocrx_word' id='word_1_48' title='bbox 1042 671 1123 753; x_wconf 88' lang='lat' dir='ltr'><strong>ipso,</strong></span> <span class='ocrx_word' id='word_1_49' title='bbox 1175 681 1306 736; x_wconf 88' lang='lat' dir='ltr'><strong>exercet</strong></span> <span class='ocrx_word' id='word_1_50' title='bbox 1331 670 1489 736; x_wconf 91' lang='lat' dir='ltr'><strong>iudicium</strong></span> <span class='ocrx_word' id='word_1_51' title='bbox 1522 672 1679 739; x_wconf 86' lang='lat' dir='ltr'><strong>adversus</strong></span> <span class='ocrx_word' id='word_1_52' title='bbox 1711 676 1829 760; x_wconf 91' lang='lat' dir='ltr'><strong>impios</strong></span> <span class='ocrx_word' id='word_1_53' title='bbox 1855 685 1916 744; x_wconf 90' lang='lat' dir='ltr'><strong>etc.</strong></span> <span class='ocrx_word' id='word_1_54' title='bbox 1967 677 1998 743; x_wconf 93' lang='grc' dir='ltr'>Ο</span> <span class='ocrx_word' id='word_1_55' title='bbox 2026 701 2145 746; x_wconf 84' lang='lat' dir='ltr'><strong>novem</strong></span> 
     </span>
     <span class='ocr_line' id='line_1_5' title="bbox 154 757 2148 848; baseline 0.001 -19"><span class='ocrx_word' id='word_1_56' title='bbox 154 784 231 848; x_wconf 89' lang='lat' dir='ltr'><strong>ergo</strong></span> <span class='ocrx_word' id='word_1_57' title='bbox 254 761 407 828; x_wconf 86' lang='lat' dir='ltr'><strong>Ohristus</strong></span> <span class='ocrx_word' id='word_1_58' title='bbox 428 768 478 825; x_wconf 91' lang='lat' dir='ltr'><strong>est</strong></span> <span class='ocrx_word' id='word_1_59' title='bbox 499 757 600 822; x_wconf 86' lang='lat' dir='ltr'><strong>Dens.</strong></span> <span class='ocrx_word' id='word_1_60' title='bbox 643 758 736 823; x_wconf 88' lang='lat' dir='ltr'><strong>Haeo</strong></span> <span class='ocrx_word' id='word_1_61' title='bbox 755 758 990 842; x_wconf 81' lang='lat' dir='ltr'><strong>exponentium</strong></span> <span class='ocrx_word' id='word_1_62' title='bbox 1012 758 1056 831; x_wconf 91' lang='lat' dir='ltr'><strong>(si</strong></span> <span class='ocrx_word' id='word_1_63' title='bbox 1072 777 1125 821; x_wconf 93' lang='lat' dir='ltr'><strong>me</strong></span> <span class='ocrx_word' id='word_1_64' title='bbox 1175 757 1422 839; x_wconf 88' lang='lat' dir='ltr'><strong>consequentias</strong></span> <span class='ocrx_word' id='word_1_65' title='bbox 1454 757 1607 822; x_wconf 90' lang='lat' dir='ltr'><strong>eludendi</strong></span> <span class='ocrx_word' id='word_1_66' title='bbox 1645 761 1820 825; x_wconf 87' lang='lat' dir='ltr'><strong>retioncml</strong></span> <span class='ocrx_word' id='word_1_67' title='bbox 1865 763 1917 828; x_wconf 92' lang='lat' dir='ltr'><strong>De</strong></span> <span class='ocrx_word' id='word_1_68' title='bbox 1949 764 2148 830; x_wconf 86' lang='lat' dir='ltr'><strong>effirmetiva</strong></span> 
     </span>
     <span class='ocr_line' id='line_1_6' title="bbox 153 842 2149 934; baseline 0.001 -19"><span class='ocrx_word' id='word_1_69' title='bbox 153 869 226 915; x_wconf 90' lang='lat' dir='ltr'><strong>rece</strong></span> <span class='ocrx_word' id='word_1_70' title='bbox 250 847 376 914; x_wconf 90' lang='lat' dir='ltr'><strong>tissima</strong></span> <span class='ocrx_word' id='word_1_71' title='bbox 402 845 643 910; x_wconf 86' lang='lat' dir='ltr'><strong>dialecticorum</strong></span> <span class='ocrx_word' id='word_1_72' title='bbox 676 843 790 927; x_wconf 88' lang='lat' dir='ltr'><strong>regule</strong></span> <span class='ocrx_word' id='word_1_73' title='bbox 822 863 887 908; x_wconf 93' lang='lat' dir='ltr'><strong>non</strong></span> <span class='ocrx_word' id='word_1_74' title='bbox 914 842 1043 925; x_wconf 89' lang='lat' dir='ltr'><strong>fefellit)</strong></span> <span class='ocrx_word' id='word_1_75' title='bbox 1074 863 1124 908; x_wconf 92' lang='lat' dir='ltr'><strong>se·</strong></span> <span class='ocrx_word' id='word_1_76' title='bbox 1175 852 1461 908; x_wconf 75' lang='lat' dir='ltr'><strong>controversemur</strong></span> <span class='ocrx_word' id='word_1_77' title='bbox 1487 852 1521 908; x_wconf 89' lang='grc' dir='ltr'><strong>ει</strong></span> <span class='ocrx_word' id='word_1_78' title='bbox 1547 845 1679 910; x_wconf 87' lang='lat' dir='ltr'><strong>interim</strong></span> <span class='ocrx_word' id='word_1_79' title='bbox 1708 847 1802 912; x_wconf 90' lang='lat' dir='ltr'><strong>nobis</strong></span> <span class='ocrx_word' id='word_1_80' title='bbox 1831 850 2004 932; x_wconf 84' lang='lat' dir='ltr'><strong>negativas</strong></span> <span class='ocrx_word' id='word_1_81' title='bbox 2026 851 2149 934; x_wconf 79' lang='lat' dir='ltr'><strong>aliquot</strong></span> 
     </span>
     <span class='ocr_line' id='line_1_7' title="bbox 154 869 2147 1014; baseline -0.001 -13"><span class='ocrx_word' id='word_1_82' title='bbox 154 869 262 1002; x_wconf 68' lang='lat' dir='ltr'><strong>euntia</strong></span> <span class='ocrx_word' id='word_1_83' title='bbox 283 941 342 1008; x_wconf 90' lang='grc' dir='ltr'>εει,</span> <span class='ocrx_word' id='word_1_84' title='bbox 371 951 468 1014; x_wconf 87' lang='lat' dir='ltr'><strong>quem</strong></span> <span class='ocrx_word' id='word_1_85' title='bbox 494 929 604 994; x_wconf 90' lang='lat' dir='ltr'><strong>neseio</strong></span> <span class='ocrx_word' id='word_1_86' title='bbox 631 949 695 1012; x_wconf 93' lang='lat' dir='ltr'><strong>quo</strong></span> <span class='ocrx_word' id='word_1_87' title='bbox 717 930 847 994; x_wconf 88' lang='lat' dir='ltr'><strong>afflatus</strong></span> <span class='ocrx_word' id='word_1_88' title='bbox 868 929 984 1011; x_wconf 90' lang='lat' dir='ltr'><strong>spiritu</strong></span> <span class='ocrx_word' id='word_1_89' title='bbox 1006 928 1125 993; x_wconf 88' lang='lat' dir='ltr'><strong>asseris</strong></span> <span class='ocrx_word' id='word_1_90' title='bbox 1175 927 1332 993; x_wconf 92' lang='lat' dir='ltr'><strong>obtrudis.</strong></span> <span class='ocrx_word' id='word_1_91' title='bbox 1376 929 1523 994; x_wconf 87' lang='lat' dir='ltr'><strong>Putasne</strong></span> <span class='ocrx_word' id='word_1_92' title='bbox 1545 951 1604 996; x_wconf 89' lang='lat' dir='ltr'><strong>nos</strong></span> <span class='ocrx_word' id='word_1_93' title='bbox 1626 939 1693 994; x_wconf 89' lang='lat' dir='ltr'><strong>tem</strong></span> <span class='ocrx_word' id='word_1_94' title='bbox 1715 932 1891 998; x_wconf 90' lang='lat' dir='ltr'><strong>infeliciter</strong></span> <span class='ocrx_word' id='word_1_95' title='bbox 1911 936 1946 999; x_wconf 93' lang='lat' dir='ltr'><strong>in</strong></span> <span class='ocrx_word' id='word_1_96' title='bbox 1971 935 2147 1002; x_wconf 80' lang='lat' dir='ltr'><strong>dialecticis</strong></span> 
     </span>
     <span class='ocr_line' id='line_1_8' title="bbox 154 1013 2146 1104; baseline -0.001 -18"><span class='ocrx_word' id='word_1_97' title='bbox 154 1041 221 1086; x_wconf 90' lang='lat' dir='ltr'><strong>non</strong></span> <span class='ocrx_word' id='word_1_98' title='bbox 243 1018 443 1102; x_wconf 88' lang='lat' dir='ltr'><strong>simpliciter,</strong></span> <span class='ocrx_word' id='word_1_99' title='bbox 465 1016 522 1082; x_wconf 90' lang='lat' dir='ltr'><strong>sed</strong></span> <span class='ocrx_word' id='word_1_100' title='bbox 544 1013 723 1080; x_wconf 87' lang='lat' dir='ltr'><strong>seeundum</strong></span> <span class='ocrx_word' id='word_1_101' title='bbox 740 1013 818 1098; x_wconf 92' lang='lat' dir='ltr'><strong>quid</strong></span> <span class='ocrx_word' id='word_1_102' title='bbox 835 1014 952 1079; x_wconf 90' lang='lat' dir='ltr'><strong>debere</strong></span> <span class='ocrx_word' id='word_1_103' title='bbox 973 1013 1123 1097; x_wconf 81' lang='lat' dir='ltr'><strong>intelligi.</strong></span> <span class='ocrx_word' id='word_1_104' title='bbox 1175 1023 1331 1088; x_wconf 88' lang='lat' dir='ltr'><strong>versatos,</strong></span> <span class='ocrx_word' id='word_1_105' title='bbox 1354 1023 1392 1078; x_wconf 92' lang='lat' dir='ltr'><strong>ut</strong></span> <span class='ocrx_word' id='word_1_106' title='bbox 1413 1035 1434 1079; x_wconf 93' lang='lat' dir='ltr'><strong>e</strong></span> <span class='ocrx_word' id='word_1_107' title='bbox 1454 1021 1487 1077; x_wconf 89' lang='lat' dir='ltr'><strong>te</strong></span> <span class='ocrx_word' id='word_1_108' title='bbox 1508 1025 1576 1078; x_wconf 77' lang='grc' dir='ltr'>ιιιιι</span> <span class='ocrx_word' id='word_1_109' title='bbox 1598 1015 1692 1080; x_wconf 84' lang='lat' dir='ltr'><strong>facile</strong></span> <span class='ocrx_word' id='word_1_110' title='bbox 1713 1019 1806 1083; x_wconf 93' lang='lat' dir='ltr'><strong>nobis</strong></span> <span class='ocrx_word' id='word_1_111' title='bbox 1827 1020 1973 1086; x_wconf 87' lang='lat' dir='ltr'><strong>sinamus</strong></span> <span class='ocrx_word' id='word_1_112' title='bbox 2000 1023 2146 1104; x_wconf 78' lang='lat' dir='ltr'><strong>imponi?</strong></span> 
     </span>
     <span class='ocr_line' id='line_1_9' title="bbox 154 1098 2146 1186; baseline 0.001 -15"><span class='ocrx_word' id='word_1_113' title='bbox 154 1107 281 1183; x_wconf 90' lang='lat' dir='ltr'><strong>Profer,</strong></span> <span class='ocrx_word' id='word_1_114' title='bbox 311 1105 453 1181; x_wconf 91' lang='lat' dir='ltr'><strong>obsecro,</strong></span> <span class='ocrx_word' id='word_1_115' title='bbox 481 1101 685 1166; x_wconf 90' lang='lat' dir='ltr'><strong>intellectum</strong></span> <span class='ocrx_word' id='word_1_116' title='bbox 713 1101 807 1165; x_wconf 92' lang='lat' dir='ltr'><strong>illum</strong></span> <span class='ocrx_word' id='word_1_117' title='bbox 834 1098 1014 1165; x_wconf 89' lang='lat' dir='ltr'><strong>secundum</strong></span> <span class='ocrx_word' id='word_1_118' title='bbox 1037 1098 1123 1181; x_wconf 90' lang='lat' dir='ltr'><strong>quid,</strong></span> <span class='ocrx_word' id='word_1_119' title='bbox 1261 1098 1390 1163; x_wconf 89' lang='lat' dir='ltr'><strong>Nedum</strong></span> <span class='ocrx_word' id='word_1_120' title='bbox 1410 1101 1444 1164; x_wconf 93' lang='lat' dir='ltr'><strong>in</strong></span> <span class='ocrx_word' id='word_1_121' title='bbox 1463 1101 1664 1182; x_wconf 89' lang='lat' dir='ltr'><strong>proferendis</strong></span> <span class='ocrx_word' id='word_1_122' title='bbox 1680 1104 1840 1186; x_wconf 91' lang='lat' dir='ltr'><strong>exemplis</strong></span> <span class='ocrx_word' id='word_1_123' title='bbox 1850 1103 2072 1186; x_wconf 85' lang='lat' dir='ltr'><strong>hallucineris,</strong></span> <span class='ocrx_word' id='word_1_124' title='bbox 2089 1109 2146 1173; x_wconf 86' lang='lat' dir='ltr'><strong>sed</strong></span> 
     </span>
     <span class='ocr_line' id='line_1_10' title="bbox 155 1184 2147 1276; baseline 0.002 -20"><span class='ocrx_word' id='word_1_125' title='bbox 155 1201 189 1256; x_wconf 93' lang='lat' dir='ltr'><strong>et</strong></span> <span class='ocrx_word' id='word_1_126' title='bbox 206 1193 270 1256; x_wconf 87' lang='lat' dir='ltr'><strong>eris</strong></span> <span class='ocrx_word' id='word_1_127' title='bbox 287 1190 382 1254; x_wconf 89' lang='lat' dir='ltr'><strong>nobis</strong></span> <span class='ocrx_word' id='word_1_128' title='bbox 399 1207 540 1270; x_wconf 87' lang='lat' dir='ltr'><strong>magnus</strong></span> <span class='ocrx_word' id='word_1_129' title='bbox 558 1186 688 1270; x_wconf 80' lang='lat' dir='ltr'><strong>Apollo:</strong></span> <span class='ocrx_word' id='word_1_130' title='bbox 708 1205 913 1268; x_wconf 89' lang='lat' dir='ltr'><strong>summopere</strong></span> <span class='ocrx_word' id='word_1_131' title='bbox 924 1184 1012 1250; x_wconf 92' lang='lat' dir='ltr'><strong>enim</strong></span> <span class='ocrx_word' id='word_1_132' title='bbox 1030 1184 1125 1249; x_wconf 93' lang='lat' dir='ltr'><strong>illum</strong></span> <span class='ocrx_word' id='word_1_133' title='bbox 1176 1195 1209 1248; x_wconf 90' lang='lat' dir='ltr'><strong>et</strong></span> <span class='ocrx_word' id='word_1_134' title='bbox 1226 1184 1493 1268; x_wconf 88' lang='lat' dir='ltr'><strong>exponendorum</strong></span> <span class='ocrx_word' id='word_1_135' title='bbox 1504 1187 1727 1268; x_wconf 90' lang='lat' dir='ltr'><strong>exemplorum</strong></span> <span class='ocrx_word' id='word_1_136' title='bbox 1745 1209 1864 1272; x_wconf 90' lang='lat' dir='ltr'><strong>aequas</strong></span> <span class='ocrx_word' id='word_1_137' title='bbox 1874 1191 1963 1276; x_wconf 89' lang='lat' dir='ltr'><strong>leges</strong></span> <span class='ocrx_word' id='word_1_138' title='bbox 1974 1213 2042 1257; x_wconf 92' lang='lat' dir='ltr'><strong>non</strong></span> <span class='ocrx_word' id='word_1_139' title='bbox 2059 1213 2147 1259; x_wconf 88' lang='lat' dir='ltr'><strong>assc-</strong></span> 
     </span>
     <span class='ocr_line' id='line_1_11' title="bbox 68 1269 2147 1360; baseline 0 -17"><span class='ocrx_word' id='word_1_140' title='bbox 68 1341 73 1354; x_wconf 85' lang='grc'>,</span> <span class='ocrx_word' id='word_1_141' title='bbox 155 1276 331 1360; x_wconf 90' lang='lat' dir='ltr'><strong>expenduli</strong></span> <span class='ocrx_word' id='word_1_142' title='bbox 352 1274 573 1340; x_wconf 87' lang='lat' dir='ltr'><strong>desideramus</strong></span> <span class='ocrx_word' id='word_1_143' title='bbox 601 1271 724 1337; x_wconf 88' lang='lat' dir='ltr'><strong>audire.</strong></span> <span class='ocrx_word' id='word_1_144' title='bbox 768 1271 938 1336; x_wconf 85' lang='lat' dir='ltr'><strong>Articulus</strong></span> <span class='ocrx_word' id='word_1_145' title='bbox 960 1269 1035 1335; x_wconf 87' lang='lat' dir='ltr'><strong>fidei</strong></span> <span class='ocrx_word' id='word_1_146' title='bbox 1057 1278 1122 1336; x_wconf 86' lang='lat' dir='ltr'><strong>est:</strong></span> <span class='ocrx_word' id='word_1_147' title='bbox 1176 1271 1295 1353; x_wconf 89' lang='lat' dir='ltr'><strong>queris.</strong></span> <span class='ocrx_word' id='word_1_148' title='bbox 1345 1271 1414 1336; x_wconf 89' lang='lat' dir='ltr'><strong>Neo</strong></span> <span class='ocrx_word' id='word_1_149' title='bbox 1442 1273 1529 1335; x_wconf 91' lang='lat' dir='ltr'><strong>enim</strong></span> <span class='ocrx_word' id='word_1_150' title='bbox 1559 1291 1597 1336; x_wconf 89' lang='lat' dir='ltr'><strong>ca</strong></span> <span class='ocrx_word' id='word_1_151' title='bbox 1623 1272 1695 1356; x_wconf 88' lang='lat' dir='ltr'><strong>lege</strong></span> <span class='ocrx_word' id='word_1_152' title='bbox 1724 1295 1881 1356; x_wconf 83' lang='lat' dir='ltr'><strong>quaeum</strong></span> <span class='ocrx_word' id='word_1_153' title='bbox 1904 1299 2147 1360; x_wconf 91' lang='lat' dir='ltr'><strong>proquecon·</strong></span> 
     </span>
     <span class='ocr_line' id='line_1_12' title="bbox 155 1357 2147 1444; baseline 0.001 -16"><span class='ocrx_word' id='word_1_154' title='bbox 155 1364 309 1429; x_wconf 85' lang='lat' dir='ltr'><strong>Christus</strong></span> <span class='ocrx_word' id='word_1_155' title='bbox 330 1371 381 1426; x_wconf 91' lang='lat' dir='ltr'><strong>est</strong></span> <span class='ocrx_word' id='word_1_156' title='bbox 402 1359 503 1438; x_wconf 89' lang='lat' dir='ltr'><strong>Deus,</strong></span> <span class='ocrx_word' id='word_1_157' title='bbox 526 1379 622 1441; x_wconf 91' lang='lat' dir='ltr'><strong>quem</strong></span> <span class='ocrx_word' id='word_1_158' title='bbox 644 1357 738 1423; x_wconf 91' lang='lat' dir='ltr'><strong>nobis</strong></span> <span class='ocrx_word' id='word_1_159' title='bbox 757 1357 911 1422; x_wconf 89' lang='lat' dir='ltr'><strong>boeotiois</strong></span> <span class='ocrx_word' id='word_1_160' title='bbox 932 1357 1125 1440; x_wconf 87' lang='lat' dir='ltr'><strong>aenigmati·</strong></span> <span class='ocrx_word' id='word_1_161' title='bbox 1176 1366 1398 1420; x_wconf 88' lang='lat' dir='ltr'><strong>troversemur</strong></span> <span class='ocrx_word' id='word_1_162' title='bbox 1411 1358 1463 1434; x_wconf 74' lang='grc'><strong>18),</strong></span> <span class='ocrx_word' id='word_1_163' title='bbox 1485 1357 1628 1438; x_wconf 80' lang='lat' dir='ltr'><strong>prolatas</strong></span> <span class='ocrx_word' id='word_1_164' title='bbox 1650 1379 1667 1422; x_wconf 92' lang='lat' dir='ltr'><strong>e</strong></span> <span class='ocrx_word' id='word_1_165' title='bbox 1689 1366 1722 1422; x_wconf 92' lang='lat' dir='ltr'><strong>te</strong></span> <span class='ocrx_word' id='word_1_166' title='bbox 1739 1367 1826 1424; x_wconf 88' lang='lat' dir='ltr'><strong>recte</strong></span> <span class='ocrx_word' id='word_1_167' title='bbox 1847 1365 2047 1444; x_wconf 83' lang='lat' dir='ltr'><strong>exposueris.</strong></span> <span class='ocrx_word' id='word_1_168' title='bbox 2080 1366 2147 1430; x_wconf 87' lang='lat' dir='ltr'><strong>De·</strong></span> 
     </span>
     <span class='ocr_line' id='line_1_13' title="bbox 154 1439 2148 1530; baseline 0 -15"><span class='ocrx_word' id='word_1_169' title='bbox 154 1451 215 1516; x_wconf 92' lang='lat' dir='ltr'><strong>bus</strong></span> <span class='ocrx_word' id='word_1_170' title='bbox 227 1449 289 1515; x_wconf 90' lang='lat' dir='ltr'><strong>hoc</strong></span> <span class='ocrx_word' id='word_1_171' title='bbox 305 1465 390 1512; x_wconf 85' lang='lat' dir='ltr'><strong>novo</strong></span> <span class='ocrx_word' id='word_1_172' title='bbox 408 1453 589 1512; x_wconf 88' lang='lat' dir='ltr'><strong>commento</strong></span> <span class='ocrx_word' id='word_1_173' title='bbox 606 1445 716 1528; x_wconf 91' lang='lat' dir='ltr'><strong>pergis</strong></span> <span class='ocrx_word' id='word_1_174' title='bbox 733 1441 870 1508; x_wconf 87' lang='lat' dir='ltr'><strong>reddere</strong></span> <span class='ocrx_word' id='word_1_175' title='bbox 896 1441 1123 1518; x_wconf 87' lang='lat' dir='ltr'><strong>obscuriorem,</strong></span> <span class='ocrx_word' id='word_1_176' title='bbox 1175 1439 1253 1506; x_wconf 88' lang='lat' dir='ltr'><strong>inde</strong></span> <span class='ocrx_word' id='word_1_177' title='bbox 1275 1441 1391 1524; x_wconf 90' lang='lat' dir='ltr'><strong>cogite,</strong></span> <span class='ocrx_word' id='word_1_178' title='bbox 1412 1442 1600 1508; x_wconf 92' lang='lat' dir='ltr'><strong>huiusmodi</strong></span> <span class='ocrx_word' id='word_1_179' title='bbox 1616 1445 1789 1526; x_wconf 86' lang='lat' dir='ltr'><strong>perplexas</strong></span> <span class='ocrx_word' id='word_1_180' title='bbox 1806 1448 2042 1530; x_wconf 91' lang='lat' dir='ltr'><strong>propositiones</strong></span> <span class='ocrx_word' id='word_1_181' title='bbox 2064 1471 2148 1515; x_wconf 92' lang='lat' dir='ltr'><strong>non-</strong></span> 
     </span>
     <span class='ocr_line' id='line_1_14' title="bbox 156 1527 2149 1619; baseline 0.001 -19"><span class='ocrx_word' id='word_1_182' title='bbox 156 1555 252 1619; x_wconf 84' lang='lat' dir='ltr'><strong>quam</strong></span> <span class='ocrx_word' id='word_1_183' title='bbox 270 1533 509 1618; x_wconf 89' lang='lat' dir='ltr'><strong>apertissimum</strong></span> <span class='ocrx_word' id='word_1_184' title='bbox 528 1551 598 1596; x_wconf 89' lang='lat' dir='ltr'><strong>csse</strong></span> <span class='ocrx_word' id='word_1_185' title='bbox 615 1527 837 1596; x_wconf 78' lang='lat' dir='ltr'><strong>conveniebat.</strong></span> <span class='ocrx_word' id='word_1_186' title='bbox 880 1527 938 1594; x_wconf 90' lang='lat' dir='ltr'><strong>Uti</strong></span> <span class='ocrx_word' id='word_1_187' title='bbox 958 1528 1044 1592; x_wconf 89' lang='lat' dir='ltr'><strong>enim</strong></span> <span class='ocrx_word' id='word_1_188' title='bbox 1063 1527 1125 1592; x_wconf 90' lang='lat' dir='ltr'><strong>sci·</strong></span> <span class='ocrx_word' id='word_1_189' title='bbox 1176 1547 1343 1609; x_wconf 88' lang='lat' dir='ltr'><strong>nunquam</strong></span> <span class='ocrx_word' id='word_1_190' title='bbox 1383 1528 1489 1610; x_wconf 91' lang='lat' dir='ltr'><strong>gratie</strong></span> <span class='ocrx_word' id='word_1_191' title='bbox 1521 1529 1738 1606; x_wconf 87' lang='lat' dir='ltr'><strong>causalitetis,</strong></span> <span class='ocrx_word' id='word_1_192' title='bbox 1776 1553 2009 1614; x_wconf 87' lang='lat' dir='ltr'><strong>nonnunquam</strong></span> <span class='ocrx_word' id='word_1_193' title='bbox 2042 1537 2149 1618; x_wconf 87' lang='lat' dir='ltr'><strong>gretia</strong></span> 
     </span>
     <span class='ocr_line' id='line_1_15' title="bbox 155 1613 2147 1701; baseline -0.001 -15"><span class='ocrx_word' id='word_1_194' title='bbox 155 1621 319 1687; x_wconf 89' lang='lat' dir='ltr'><strong>entierum</strong></span> <span class='ocrx_word' id='word_1_195' title='bbox 339 1619 447 1701; x_wconf 88' lang='lat' dir='ltr'><strong>prime</strong></span> <span class='ocrx_word' id='word_1_196' title='bbox 468 1616 628 1700; x_wconf 89' lang='lat' dir='ltr'><strong>principia</strong></span> <span class='ocrx_word' id='word_1_197' title='bbox 646 1615 852 1680; x_wconf 88' lang='lat' dir='ltr'><strong>obscuritatis</strong></span> <span class='ocrx_word' id='word_1_198' title='bbox 879 1613 963 1678; x_wconf 89' lang='lat' dir='ltr'><strong>nihil</strong></span> <span class='ocrx_word' id='word_1_199' title='bbox 990 1613 1127 1678; x_wconf 87' lang='lat' dir='ltr'><strong>circum·</strong></span> <span class='ocrx_word' id='word_1_200' title='bbox 1175 1613 1445 1678; x_wconf 88' lang='lat' dir='ltr'><strong>concomitantiae</strong></span> <span class='ocrx_word' id='word_1_201' title='bbox 1459 1615 1591 1697; x_wconf 86' lang='lat' dir='ltr'><strong>exponi,</strong></span> <span class='ocrx_word' id='word_1_202' title='bbox 1613 1613 1804 1698; x_wconf 89' lang='lat' dir='ltr'><strong>dequarum</strong></span> <span class='ocrx_word' id='word_1_203' title='bbox 1825 1620 2037 1701; x_wconf 83' lang='lat' dir='ltr'><strong>expositione,</strong></span> <span class='ocrx_word' id='word_1_204' title='bbox 2056 1622 2085 1686; x_wconf 90' lang='lat' dir='ltr'><strong>si</strong></span> <span class='ocrx_word' id='word_1_205' title='bbox 2106 1621 2147 1684; x_wconf 95' lang='lat' dir='ltr'><strong>li·</strong></span> 
     </span>
     <span class='ocr_line' id='line_1_16' title="bbox 155 1701 2147 1787; baseline -0.001 -15"><span class='ocrx_word' id='word_1_206' title='bbox 155 1708 263 1772; x_wconf 91' lang='lat' dir='ltr'><strong>ferant</strong></span> <span class='ocrx_word' id='word_1_207' title='bbox 279 1712 415 1787; x_wconf 90' lang='lat' dir='ltr'><strong>oportet,</strong></span> <span class='ocrx_word' id='word_1_208' title='bbox 436 1703 556 1781; x_wconf 87' lang='lat' dir='ltr'><strong>alioqui</strong></span> <span class='ocrx_word' id='word_1_209' title='bbox 576 1701 681 1783; x_wconf 90' lang='lat' dir='ltr'><strong>prima</strong></span> <span class='ocrx_word' id='word_1_210' title='bbox 698 1701 859 1783; x_wconf 88' lang='lat' dir='ltr'><strong>principia</strong></span> <span class='ocrx_word' id='word_1_211' title='bbox 876 1720 947 1764; x_wconf 91' lang='lat' dir='ltr'><strong>esse</strong></span> <span class='ocrx_word' id='word_1_212' title='bbox 964 1719 1031 1763; x_wconf 92' lang='lat' dir='ltr'><strong>non</strong></span> <span class='ocrx_word' id='word_1_213' title='bbox 1051 1718 1125 1780; x_wconf 90' lang='lat' dir='ltr'><strong>pos·</strong></span> <span class='ocrx_word' id='word_1_214' title='bbox 1176 1707 1265 1764; x_wconf 90' lang='lat' dir='ltr'><strong>ceret</strong></span> <span class='ocrx_word' id='word_1_215' title='bbox 1281 1717 1517 1780; x_wconf 88' lang='lat' dir='ltr'><strong>repuerascere,</strong></span> <span class='ocrx_word' id='word_1_216' title='bbox 1535 1701 1676 1765; x_wconf 89' lang='lat' dir='ltr'><strong>multae</strong></span> <span class='ocrx_word' id='word_1_217' title='bbox 1694 1723 1746 1766; x_wconf 93' lang='lat' dir='ltr'><strong>me</strong></span> <span class='ocrx_word' id='word_1_218' title='bbox 1764 1703 1822 1768; x_wconf 90' lang='lat' dir='ltr'><strong>tihi</strong></span> <span class='ocrx_word' id='word_1_219' title='bbox 1841 1702 2012 1769; x_wconf 89' lang='lat' dir='ltr'><strong>scribenda</strong></span> <span class='ocrx_word' id='word_1_220' title='bbox 2028 1707 2147 1786; x_wconf 89' lang='lat' dir='ltr'><strong>forent,</strong></span> 
     </span>
     <span class='ocr_line' id='line_1_17' title="bbox 156 1783 2149 1873; baseline 0 -15"><span class='ocrx_word' id='word_1_221' title='bbox 156 1801 248 1868; x_wconf 91' lang='lat' dir='ltr'><strong>sunt,</strong></span> <span class='ocrx_word' id='word_1_222' title='bbox 282 1791 328 1856; x_wconf 92' lang='lat' dir='ltr'><strong>sic</strong></span> <span class='ocrx_word' id='word_1_223' title='bbox 356 1799 389 1854; x_wconf 87' lang='lat' dir='ltr'><strong>et</strong></span> <span class='ocrx_word' id='word_1_224' title='bbox 414 1788 491 1854; x_wconf 85' lang='lat' dir='ltr'><strong>fidei</strong></span> <span class='ocrx_word' id='word_1_225' title='bbox 520 1786 673 1853; x_wconf 85' lang='lat' dir='ltr'><strong>articulos</strong></span> <span class='ocrx_word' id='word_1_226' title='bbox 700 1787 741 1852; x_wconf 89' lang='lat' dir='ltr'><strong>ab</strong></span> <span class='ocrx_word' id='word_1_227' title='bbox 768 1786 856 1850; x_wconf 92' lang='lat' dir='ltr'><strong>omni</strong></span> <span class='ocrx_word' id='word_1_228' title='bbox 884 1783 1126 1868; x_wconf 75' lang='lat' dir='ltr'><strong>amphibologia</strong></span> <span class='ocrx_word' id='word_1_229' title='bbox 1176 1804 1243 1848; x_wconf 95' lang='lat' dir='ltr'><strong>non</strong></span> <span class='ocrx_word' id='word_1_230' title='bbox 1264 1805 1327 1866; x_wconf 89' lang='lat' dir='ltr'><strong>quo</strong></span> <span class='ocrx_word' id='word_1_231' title='bbox 1350 1784 1515 1850; x_wconf 91' lang='lat' dir='ltr'><strong>hominem</strong></span> <span class='ocrx_word' id='word_1_232' title='bbox 1537 1786 1727 1852; x_wconf 88' lang='lat' dir='ltr'><strong>melioribus</strong></span> <span class='ocrx_word' id='word_1_233' title='bbox 1748 1787 1865 1852; x_wconf 90' lang='lat' dir='ltr'><strong>studiis</strong></span> <span class='ocrx_word' id='word_1_234' title='bbox 1881 1799 2074 1873; x_wconf 90' lang='lat' dir='ltr'><strong>occupatum</strong></span> <span class='ocrx_word' id='word_1_235' title='bbox 2096 1813 2149 1858; x_wconf 88' lang='lat' dir='ltr'><strong>re·</strong></span> 
     </span>
     <span class='ocr_line' id='line_1_18' title="bbox 155 1869 2149 1961; baseline 0.008 -35"><span class='ocrx_word' id='word_1_236' title='bbox 155 1885 284 1961; x_wconf 63' lang='lat' dir='ltr'><strong>oportet</strong></span> <span class='ocrx_word' id='word_1_237' title='bbox 305 1894 378 1941; x_wconf 64' lang='lat'><strong>0⁸20</strong></span> <span class='ocrx_word' id='word_1_238' title='bbox 398 1875 529 1939; x_wconf 67' lang='lat' dir='ltr'><strong>alienos,</strong></span> <span class='ocrx_word' id='word_1_239' title='bbox 1176 1889 1336 1947; x_wconf 88' lang='lat' dir='ltr'><strong>morarer,</strong></span> <span class='ocrx_word' id='word_1_240' title='bbox 1366 1869 1423 1934; x_wconf 92' lang='lat' dir='ltr'><strong>sed</strong></span> <span class='ocrx_word' id='word_1_241' title='bbox 1452 1879 1491 1935; x_wconf 93' lang='lat' dir='ltr'><strong>ut</strong></span> <span class='ocrx_word' id='word_1_242' title='bbox 1517 1873 1687 1936; x_wconf 88' lang='lat' dir='ltr'><strong>veritatem</strong></span> <span class='ocrx_word' id='word_1_243' title='bbox 1716 1873 1909 1956; x_wconf 88' lang='lat' dir='ltr'><strong>plerumque</strong></span> <span class='ocrx_word' id='word_1_244' title='bbox 1937 1878 2009 1940; x_wconf 90' lang='lat' dir='ltr'><strong>sine</strong></span> <span class='ocrx_word' id='word_1_245' title='bbox 2036 1877 2149 1942; x_wconf 87' lang='lat' dir='ltr'><strong>huius·</strong></span> 
     </span>
     <span class='ocr_line' id='line_1_19' title="bbox 241 1953 2146 2046; baseline 0.002 -20"><span class='ocrx_word' id='word_1_246' title='bbox 241 1963 367 2028; x_wconf 87' lang='lat' dir='ltr'><strong>Verum</strong></span> <span class='ocrx_word' id='word_1_247' title='bbox 388 1961 499 2026; x_wconf 88' lang='lat' dir='ltr'><strong>forsan</strong></span> <span class='ocrx_word' id='word_1_248' title='bbox 519 1958 573 2024; x_wconf 92' lang='lat' dir='ltr'><strong>hio</strong></span> <span class='ocrx_word' id='word_1_249' title='bbox 589 1959 624 2023; x_wconf 92' lang='lat' dir='ltr'><strong>in</strong></span> <span class='ocrx_word' id='word_1_250' title='bbox 646 1957 879 2041; x_wconf 84' lang='lat' dir='ltr'><strong>exponentium</strong></span> <span class='ocrx_word' id='word_1_251' title='bbox 896 1953 1010 2020; x_wconf 90' lang='lat' dir='ltr'><strong>ordine</strong></span> <span class='ocrx_word' id='word_1_252' title='bbox 1027 1953 1127 2020; x_wconf 90' lang='lat' dir='ltr'><strong>falsus</strong></span> <span class='ocrx_word' id='word_1_253' title='bbox 1177 1953 1265 2019; x_wconf 90' lang='lat' dir='ltr'><strong>modi</strong></span> <span class='ocrx_word' id='word_1_254' title='bbox 1283 1954 1406 2020; x_wconf 83' lang='lat' dir='ltr'><strong>levium</strong></span> <span class='ocrx_word' id='word_1_255' title='bbox 1424 1975 1536 2020; x_wconf 86' lang='lat' dir='ltr'><strong>rerum</strong></span> <span class='ocrx_word' id='word_1_256' title='bbox 1551 1957 1735 2040; x_wconf 74' lang='lat' dir='ltr'><strong>cognitione</strong></span> <span class='ocrx_word' id='word_1_257' title='bbox 1747 1955 1924 2041; x_wconf 84' lang='lat' dir='ltr'><strong>periclitari</strong></span> <span class='ocrx_word' id='word_1_258' title='bbox 1935 1961 2146 2046; x_wconf 90' lang='lat' dir='ltr'><strong>intelligeres.</strong></span> 
     </span>
     <span class='ocr_line' id='line_1_20' title="bbox 156 2039 2149 2128; baseline -0.001 -12"><span class='ocrx_word' id='word_1_259' title='bbox 156 2069 238 2116; x_wconf 91' lang='lat' dir='ltr'><strong>snm.</strong></span> <span class='ocrx_word' id='word_1_260' title='bbox 288 2049 374 2114; x_wconf 92' lang='lat' dir='ltr'><strong>Nam</strong></span> <span class='ocrx_word' id='word_1_261' title='bbox 403 2066 501 2128; x_wconf 92' lang='lat' dir='ltr'><strong>quem</strong></span> <span class='ocrx_word' id='word_1_262' title='bbox 528 2043 704 2109; x_wconf 90' lang='lat' dir='ltr'><strong>secundem</strong></span> <span class='ocrx_word' id='word_1_263' title='bbox 732 2063 822 2120; x_wconf 81' lang='lat' dir='ltr'><strong>voco,</strong></span> <span class='ocrx_word' id='word_1_264' title='bbox 850 2050 885 2105; x_wconf 89' lang='lat' dir='ltr'><strong>tu</strong></span> <span class='ocrx_word' id='word_1_265' title='bbox 914 2041 1053 2122; x_wconf 87' lang='lat' dir='ltr'><strong>primam</strong></span> <span class='ocrx_word' id='word_1_266' title='bbox 1074 2039 1126 2104; x_wconf 81' lang='lat' dir='ltr'><strong>vis</strong></span> <span class='ocrx_word' id='word_1_267' title='bbox 1176 2039 1292 2122; x_wconf 89' lang='lat' dir='ltr'><strong>Itaque</strong></span> <span class='ocrx_word' id='word_1_268' title='bbox 1316 2047 1391 2122; x_wconf 92' lang='lat' dir='ltr'><strong>post</strong></span> <span class='ocrx_word' id='word_1_269' title='bbox 1416 2041 1544 2123; x_wconf 89' lang='lat' dir='ltr'><strong>prolata</strong></span> <span class='ocrx_word' id='word_1_270' title='bbox 1568 2043 1726 2125; x_wconf 90' lang='lat' dir='ltr'><strong>exempla,</strong></span> <span class='ocrx_word' id='word_1_271' title='bbox 1755 2045 1872 2126; x_wconf 90' lang='lat' dir='ltr'><strong>quibus</strong></span> <span class='ocrx_word' id='word_1_272' title='bbox 1892 2045 1951 2110; x_wconf 90' lang='lat' dir='ltr'><strong>tibi</strong></span> <span class='ocrx_word' id='word_1_273' title='bbox 1977 2049 2149 2114; x_wconf 76' lang='lat' dir='ltr'><strong>vintoniam</strong></span> 
     </span>
     <span class='ocr_line' id='line_1_21' title="bbox 156 2124 2148 2212; baseline -0.001 -11"><span class='ocrx_word' id='word_1_274' title='bbox 156 2155 229 2201; x_wconf 88' lang='lat' dir='ltr'><strong>esse</strong></span> <span class='ocrx_word' id='word_1_275' title='bbox 250 2134 286 2198; x_wconf 92' lang='lat' dir='ltr'><strong>in</strong></span> <span class='ocrx_word' id='word_1_276' title='bbox 308 2132 429 2196; x_wconf 85' lang='lat' dir='ltr'><strong>ordine.</strong></span> <span class='ocrx_word' id='word_1_277' title='bbox 473 2131 594 2195; x_wconf 80' lang='lat' dir='ltr'><strong>Ferem</strong></span> <span class='ocrx_word' id='word_1_278' title='bbox 617 2149 711 2212; x_wconf 92' lang='lat' dir='ltr'><strong>quem</strong></span> <span class='ocrx_word' id='word_1_279' title='bbox 735 2128 824 2194; x_wconf 86' lang='lat' dir='ltr'><strong>voles</strong></span> <span class='ocrx_word' id='word_1_280' title='bbox 846 2125 1003 2203; x_wconf 85' lang='lat' dir='ltr'><strong>ordinem,</strong></span> <span class='ocrx_word' id='word_1_281' title='bbox 1032 2124 1127 2190; x_wconf 94' lang='lat' dir='ltr'><strong>modo</strong></span> <span class='ocrx_word' id='word_1_282' title='bbox 1178 2125 1349 2208; x_wconf 87' lang='lat' dir='ltr'><strong>polliceris,</strong></span> <span class='ocrx_word' id='word_1_283' title='bbox 1373 2125 1533 2192; x_wconf 91' lang='lat' dir='ltr'><strong>adiecisti:</strong></span> <span class='ocrx_word' id='word_1_284' title='bbox 1556 2127 1596 2192; x_wconf 94' lang='lat' dir='ltr'><strong>In</strong></span> <span class='ocrx_word' id='word_1_285' title='bbox 1621 2129 1672 2192; x_wconf 91' lang='lat' dir='ltr'><strong>his</strong></span> <span class='ocrx_word' id='word_1_286' title='bbox 1693 2131 1753 2194; x_wconf 87' lang='lat' dir='ltr'><strong>etsi</strong></span> <span class='ocrx_word' id='word_1_287' title='bbox 1771 2130 1861 2196; x_wconf 88' lang='lat' dir='ltr'><strong>nuda</strong></span> <span class='ocrx_word' id='word_1_288' title='bbox 1878 2133 2010 2210; x_wconf 86' lang='lat' dir='ltr'><strong>veritas,</strong></span> <span class='ocrx_word' id='word_1_289' title='bbox 2032 2135 2068 2198; x_wconf 94' lang='lat' dir='ltr'><strong>in</strong></span> <span class='ocrx_word' id='word_1_290' title='bbox 2091 2155 2148 2200; x_wconf 90' lang='lat' dir='ltr'><strong>ex·</strong></span> 
     </span>
     <span class='ocr_line' id='line_1_22' title="bbox 156 2211 2146 2299; baseline -0.001 -13"><span class='ocrx_word' id='word_1_291' title='bbox 156 2221 313 2286; x_wconf 89' lang='lat' dir='ltr'><strong>meinxte</strong></span> <span class='ocrx_word' id='word_1_292' title='bbox 330 2217 572 2282; x_wconf 88' lang='lat' dir='ltr'><strong>dialecticorum</strong></span> <span class='ocrx_word' id='word_1_293' title='bbox 590 2215 790 2297; x_wconf 87' lang='lat' dir='ltr'><strong>praescripta</strong></span> <span class='ocrx_word' id='word_1_294' title='bbox 806 2213 941 2296; x_wconf 89' lang='lat' dir='ltr'><strong>patiaris</strong></span> <span class='ocrx_word' id='word_1_295' title='bbox 958 2211 1125 2294; x_wconf 88' lang='lat' dir='ltr'><strong>colligere:</strong></span> <span class='ocrx_word' id='word_1_296' title='bbox 1177 2213 1375 2294; x_wconf 90' lang='lat' dir='ltr'><strong>ponentibus</strong></span> <span class='ocrx_word' id='word_1_297' title='bbox 1403 2213 1467 2276; x_wconf 89' lang='lat' dir='ltr'><strong>erit</strong></span> <span class='ocrx_word' id='word_1_298' title='bbox 1494 2215 1732 2292; x_wconf 84' lang='lat' dir='ltr'><strong>controversie,</strong></span> <span class='ocrx_word' id='word_1_299' title='bbox 1759 2217 1787 2279; x_wconf 90' lang='lat' dir='ltr'><strong>si</strong></span> <span class='ocrx_word' id='word_1_300' title='bbox 1818 2217 1891 2299; x_wconf 91' lang='lat' dir='ltr'><strong>quis</strong></span> <span class='ocrx_word' id='word_1_301' title='bbox 1920 2219 2023 2282; x_wconf 88' lang='lat' dir='ltr'><strong>rixari</strong></span> <span class='ocrx_word' id='word_1_302' title='bbox 2051 2219 2146 2284; x_wconf 87' lang='lat' dir='ltr'><strong>velit:</strong></span> 
     </span>
     <span class='ocr_line' id='line_1_23' title="bbox 157 2299 2148 2390; baseline -0.001 -19"><span class='ocrx_word' id='word_1_303' title='bbox 157 2327 199 2371; x_wconf 94' lang='lat' dir='ltr'><strong>ex</strong></span> <span class='ocrx_word' id='word_1_304' title='bbox 221 2304 456 2390; x_wconf 87' lang='lat' dir='ltr'><strong>reduplicative</strong></span> <span class='ocrx_word' id='word_1_305' title='bbox 483 2301 683 2366; x_wconf 82' lang='lat' dir='ltr'><strong>affirmative</strong></span> <span class='ocrx_word' id='word_1_306' title='bbox 709 2309 908 2382; x_wconf 84' lang='lat' dir='ltr'><strong>exponentes</strong></span> <span class='ocrx_word' id='word_1_307' title='bbox 936 2316 1128 2363; x_wconf 87' lang='lat' dir='ltr'><strong>coacervare</strong></span> <span class='ocrx_word' id='word_1_308' title='bbox 1178 2317 1295 2363; x_wconf 84' lang='lat' dir='ltr'><strong>verum</strong></span> <span class='ocrx_word' id='word_1_309' title='bbox 1322 2319 1450 2379; x_wconf 85' lang='lat' dir='ltr'><strong>semper</strong></span> <span class='ocrx_word' id='word_1_310' title='bbox 1478 2299 1595 2364; x_wconf 89' lang='lat' dir='ltr'><strong>solutio</strong></span> <span class='ocrx_word' id='word_1_311' title='bbox 1622 2301 1721 2383; x_wconf 89' lang='lat' dir='ltr'><strong>plane</strong></span> <span class='ocrx_word' id='word_1_312' title='bbox 1748 2310 1806 2365; x_wconf 90' lang='lat' dir='ltr'><strong>est.</strong></span> <span class='ocrx_word' id='word_1_313' title='bbox 1852 2301 1889 2368; x_wconf 83' lang='lat' dir='ltr'><strong>Si</strong></span> <span class='ocrx_word' id='word_1_314' title='bbox 1910 2323 1985 2368; x_wconf 90' lang='lat' dir='ltr'><strong>cum</strong></span> <span class='ocrx_word' id='word_1_315' title='bbox 2006 2303 2148 2384; x_wconf 91' lang='lat' dir='ltr'><strong>homine,</strong></span> 
     </span>
     <span class='ocr_line' id='line_1_24' title="bbox 157 2381 2149 2473; baseline -0.001 -16"><span class='ocrx_word' id='word_1_316' title='bbox 157 2403 191 2458; x_wconf 86' lang='lat' dir='ltr'><strong>et</strong></span> <span class='ocrx_word' id='word_1_317' title='bbox 212 2390 446 2473; x_wconf 90' lang='lat' dir='ltr'><strong>exponentium</strong></span> <span class='ocrx_word' id='word_1_318' title='bbox 468 2387 645 2470; x_wconf 88' lang='lat' dir='ltr'><strong>quemlibet</strong></span> <span class='ocrx_word' id='word_1_319' title='bbox 665 2385 796 2450; x_wconf 87' lang='lat' dir='ltr'><strong>inferre.</strong></span> <span class='ocrx_word' id='word_1_320' title='bbox 840 2381 937 2462; x_wconf 80' lang='lat' dir='ltr'><strong>Quod</strong></span> <span class='ocrx_word' id='word_1_321' title='bbox 962 2383 988 2446; x_wconf 89' lang='lat' dir='ltr'><strong>si</strong></span> <span class='ocrx_word' id='word_1_322' title='bbox 1012 2382 1128 2446; x_wconf 86' lang='lat' dir='ltr'><strong>tuleris</strong></span> <span class='ocrx_word' id='word_1_323' title='bbox 1179 2403 1254 2447; x_wconf 89' lang='lat' dir='ltr'><strong>cnm</strong></span> <span class='ocrx_word' id='word_1_324' title='bbox 1276 2404 1340 2464; x_wconf 94' lang='lat' dir='ltr'><strong>qno</strong></span> <span class='ocrx_word' id='word_1_325' title='bbox 1362 2383 1443 2448; x_wconf 91' lang='lat' dir='ltr'><strong>nihil</strong></span> <span class='ocrx_word' id='word_1_326' title='bbox 1465 2385 1547 2448; x_wconf 92' lang='lat' dir='ltr'><strong>mihi</strong></span> <span class='ocrx_word' id='word_1_327' title='bbox 1570 2405 1716 2466; x_wconf 90' lang='lat' dir='ltr'><strong>unquam</strong></span> <span class='ocrx_word' id='word_1_328' title='bbox 1738 2387 1853 2452; x_wconf 90' lang='lat' dir='ltr'><strong>fuisset</strong></span> <span class='ocrx_word' id='word_1_329' title='bbox 1873 2390 2067 2468; x_wconf 86' lang='lat' dir='ltr'><strong>commercii,</strong></span> <span class='ocrx_word' id='word_1_330' title='bbox 2090 2409 2149 2456; x_wconf 89' lang='lat' dir='ltr'><strong>ne-</strong></span> 
     </span>
     <span class='ocr_line' id='line_1_25' title="bbox 158 2467 2150 2560; baseline -0.001 -19"><span class='ocrx_word' id='word_1_331' title='bbox 158 2478 320 2560; x_wconf 87' lang='lat' dir='ltr'><strong>sequitur:</strong></span> <span class='ocrx_word' id='word_1_332' title='bbox 343 2474 504 2548; x_wconf 85' lang='lat' dir='ltr'><strong>Ohristus,</strong></span> <span class='ocrx_word' id='word_1_333' title='bbox 526 2475 737 2554; x_wconf 88' lang='lat' dir='ltr'><strong>inquantum</strong></span> <span class='ocrx_word' id='word_1_334' title='bbox 755 2471 854 2537; x_wconf 86' lang='lat' dir='ltr'><strong>Deus.</strong></span> <span class='ocrx_word' id='word_1_335' title='bbox 877 2477 928 2534; x_wconf 90' lang='lat' dir='ltr'><strong>est</strong></span> <span class='ocrx_word' id='word_1_336' title='bbox 949 2488 969 2532; x_wconf 89' lang='lat' dir='ltr'><strong>a</strong></span> <span class='ocrx_word' id='word_1_337' title='bbox 990 2489 1025 2532; x_wconf 92' lang='lat' dir='ltr'><strong>se</strong></span> <span class='ocrx_word' id='word_1_338' title='bbox 1046 2467 1127 2549; x_wconf 90' lang='lat' dir='ltr'><strong>ipso,</strong></span> <span class='ocrx_word' id='word_1_339' title='bbox 1178 2469 1304 2550; x_wconf 90' lang='lat' dir='ltr'><strong>gotium</strong></span> <span class='ocrx_word' id='word_1_340' title='bbox 1333 2479 1420 2533; x_wconf 88' lang='lat' dir='ltr'><strong>esset</strong></span> <span class='ocrx_word' id='word_1_341' title='bbox 1448 2491 1485 2535; x_wconf 89' lang='lat' dir='ltr'><strong>ao</strong></span> <span class='ocrx_word' id='word_1_342' title='bbox 1513 2472 1720 2544; x_wconf 88' lang='lat' dir='ltr'><strong>concertatio,</strong></span> <span class='ocrx_word' id='word_1_343' title='bbox 1743 2471 2011 2540; x_wconf 84' lang='lat' dir='ltr'><strong>excandescerem</strong></span> <span class='ocrx_word' id='word_1_344' title='bbox 2031 2495 2069 2540; x_wconf 89' lang='lat' dir='ltr'><strong>ao</strong></span> <span class='ocrx_word' id='word_1_345' title='bbox 2090 2474 2150 2540; x_wconf 94' lang='lat' dir='ltr'><strong>ho-</strong></span> 
     </span>
     <span class='ocr_line' id='line_1_26' title="bbox 158 2553 2151 2647; baseline -0.001 -20"><span class='ocrx_word' id='word_1_346' title='bbox 158 2583 236 2647; x_wconf 88' lang='lat' dir='ltr'><strong>ergo</strong></span> <span class='ocrx_word' id='word_1_347' title='bbox 265 2559 417 2630; x_wconf 75' lang='lat' dir='ltr'><strong>Christus</strong></span> <span class='ocrx_word' id='word_1_348' title='bbox 443 2567 494 2623; x_wconf 90' lang='lat' dir='ltr'><strong>est</strong></span> <span class='ocrx_word' id='word_1_349' title='bbox 520 2579 540 2622; x_wconf 89' lang='lat' dir='ltr'><strong>a</strong></span> <span class='ocrx_word' id='word_1_350' title='bbox 568 2579 603 2622; x_wconf 90' lang='lat' dir='ltr'><strong>se</strong></span> <span class='ocrx_word' id='word_1_351' title='bbox 628 2559 708 2638; x_wconf 91' lang='lat' dir='ltr'><strong>ipso.</strong></span> <span class='ocrx_word' id='word_1_352' title='bbox 753 2556 965 2637; x_wconf 71' lang='lat' dir='ltr'><strong>Consequens</strong></span> <span class='ocrx_word' id='word_1_353' title='bbox 993 2563 1043 2618; x_wconf 88' lang='lat' dir='ltr'><strong>est</strong></span> <span class='ocrx_word' id='word_1_354' title='bbox 1067 2553 1127 2616; x_wconf 89' lang='lat' dir='ltr'><strong>fal·</strong></span> <span class='ocrx_word' id='word_1_355' title='bbox 1179 2554 1301 2616; x_wconf 91' lang='lat' dir='ltr'><strong>minem</strong></span> <span class='ocrx_word' id='word_1_356' title='bbox 1320 2563 1387 2618; x_wconf 90' lang='lat' dir='ltr'><strong>tem</strong></span> <span class='ocrx_word' id='word_1_357' title='bbox 1404 2554 1634 2637; x_wconf 86' lang='lat' dir='ltr'><strong>intempestive</strong></span> <span class='ocrx_word' id='word_1_358' title='bbox 1652 2556 1901 2638; x_wconf 89' lang='lat' dir='ltr'><strong>respondentem</strong></span> <span class='ocrx_word' id='word_1_359' title='bbox 1918 2561 1954 2623; x_wconf 92' lang='lat' dir='ltr'><strong>in</strong></span> <span class='ocrx_word' id='word_1_360' title='bbox 1972 2563 2151 2644; x_wconf 82' lang='lat' dir='ltr'><strong>Anticyras</strong></span> 
     </span>
     <span class='ocr_line' id='line_1_27' title="bbox 157 2637 2151 2727; baseline -0.003 -13"><span class='ocrx_word' id='word_1_361' title='bbox 157 2669 242 2726; x_wconf 91' lang='lat' dir='ltr'><strong>sum,</strong></span> <span class='ocrx_word' id='word_1_362' title='bbox 271 2647 387 2712; x_wconf 85' lang='lat' dir='ltr'><strong>falsum</strong></span> <span class='ocrx_word' id='word_1_363' title='bbox 414 2645 516 2727; x_wconf 88' lang='lat' dir='ltr'><strong>igitur</strong></span> <span class='ocrx_word' id='word_1_364' title='bbox 543 2643 606 2708; x_wconf 90' lang='lat' dir='ltr'><strong>erit</strong></span> <span class='ocrx_word' id='word_1_365' title='bbox 635 2640 838 2717; x_wconf 90' lang='lat' dir='ltr'><strong>antecedens,</strong></span> <span class='ocrx_word' id='word_1_366' title='bbox 863 2639 948 2722; x_wconf 92' lang='lat' dir='ltr'><strong>qnod</strong></span> <span class='ocrx_word' id='word_1_367' title='bbox 969 2637 1128 2704; x_wconf 86' lang='lat' dir='ltr'><strong>hactenns</strong></span> <span class='ocrx_word' id='word_1_368' title='bbox 1179 2638 1246 2702; x_wconf 89' lang='lat' dir='ltr'><strong>rele</strong></span> <span class='ocrx_word' id='word_1_369' title='bbox 1290 2660 1367 2703; x_wconf 91' lang='lat' dir='ltr'><strong>rem.</strong></span> <span class='ocrx_word' id='word_1_370' title='bbox 1413 2639 1481 2720; x_wconf 78' lang='lat' dir='ltr'><strong>Qui</strong></span> <span class='ocrx_word' id='word_1_371' title='bbox 1503 2643 1567 2717; x_wconf 89' lang='lat' dir='ltr'><strong>liet,</strong></span> <span class='ocrx_word' id='word_1_372' title='bbox 1590 2642 1731 2720; x_wconf 86' lang='lat' dir='ltr'><strong>obsecro,</strong></span> <span class='ocrx_word' id='word_1_373' title='bbox 1754 2645 1807 2708; x_wconf 89' lang='lat' dir='ltr'><strong>vir</strong></span> <span class='ocrx_word' id='word_1_374' title='bbox 1826 2643 1960 2720; x_wconf 90' lang='lat' dir='ltr'><strong>erudite,</strong></span> <span class='ocrx_word' id='word_1_375' title='bbox 1983 2647 2071 2710; x_wconf 92' lang='lat' dir='ltr'><strong>utin</strong></span> <span class='ocrx_word' id='word_1_376' title='bbox 2091 2667 2151 2711; x_wconf 90' lang='lat' dir='ltr'><strong>ex·</strong></span> 
     </span>
     <span class='ocr_line' id='line_1_28' title="bbox 158 2724 2151 2814; baseline -0.002 -14"><span class='ocrx_word' id='word_1_377' title='bbox 158 2753 274 2800; x_wconf 81' lang='lat' dir='ltr'><strong>verum</strong></span> <span class='ocrx_word' id='word_1_378' title='bbox 292 2752 363 2798; x_wconf 87' lang='lat' dir='ltr'><strong>esse</strong></span> <span class='ocrx_word' id='word_1_379' title='bbox 381 2729 563 2795; x_wconf 83' lang='lat' dir='ltr'><strong>defendisti.</strong></span> <span class='ocrx_word' id='word_1_380' title='bbox 596 2727 648 2792; x_wconf 91' lang='lat' dir='ltr'><strong>De</strong></span> <span class='ocrx_word' id='word_1_381' title='bbox 670 2727 896 2808; x_wconf 90' lang='lat' dir='ltr'><strong>consequentis</strong></span> <span class='ocrx_word' id='word_1_382' title='bbox 912 2724 1054 2788; x_wconf 91' lang='lat' dir='ltr'><strong>falsitate</strong></span> <span class='ocrx_word' id='word_1_383' title='bbox 1071 2743 1128 2788; x_wconf 91' lang='lat' dir='ltr'><strong>ne-</strong></span> <span class='ocrx_word' id='word_1_384' title='bbox 1180 2724 1297 2806; x_wconf 90' lang='lat' dir='ltr'><strong>empis</strong></span> <span class='ocrx_word' id='word_1_385' title='bbox 1329 2724 1428 2806; x_wconf 89' lang='lat' dir='ltr'><strong>plane</strong></span> <span class='ocrx_word' id='word_1_386' title='bbox 1458 2726 1502 2790; x_wconf 92' lang='lat' dir='ltr'><strong>sit</strong></span> <span class='ocrx_word' id='word_1_387' title='bbox 1534 2728 1656 2790; x_wconf 84' lang='lat' dir='ltr'><strong>veritas</strong></span> <span class='ocrx_word' id='word_1_388' title='bbox 1688 2737 1722 2790; x_wconf 89' lang='lat' dir='ltr'><strong>et</strong></span> <span class='ocrx_word' id='word_1_389' title='bbox 1749 2729 1784 2792; x_wconf 93' lang='lat' dir='ltr'><strong>in</strong></span> <span class='ocrx_word' id='word_1_390' title='bbox 1816 2732 2053 2812; x_wconf 85' lang='lat' dir='ltr'><strong>exponentibus</strong></span> <span class='ocrx_word' id='word_1_391' title='bbox 2076 2753 2151 2814; x_wconf 90' lang='lat' dir='ltr'><strong>per-</strong></span> 
     </span>
     <span class='ocr_line' id='line_1_29' title="bbox 158 2808 2152 2900; baseline -0.002 -15"><span class='ocrx_word' id='word_1_392' title='bbox 158 2821 282 2885; x_wconf 91' lang='lat' dir='ltr'><strong>minem</strong></span> <span class='ocrx_word' id='word_1_393' title='bbox 305 2827 384 2900; x_wconf 91' lang='lat' dir='ltr'><strong>puto</strong></span> <span class='ocrx_word' id='word_1_394' title='bbox 405 2815 643 2881; x_wconf 86' lang='lat' dir='ltr'><strong>haesitaturum</strong></span> <span class='ocrx_word' id='word_1_395' title='bbox 664 2820 793 2895; x_wconf 87' lang='lat' dir='ltr'><strong>praeter</strong></span> <span class='ocrx_word' id='word_1_396' title='bbox 815 2821 857 2888; x_wconf 92' lang='lat' dir='ltr'><strong>te,</strong></span> <span class='ocrx_word' id='word_1_397' title='bbox 882 2811 947 2894; x_wconf 93' lang='lat' dir='ltr'><strong>qui,</strong></span> <span class='ocrx_word' id='word_1_398' title='bbox 976 2808 1054 2874; x_wconf 93' lang='lat' dir='ltr'><strong>dum</strong></span> <span class='ocrx_word' id='word_1_399' title='bbox 1083 2808 1128 2872; x_wconf 91' lang='lat' dir='ltr'><strong>ri·</strong></span> <span class='ocrx_word' id='word_1_400' title='bbox 1179 2809 1345 2891; x_wconf 87' lang='lat' dir='ltr'><strong>plexitas‘l</strong></span> <span class='ocrx_word' id='word_1_401' title='bbox 1380 2811 1570 2894; x_wconf 87' lang='lat' dir='ltr'><strong>Pergamus,</strong></span> <span class='ocrx_word' id='word_1_402' title='bbox 1601 2821 1639 2874; x_wconf 92' lang='lat' dir='ltr'><strong>ut</strong></span> <span class='ocrx_word' id='word_1_403' title='bbox 1662 2812 1755 2877; x_wconf 88' lang='lat' dir='ltr'><strong>video</strong></span> <span class='ocrx_word' id='word_1_404' title='bbox 1778 2825 1809 2878; x_wconf 87' lang='lat' dir='ltr'><strong>te</strong></span> <span class='ocrx_word' id='word_1_405' title='bbox 1831 2825 1944 2880; x_wconf 89' lang='lat' dir='ltr'><strong>autore</strong></span> <span class='ocrx_word' id='word_1_406' title='bbox 1966 2827 2081 2900; x_wconf 89' lang='lat' dir='ltr'><strong>aperta</strong></span> <span class='ocrx_word' id='word_1_407' title='bbox 2102 2825 2152 2882; x_wconf 91' lang='lat' dir='ltr'><strong>te-</strong></span> 
     </span>
     <span class='ocr_line' id='line_1_30' title="bbox 158 2895 2153 2986; baseline -0.001 -16"><span class='ocrx_word' id='word_1_408' title='bbox 158 2925 230 2971; x_wconf 86' lang='lat' dir='ltr'><strong>mes</strong></span> <span class='ocrx_word' id='word_1_409' title='bbox 252 2905 369 2986; x_wconf 89' lang='lat' dir='ltr'><strong>quibus</strong></span> <span class='ocrx_word' id='word_1_410' title='bbox 390 2901 564 2967; x_wconf 78' lang='lat' dir='ltr'><strong>elabereris</strong></span> <span class='ocrx_word' id='word_1_411' title='bbox 586 2919 766 2982; x_wconf 88' lang='lat' dir='ltr'><strong>quaereres,</strong></span> <span class='ocrx_word' id='word_1_412' title='bbox 788 2919 903 2962; x_wconf 87' lang='lat' dir='ltr'><strong>verum</strong></span> <span class='ocrx_word' id='word_1_413' title='bbox 921 2917 992 2960; x_wconf 88' lang='lat' dir='ltr'><strong>esee</strong></span> <span class='ocrx_word' id='word_1_414' title='bbox 1014 2915 1127 2959; x_wconf 90' lang='lat' dir='ltr'><strong>secun·</strong></span> <span class='ocrx_word' id='word_1_415' title='bbox 1180 2895 1291 2959; x_wconf 89' lang='lat' dir='ltr'><strong>nebris</strong></span> <span class='ocrx_word' id='word_1_416' title='bbox 1319 2895 1486 2960; x_wconf 88' lang='lat' dir='ltr'><strong>involvere</strong></span> <span class='ocrx_word' id='word_1_417' title='bbox 1515 2907 1548 2960; x_wconf 87' lang='lat' dir='ltr'><strong>et·</strong></span> <span class='ocrx_word' id='word_1_418' title='bbox 1575 2897 1683 2961; x_wconf 91' lang='lat' dir='ltr'><strong>lucem</strong></span> <span class='ocrx_word' id='word_1_419' title='bbox 1708 2898 1847 2963; x_wconf 93' lang='lat' dir='ltr'><strong>nubibus</strong></span> <span class='ocrx_word' id='word_1_420' title='bbox 1874 2901 2033 2966; x_wconf 88' lang='lat' dir='ltr'><strong>obducere</strong></span> <span class='ocrx_word' id='word_1_421' title='bbox 2055 2911 2153 2985; x_wconf 84' lang='lat' dir='ltr'><strong>etque</strong></span> 
     </span>
     <span class='ocr_line' id='line_1_31' title="bbox 159 2980 2152 3072; baseline -0.002 -16"><span class='ocrx_word' id='word_1_422' title='bbox 159 2991 239 3056; x_wconf 89' lang='lat' dir='ltr'><strong>dum</strong></span> <span class='ocrx_word' id='word_1_423' title='bbox 267 2989 344 3072; x_wconf 93' lang='lat' dir='ltr'><strong>quid</strong></span> <span class='ocrx_word' id='word_1_424' title='bbox 371 3009 437 3052; x_wconf 92' lang='lat' dir='ltr'><strong>non</strong></span> <span class='ocrx_word' id='word_1_425' title='bbox 458 2995 569 3052; x_wconf 90' lang='lat' dir='ltr'><strong>autem</strong></span> <span class='ocrx_word' id='word_1_426' title='bbox 591 2984 780 3067; x_wconf 88' lang='lat' dir='ltr'><strong>simpliciter</strong></span> <span class='ocrx_word' id='word_1_427' title='bbox 801 2983 921 3048; x_wconf 88' lang='lat' dir='ltr'><strong>videris</strong></span> <span class='ocrx_word' id='word_1_428' title='bbox 943 2980 1129 3058; x_wconf 81' lang='lat' dir='ltr'><strong>asseruisse,</strong></span> <span class='ocrx_word' id='word_1_429' title='bbox 1181 2981 1328 3064; x_wconf 88' lang='lat' dir='ltr'><strong>ignotum</strong></span> <span class='ocrx_word' id='word_1_430' title='bbox 1351 3001 1410 3064; x_wconf 89' lang='lat' dir='ltr'><strong>per</strong></span> <span class='ocrx_word' id='word_1_431' title='bbox 1430 2981 1575 3064; x_wconf 89' lang='lat' dir='ltr'><strong>ignotius</strong></span> <span class='ocrx_word' id='word_1_432' title='bbox 1596 3003 1767 3066; x_wconf 88' lang='lat' dir='ltr'><strong>exponere.</strong></span> <span class='ocrx_word' id='word_1_433' title='bbox 1812 2983 1980 3068; x_wconf 89' lang='lat' dir='ltr'><strong>Addisque</strong></span> <span class='ocrx_word' id='word_1_434' title='bbox 2002 2987 2152 3053; x_wconf 90' lang='lat' dir='ltr'><strong>tandem:</strong></span> 
     </span>
     <span class='ocr_line' id='line_1_32' title="bbox 159 3064 2153 3160; baseline -0.003 -19"><span class='ocrx_word' id='word_1_435' title='bbox 159 3075 246 3160; x_wconf 94' lang='lat' dir='ltr'><strong>quod</strong></span> <span class='ocrx_word' id='word_1_436' title='bbox 264 3097 378 3140; x_wconf 86' lang='lat' dir='ltr'><strong>rursus</strong></span> <span class='ocrx_word' id='word_1_437' title='bbox 394 3074 443 3138; x_wconf 91' lang='lat' dir='ltr'><strong>tui</strong></span> <span class='ocrx_word' id='word_1_438' title='bbox 460 3072 581 3137; x_wconf 90' lang='lat' dir='ltr'><strong>oblitus</strong></span> <span class='ocrx_word' id='word_1_439' title='bbox 598 3070 787 3153; x_wconf 88' lang='lat' dir='ltr'><strong>simpliciter</strong></span> <span class='ocrx_word' id='word_1_440' title='bbox 803 3069 911 3152; x_wconf 91' lang='lat' dir='ltr'><strong>ipsum</strong></span> <span class='ocrx_word' id='word_1_441' title='bbox 931 3087 1044 3132; x_wconf 87' lang='lat' dir='ltr'><strong>verum</strong></span> <span class='ocrx_word' id='word_1_442' title='bbox 1059 3086 1130 3130; x_wconf 90' lang='lat' dir='ltr'><strong>esse</strong></span> <span class='ocrx_word' id='word_1_443' title='bbox 1182 3064 1388 3132; x_wconf 81' lang='lat' dir='ltr'><strong>Sufficitees</strong></span> <span class='ocrx_word' id='word_1_444' title='bbox 1410 3067 1632 3150; x_wconf 89' lang='lat' dir='ltr'><strong>aliquomodo</strong></span> <span class='ocrx_word' id='word_1_445' title='bbox 1659 3069 1711 3134; x_wconf 87' lang='lat' dir='ltr'><strong>vel</strong></span> <span class='ocrx_word' id='word_1_446' title='bbox 1739 3070 1916 3134; x_wconf 89' lang='lat' dir='ltr'><strong>secuudum</strong></span> <span class='ocrx_word' id='word_1_447' title='bbox 1939 3071 2080 3153; x_wconf 86' lang='lat' dir='ltr'><strong>aliquem</strong></span> <span class='ocrx_word' id='word_1_448' title='bbox 2102 3074 2153 3136; x_wconf 92' lang='lat' dir='ltr'><strong>in·</strong></span> 
     </span>
     <span class='ocr_line' id='line_1_33' title="bbox 159 3152 2154 3242; baseline -0.003 -15"><span class='ocrx_word' id='word_1_449' title='bbox 159 3163 255 3228; x_wconf 84' lang='lat' dir='ltr'><strong>fateri</strong></span> <span class='ocrx_word' id='word_1_450' title='bbox 277 3183 343 3226; x_wconf 92' lang='lat' dir='ltr'><strong>non</strong></span> <span class='ocrx_word' id='word_1_451' title='bbox 365 3159 559 3224; x_wconf 87' lang='lat' dir='ltr'><strong>dissimules.</strong></span> <span class='ocrx_word' id='word_1_452' title='bbox 603 3155 720 3242; x_wconf 80' lang='lat' dir='ltr'><strong>cyrilli</strong></span> <span class='ocrx_word' id='word_1_453' title='bbox 738 3154 897 3238; x_wconf 88' lang='lat' dir='ltr'><strong>siquidem</strong></span> <span class='ocrx_word' id='word_1_454' title='bbox 915 3153 1022 3228; x_wconf 90' lang='lat' dir='ltr'><strong>(cuius</strong></span> <span class='ocrx_word' id='word_1_455' title='bbox 1039 3172 1130 3216; x_wconf 89' lang='lat' dir='ltr'><strong>men·</strong></span> <span class='ocrx_word' id='word_1_456' title='bbox 1181 3152 1346 3217; x_wconf 80' lang='lat' dir='ltr'><strong>tellectum</strong></span> <span class='ocrx_word' id='word_1_457' title='bbox 1369 3173 1464 3217; x_wconf 85' lang='lat' dir='ltr'><strong>veras</strong></span> <span class='ocrx_word' id='word_1_458' title='bbox 1484 3175 1563 3218; x_wconf 89' lang='lat' dir='ltr'><strong>esee.</strong></span> <span class='ocrx_word' id='word_1_459' title='bbox 1606 3152 1748 3238; x_wconf 87' lang='lat' dir='ltr'><strong>Indigna</strong></span> <span class='ocrx_word' id='word_1_460' title='bbox 1765 3153 1895 3234; x_wconf 91' lang='lat' dir='ltr'><strong>quidem</strong></span> <span class='ocrx_word' id='word_1_461' title='bbox 1916 3164 1948 3220; x_wconf 92' lang='lat' dir='ltr'><strong>te</strong></span> <span class='ocrx_word' id='word_1_462' title='bbox 1967 3157 2154 3222; x_wconf 90' lang='lat' dir='ltr'><strong>huiusmodi</strong></span> 
     </span>
     <span class='ocr_line' id='line_1_34' title="bbox 159 3237 2153 3320; baseline -0.004 -6"><span class='ocrx_word' id='word_1_463' title='bbox 159 3255 227 3314; x_wconf 87' lang='lat' dir='ltr'><strong>tem</strong></span> <span class='ocrx_word' id='word_1_464' title='bbox 248 3267 322 3311; x_wconf 91' lang='lat' dir='ltr'><strong>meo</strong></span> <span class='ocrx_word' id='word_1_465' title='bbox 344 3245 461 3310; x_wconf 92' lang='lat' dir='ltr'><strong>iudicio</strong></span> <span class='ocrx_word' id='word_1_466' title='bbox 482 3245 657 3308; x_wconf 85' lang='lat' dir='ltr'><strong>oscitanter</strong></span> <span class='ocrx_word' id='word_1_467' title='bbox 679 3243 757 3307; x_wconf 88' lang='lat' dir='ltr'><strong>satis</strong></span> <span class='ocrx_word' id='word_1_468' title='bbox 776 3240 956 3315; x_wconf 82' lang='lat' dir='ltr'><strong>advertisti,</strong></span> <span class='ocrx_word' id='word_1_469' title='bbox 979 3247 1018 3302; x_wconf 90' lang='lat' dir='ltr'><strong>ut</strong></span> <span class='ocrx_word' id='word_1_470' title='bbox 1033 3237 1131 3320; x_wconf 90' lang='lat' dir='ltr'><strong>paulo</strong></span> <span class='ocrx_word' id='word_1_471' title='bbox 1182 3239 1365 3320; x_wconf 88' lang='lat' dir='ltr'><strong>responsio,</strong></span> <span class='ocrx_word' id='word_1_472' title='bbox 1393 3259 1457 3320; x_wconf 89' lang='lat' dir='ltr'><strong>qua</strong></span> <span class='ocrx_word' id='word_1_473' title='bbox 1484 3238 1561 3302; x_wconf 94' lang='lat' dir='ltr'><strong>dum</strong></span> <span class='ocrx_word' id='word_1_474' title='bbox 1588 3239 1669 3304; x_wconf 90' lang='lat' dir='ltr'><strong>mihi</strong></span> <span class='ocrx_word' id='word_1_475' title='bbox 1696 3242 1745 3304; x_wconf 93' lang='lat' dir='ltr'><strong>uti</strong></span> <span class='ocrx_word' id='word_1_476' title='bbox 1773 3240 1883 3305; x_wconf 87' lang='lat' dir='ltr'><strong>licebit</strong></span> <span class='ocrx_word' id='word_1_477' title='bbox 1910 3241 1963 3306; x_wconf 90' lang='lat' dir='ltr'><strong>vel</strong></span> <span class='ocrx_word' id='word_1_478' title='bbox 1990 3241 2153 3307; x_wconf 85' lang='lat' dir='ltr'><strong>Gordium</strong></span> 
     </span>
     <span class='ocr_line' id='line_1_35' title="bbox 158 3323 2153 3419; baseline -0.003 -21"><span class='ocrx_word' id='word_1_479' title='bbox 158 3343 235 3419; x_wconf 91' lang='lat' dir='ltr'><strong>post</strong></span> <span class='ocrx_word' id='word_1_480' title='bbox 262 3354 282 3397; x_wconf 91' lang='lat' dir='ltr'><strong>a</strong></span> <span class='ocrx_word' id='word_1_481' title='bbox 308 3353 361 3397; x_wconf 91' lang='lat' dir='ltr'><strong>me</strong></span> <span class='ocrx_word' id='word_1_482' title='bbox 382 3329 507 3397; x_wconf 77' lang='lat' dir='ltr'><strong>audica</strong></span> <span class='ocrx_word' id='word_1_483' title='bbox 535 3329 710 3393; x_wconf 71' lang='lat' dir='ltr'><strong>autentate</strong></span> <span class='ocrx_word' id='word_1_484' title='bbox 736 3327 862 3409; x_wconf 87' lang='lat' dir='ltr'><strong>prolate</strong></span> <span class='ocrx_word' id='word_1_485' title='bbox 881 3327 927 3391; x_wconf 91' lang='lat' dir='ltr'><strong>sic</strong></span> <span class='ocrx_word' id='word_1_486' title='bbox 948 3323 1130 3388; x_wconf 88' lang='lat' dir='ltr'><strong>attexuisti:</strong></span> <span class='ocrx_word' id='word_1_487' title='bbox 1183 3323 1283 3405; x_wconf 89' lang='lat' dir='ltr'><strong>(quod</strong></span> <span class='ocrx_word' id='word_1_488' title='bbox 1304 3323 1410 3406; x_wconf 91' lang='lat' dir='ltr'><strong>aiunt)</strong></span> <span class='ocrx_word' id='word_1_489' title='bbox 1431 3323 1552 3390; x_wconf 90' lang='lat' dir='ltr'><strong>nodum</strong></span> <span class='ocrx_word' id='word_1_490' title='bbox 1569 3326 1661 3407; x_wconf 90' lang='lat' dir='ltr'><strong>quasi</strong></span> <span class='ocrx_word' id='word_1_491' title='bbox 1679 3326 1824 3390; x_wconf 73' lang='lat' dir='ltr'><strong>Tenedia</strong></span> <span class='ocrx_word' id='word_1_492' title='bbox 1844 3327 1977 3409; x_wconf 89' lang='lat' dir='ltr'><strong>bipenni</strong></span> <span class='ocrx_word' id='word_1_493' title='bbox 2004 3349 2077 3391; x_wconf 91' lang='lat' dir='ltr'><strong>sum</strong></span> <span class='ocrx_word' id='word_1_494' title='bbox 2102 3327 2153 3392; x_wconf 92' lang='lat' dir='ltr'><strong>di·</strong></span> 
     </span>
     <span class='ocr_line' id='line_1_36' title="bbox 161 3410 2151 3503; baseline -0.002 -21"><span class='ocrx_word' id='word_1_495' title='bbox 161 3423 422 3503; x_wconf 84' lang='lat' dir='ltr'><strong>Argumentetur</strong></span> <span class='ocrx_word' id='word_1_496' title='bbox 453 3417 493 3480; x_wconf 92' lang='lat' dir='ltr'><strong>ab</strong></span> <span class='ocrx_word' id='word_1_497' title='bbox 522 3413 662 3479; x_wconf 89' lang='lat' dir='ltr'><strong>absurdo</strong></span> <span class='ocrx_word' id='word_1_498' title='bbox 692 3421 729 3476; x_wconf 91' lang='lat' dir='ltr'><strong>nt</strong></span> <span class='ocrx_word' id='word_1_499' title='bbox 756 3411 926 3477; x_wconf 77' lang='lat' dir='ltr'><strong>Christum</strong></span> <span class='ocrx_word' id='word_1_500' title='bbox 955 3430 1032 3476; x_wconf 90' lang='lat' dir='ltr'><strong>ase</strong></span> <span class='ocrx_word' id='word_1_501' title='bbox 1058 3410 1130 3492; x_wconf 90' lang='lat' dir='ltr'><strong>ipso</strong></span> <span class='ocrx_word' id='word_1_502' title='bbox 1182 3410 1351 3474; x_wconf 86' lang='lat' dir='ltr'><strong>scissurus.</strong></span> <span class='ocrx_word' id='word_1_503' title='bbox 1401 3411 1525 3476; x_wconf 82' lang='lat' dir='ltr'><strong>Audivi</strong></span> <span class='ocrx_word' id='word_1_504' title='bbox 1553 3410 1630 3475; x_wconf 90' lang='lat' dir='ltr'><strong>clim</strong></span> <span class='ocrx_word' id='word_1_505' title='bbox 1653 3410 1860 3477; x_wconf 82' lang='lat' dir='ltr'><strong>Serbonistes</strong></span> <span class='ocrx_word' id='word_1_506' title='bbox 1889 3411 1941 3497; x_wconf 90' lang='lat' dir='ltr'><strong>(ut</strong></span> <span class='ocrx_word' id='word_1_507' title='bbox 1961 3421 2091 3486; x_wconf 87' lang='lat' dir='ltr'><strong>vocent)</strong></span> <span class='ocrx_word' id='word_1_508' title='bbox 2115 3414 2151 3478; x_wconf 93' lang='lat' dir='ltr'><strong>in</strong></span> 
     </span>
     <span class='ocr_line' id='line_1_37' title="bbox 160 3493 2151 3587; baseline -0.004 -16"><span class='ocrx_word' id='word_1_509' title='bbox 160 3527 232 3572; x_wconf 90' lang='lat' dir='ltr'><strong>esse</strong></span> <span class='ocrx_word' id='word_1_510' title='bbox 244 3511 444 3587; x_wconf 90' lang='lat' dir='ltr'><strong>extorqueat,</strong></span> <span class='ocrx_word' id='word_1_511' title='bbox 462 3501 633 3582; x_wconf 91' lang='lat' dir='ltr'><strong>locumque</strong></span> <span class='ocrx_word' id='word_1_512' title='bbox 644 3498 761 3584; x_wconf 83' lang='lat' dir='ltr'><strong>Oyrilli</strong></span> <span class='ocrx_word' id='word_1_513' title='bbox 779 3507 929 3582; x_wconf 89' lang='lat' dir='ltr'><strong>apertum</strong></span> <span class='ocrx_word' id='word_1_514' title='bbox 948 3496 1005 3562; x_wconf 88' lang='lat' dir='ltr'><strong>eis.</strong></span> <span class='ocrx_word' id='word_1_515' title='bbox 1033 3496 1130 3562; x_wconf 91' lang='lat' dir='ltr'><strong>Unde</strong></span> <span class='ocrx_word' id='word_1_516' title='bbox 1182 3493 1331 3560; x_wconf 82' lang='lat' dir='ltr'><strong>Sorbona</strong></span> <span class='ocrx_word' id='word_1_517' title='bbox 1357 3495 1518 3562; x_wconf 89' lang='lat' dir='ltr'><strong>rixentes:</strong></span> <span class='ocrx_word' id='word_1_518' title='bbox 1546 3517 1662 3561; x_wconf 83' lang='lat' dir='ltr'><strong>verum</strong></span> <span class='ocrx_word' id='word_1_519' title='bbox 1691 3518 1804 3562; x_wconf 90' lang='lat' dir='ltr'><strong>eornm</strong></span> <span class='ocrx_word' id='word_1_520' title='bbox 1826 3519 1922 3562; x_wconf 88' lang='lat' dir='ltr'><strong>nemo</strong></span> <span class='ocrx_word' id='word_1_521' title='bbox 1944 3507 2010 3562; x_wconf 87' lang='lat' dir='ltr'><strong>tam</strong></span> <span class='ocrx_word' id='word_1_522' title='bbox 2031 3499 2151 3564; x_wconf 89' lang='lat' dir='ltr'><strong>intem·</strong></span> 
     </span>
     <span class='ocr_line' id='line_1_38' title="bbox 158 3581 2151 3666; baseline -0.003 -9"><span class='ocrx_word' id='word_1_523' title='bbox 158 3593 222 3658; x_wconf 91' lang='lat' dir='ltr'><strong>hoc</strong></span> <span class='ocrx_word' id='word_1_524' title='bbox 242 3590 337 3656; x_wconf 90' lang='lat' dir='ltr'><strong>facile</strong></span> <span class='ocrx_word' id='word_1_525' title='bbox 358 3589 527 3654; x_wconf 88' lang='lat' dir='ltr'><strong>collectum</strong></span> <span class='ocrx_word' id='word_1_526' title='bbox 548 3584 672 3653; x_wconf 81' lang='lat' dir='ltr'><strong>iactas?</strong></span> <span class='ocrx_word' id='word_1_527' title='bbox 705 3585 770 3649; x_wconf 89' lang='lat' dir='ltr'><strong>Hic</strong></span> <span class='ocrx_word' id='word_1_528' title='bbox 792 3584 848 3648; x_wconf 90' lang='lat' dir='ltr'><strong>tibi</strong></span> <span class='ocrx_word' id='word_1_529' title='bbox 867 3603 981 3656; x_wconf 93' lang='lat' dir='ltr'><strong>unum,</strong></span> <span class='ocrx_word' id='word_1_530' title='bbox 1004 3603 1067 3664; x_wconf 92' lang='lat' dir='ltr'><strong>quo</strong></span> <span class='ocrx_word' id='word_1_531' title='bbox 1088 3581 1130 3646; x_wconf 93' lang='lat' dir='ltr'><strong>ed</strong></span> <span class='ocrx_word' id='word_1_532' title='bbox 1181 3581 1344 3663; x_wconf 88' lang='lat' dir='ltr'><strong>pestivam</strong></span> <span class='ocrx_word' id='word_1_533' title='bbox 1362 3581 1473 3645; x_wconf 91' lang='lat' dir='ltr'><strong>attulit</strong></span> <span class='ocrx_word' id='word_1_534' title='bbox 1483 3585 1735 3664; x_wconf 89' lang='lat' dir='ltr'><strong>responsionem,</strong></span> <span class='ocrx_word' id='word_1_535' title='bbox 1753 3584 1809 3664; x_wconf 93' lang='lat' dir='ltr'><strong>qui</strong></span> <span class='ocrx_word' id='word_1_536' title='bbox 1827 3583 1868 3647; x_wconf 91' lang='lat' dir='ltr'><strong>eb</strong></span> <span class='ocrx_word' id='word_1_537' title='bbox 1885 3604 1985 3648; x_wconf 89' lang='lat' dir='ltr'><strong>arena</strong></span> <span class='ocrx_word' id='word_1_538' title='bbox 2001 3586 2151 3666; x_wconf 87' lang='lat' dir='ltr'><strong>protinus</strong></span> 
     </span>
     <span class='ocr_line' id='line_1_39' title="bbox 158 3665 2150 3760; baseline -0.004 -18"><span class='ocrx_word' id='word_1_539' title='bbox 158 3678 194 3743; x_wconf 94' lang='lat' dir='ltr'><strong>id</strong></span> <span class='ocrx_word' id='word_1_540' title='bbox 215 3677 300 3760; x_wconf 93' lang='lat' dir='ltr'><strong>qnod</strong></span> <span class='ocrx_word' id='word_1_541' title='bbox 323 3677 388 3741; x_wconf 91' lang='lat' dir='ltr'><strong>iem</strong></span> <span class='ocrx_word' id='word_1_542' title='bbox 410 3693 577 3756; x_wconf 87' lang='lat' dir='ltr'><strong>coeperam</strong></span> <span class='ocrx_word' id='word_1_543' title='bbox 601 3691 677 3734; x_wconf 89' lang='lat' dir='ltr'><strong>mcx</strong></span> <span class='ocrx_word' id='word_1_544' title='bbox 699 3677 854 3747; x_wconf 88' lang='lat' dir='ltr'><strong>revertar,</strong></span> <span class='ocrx_word' id='word_1_545' title='bbox 877 3667 997 3733; x_wconf 87' lang='lat' dir='ltr'><strong>dicam:</strong></span> <span class='ocrx_word' id='word_1_546' title='bbox 1027 3668 1065 3732; x_wconf 78' lang='lat' dir='ltr'><strong>si</strong></span> <span class='ocrx_word' id='word_1_547' title='bbox 1087 3689 1129 3732; x_wconf 90' lang='lat' dir='ltr'><strong>ex</strong></span> <span class='ocrx_word' id='word_1_548' title='bbox 1181 3688 1248 3732; x_wconf 93' lang='lat' dir='ltr'><strong>non</strong></span> <span class='ocrx_word' id='word_1_549' title='bbox 1270 3665 1454 3732; x_wconf 90' lang='lat' dir='ltr'><strong>discesserit</strong></span> <span class='ocrx_word' id='word_1_550' title='bbox 1470 3668 1669 3732; x_wconf 89' lang='lat' dir='ltr'><strong>exsibilatus.</strong></span> <span class='ocrx_word' id='word_1_551' title='bbox 1713 3670 1893 3732; x_wconf 86' lang='lat' dir='ltr'><strong>Dentrem</strong></span> <span class='ocrx_word' id='word_1_552' title='bbox 1911 3669 2001 3734; x_wconf 86' lang='lat' dir='ltr'><strong>voles</strong></span> <span class='ocrx_word' id='word_1_553' title='bbox 2021 3681 2150 3735; x_wconf 89' lang='lat' dir='ltr'><strong>contra-</strong></span> 
     </span>
     <span class='ocr_line' id='line_1_40' title="bbox 159 3752 2152 3847; baseline -0.004 -18"><span class='ocrx_word' id='word_1_554' title='bbox 159 3785 197 3829; x_wconf 91' lang='lat' dir='ltr'><strong>eo</strong></span> <span class='ocrx_word' id='word_1_555' title='bbox 220 3761 338 3847; x_wconf 71' lang='lat' dir='ltr'><strong>cyrilli</strong></span> <span class='ocrx_word' id='word_1_556' title='bbox 360 3758 446 3842; x_wconf 94' lang='lat' dir='ltr'><strong>quod</strong></span> <span class='ocrx_word' id='word_1_557' title='bbox 467 3757 632 3839; x_wconf 89' lang='lat' dir='ltr'><strong>protulisti</strong></span> <span class='ocrx_word' id='word_1_558' title='bbox 653 3755 840 3820; x_wconf 87' lang='lat' dir='ltr'><strong>testimonio</strong></span> <span class='ocrx_word' id='word_1_559' title='bbox 861 3753 1031 3818; x_wconf 81' lang='lat' dir='ltr'><strong>Christum</strong></span> <span class='ocrx_word' id='word_1_560' title='bbox 1053 3773 1073 3816; x_wconf 88' lang='lat' dir='ltr'><strong>a</strong></span> <span class='ocrx_word' id='word_1_561' title='bbox 1095 3775 1129 3819; x_wconf 92' lang='lat' dir='ltr'><strong>se</strong></span> <span class='ocrx_word' id='word_1_562' title='bbox 1182 3752 1332 3817; x_wconf 90' lang='lat' dir='ltr'><strong>dictionis</strong></span> <span class='ocrx_word' id='word_1_563' title='bbox 1350 3762 1485 3834; x_wconf 89' lang='lat' dir='ltr'><strong>partem,</strong></span> <span class='ocrx_word' id='word_1_564' title='bbox 1505 3753 1600 3818; x_wconf 85' lang='lat' dir='ltr'><strong>fenile</strong></span> <span class='ocrx_word' id='word_1_565' title='bbox 1616 3754 1717 3830; x_wconf 90' lang='lat' dir='ltr'><strong>illam,</strong></span> <span class='ocrx_word' id='word_1_566' title='bbox 1740 3755 1766 3819; x_wconf 91' lang='lat' dir='ltr'><strong>si</strong></span> <span class='ocrx_word' id='word_1_567' title='bbox 1785 3775 1837 3818; x_wconf 90' lang='lat' dir='ltr'><strong>me</strong></span> <span class='ocrx_word' id='word_1_568' title='bbox 1855 3753 1917 3820; x_wconf 91' lang='lat' dir='ltr'><strong>hoc</strong></span> <span class='ocrx_word' id='word_1_569' title='bbox 1934 3755 2152 3838; x_wconf 85' lang='lat' dir='ltr'><strong>responsionis</strong></span> 
     </span>
     <span class='ocr_line' id='line_1_41' title="bbox 159 3837 1890 3932; baseline -0.009 -17"><span class='ocrx_word' id='word_1_570' title='bbox 159 3850 230 3932; x_wconf 89' lang='lat' dir='ltr'><strong>ipso</strong></span> <span class='ocrx_word' id='word_1_571' title='bbox 252 3869 323 3912; x_wconf 91' lang='lat' dir='ltr'><strong>esse</strong></span> <span class='ocrx_word' id='word_1_572' title='bbox 344 3845 505 3920; x_wconf 90' lang='lat' dir='ltr'><strong>intuleris,</strong></span> <span class='ocrx_word' id='word_1_573' title='bbox 528 3865 588 3926; x_wconf 92' lang='lat' dir='ltr'><strong>ego</strong></span> <span class='ocrx_word' id='word_1_574' title='bbox 609 3843 706 3925; x_wconf 91' lang='lat' dir='ltr'><strong>longe</strong></span> <span class='ocrx_word' id='word_1_575' title='bbox 728 3842 847 3906; x_wconf 88' lang='lat' dir='ltr'><strong>rectius</strong></span> <span class='ocrx_word' id='word_1_576' title='bbox 869 3861 909 3904; x_wconf 90' lang='lat' dir='ltr'><strong>ex</strong></span> <span class='ocrx_word' id='word_1_577' title='bbox 934 3839 1008 3904; x_wconf 89' lang='lat' dir='ltr'><strong>hae:</strong></span> <span class='ocrx_word' id='word_1_578' title='bbox 1033 3837 1129 3903; x_wconf 80' lang='lat' dir='ltr'><strong>Chri·</strong></span> <span class='ocrx_word' id='word_1_579' title='bbox 1181 3838 1367 3921; x_wconf 85' lang='lat' dir='ltr'><strong>generanti</strong></span> <span class='ocrx_word' id='word_1_580' title='bbox 1390 3839 1512 3915; x_wconf 91' lang='lat' dir='ltr'><strong>tuleris,</strong></span> <span class='ocrx_word' id='word_1_581' title='bbox 1535 3860 1669 3922; x_wconf 83' lang='lat' dir='ltr'><strong>pergem</strong></span> <span class='ocrx_word' id='word_1_582' title='bbox 1692 3839 1890 3904; x_wconf 86' lang='lat' dir='ltr'><strong>defendere..</strong></span> 
     </span>
     <span class='ocr_line' id='line_1_42' title="bbox 160 3921 2148 4015; baseline -0.004 -15"><span class='ocrx_word' id='word_1_583' title='bbox 160 3945 239 4009; x_wconf 89' lang='lat' dir='ltr'><strong>stus,</strong></span> <span class='ocrx_word' id='word_1_584' title='bbox 261 3933 477 4015; x_wconf 92' lang='lat' dir='ltr'><strong>inquantum</strong></span> <span class='ocrx_word' id='word_1_585' title='bbox 500 3929 602 4002; x_wconf 88' lang='lat' dir='ltr'><strong>Deus,</strong></span> <span class='ocrx_word' id='word_1_586' title='bbox 630 3937 681 3991; x_wconf 89' lang='lat' dir='ltr'><strong>est</strong></span> <span class='ocrx_word' id='word_1_587' title='bbox 702 3947 721 3989; x_wconf 88' lang='lat' dir='ltr'><strong>a</strong></span> <span class='ocrx_word' id='word_1_588' title='bbox 750 3949 785 3992; x_wconf 91' lang='lat' dir='ltr'><strong>se</strong></span> <span class='ocrx_word' id='word_1_589' title='bbox 813 3927 894 4008; x_wconf 89' lang='lat' dir='ltr'><strong>ipso,</strong></span> <span class='ocrx_word' id='word_1_590' title='bbox 918 3924 1086 3990; x_wconf 79' lang='lat' dir='ltr'><strong>Christum</strong></span> <span class='ocrx_word' id='word_1_591' title='bbox 1109 3947 1130 3990; x_wconf 87' lang='lat' dir='ltr'><strong>a</strong></span> <span class='ocrx_word' id='word_1_592' title='bbox 1267 3921 1334 3988; x_wconf 76' lang='lat' dir='ltr'><strong>Sed</strong></span> <span class='ocrx_word' id='word_1_593' title='bbox 1353 3923 1429 4006; x_wconf 94' lang='lat' dir='ltr'><strong>quid</strong></span> <span class='ocrx_word' id='word_1_594' title='bbox 1448 3923 1501 3990; x_wconf 91' lang='lat' dir='ltr'><strong>hic</strong></span> <span class='ocrx_word' id='word_1_595' title='bbox 1522 3945 1541 3987; x_wconf 90' lang='lat' dir='ltr'><strong>a</strong></span> <span class='ocrx_word' id='word_1_596' title='bbox 1563 3935 1595 3989; x_wconf 90' lang='lat' dir='ltr'><strong>te</strong></span> <span class='ocrx_word' id='word_1_597' title='bbox 1613 3927 1674 3989; x_wconf 78' lang='lat' dir='ltr'><strong>sini</strong></span> <span class='ocrx_word' id='word_1_598' title='bbox 1692 3925 1873 4002; x_wconf 79' lang='lat' dir='ltr'><strong>auditurus,</strong></span> <span class='ocrx_word' id='word_1_599' title='bbox 1896 3927 1975 3990; x_wconf 91' lang='lat' dir='ltr'><strong>setis</strong></span> <span class='ocrx_word' id='word_1_600' title='bbox 1992 3925 2148 4010; x_wconf 87' lang='lat' dir='ltr'><strong>intelligo.</strong></span> 
     </span>
     <span class='ocr_line' id='line_1_43' title="bbox 160 4008 2151 4102; baseline -0.004 -15"><span class='ocrx_word' id='word_1_601' title='bbox 160 4041 195 4087; x_wconf 86' lang='lat' dir='ltr'><strong>se</strong></span> <span class='ocrx_word' id='word_1_602' title='bbox 217 4021 287 4102; x_wconf 92' lang='lat' dir='ltr'><strong>ipso</strong></span> <span class='ocrx_word' id='word_1_603' title='bbox 309 4037 380 4083; x_wconf 90' lang='lat' dir='ltr'><strong>esse</strong></span> <span class='ocrx_word' id='word_1_604' title='bbox 400 4015 549 4080; x_wconf 91' lang='lat' dir='ltr'><strong>intulero.</strong></span> <span class='ocrx_word' id='word_1_605' title='bbox 593 4012 685 4076; x_wconf 91' lang='lat' dir='ltr'><strong>Nihil</strong></span> <span class='ocrx_word' id='word_1_606' title='bbox 704 4014 789 4074; x_wconf 87' lang='lat' dir='ltr'><strong>enirn</strong></span> <span class='ocrx_word' id='word_1_607' title='bbox 812 4010 910 4076; x_wconf 86' lang='lat' dir='ltr'><strong>hebet</strong></span> <span class='ocrx_word' id='word_1_608' title='bbox 928 4009 1129 4076; x_wconf 87' lang='lat' dir='ltr'><strong>hebitudinis</strong></span> <span class='ocrx_word' id='word_1_609' title='bbox 1181 4008 1308 4090; x_wconf 91' lang='lat' dir='ltr'><strong>Nempe</strong></span> <span class='ocrx_word' id='word_1_610' title='bbox 1340 4011 1468 4075; x_wconf 88' lang='lat' dir='ltr'><strong>rixosus</strong></span> <span class='ocrx_word' id='word_1_611' title='bbox 1501 4009 1554 4074; x_wconf 90' lang='lat' dir='ltr'><strong>hic</strong></span> <span class='ocrx_word' id='word_1_612' title='bbox 1586 4011 1690 4094; x_wconf 82' lang='lat' dir='ltr'><strong>garrit</strong></span> <span class='ocrx_word' id='word_1_613' title='bbox 1722 4010 1875 4094; x_wconf 89' lang='lat' dir='ltr'><strong>sophista,</strong></span> <span class='ocrx_word' id='word_1_614' title='bbox 1908 4011 1992 4075; x_wconf 93' lang='lat' dir='ltr'><strong>nihil</strong></span> <span class='ocrx_word' id='word_1_615' title='bbox 2022 4023 2151 4094; x_wconf 83' lang='lat' dir='ltr'><strong>praeter</strong></span> 
     </span>
     <span class='ocr_line' id='line_1_44' title="bbox 160 4095 2150 4186; baseline -0.005 -14"><span class='ocrx_word' id='word_1_616' title='bbox 160 4127 235 4172; x_wconf 90' lang='lat' dir='ltr'><strong>cum</strong></span> <span class='ocrx_word' id='word_1_617' title='bbox 256 4105 316 4170; x_wconf 93' lang='lat' dir='ltr'><strong>hcc</strong></span> <span class='ocrx_word' id='word_1_618' title='bbox 339 4101 550 4186; x_wconf 76' lang='lat' dir='ltr'><strong>pronunciabo</strong></span> <span class='ocrx_word' id='word_1_619' title='bbox 573 4097 690 4181; x_wconf 82' lang='lat' dir='ltr'><strong>Oyrilli</strong></span> <span class='ocrx_word' id='word_1_620' title='bbox 713 4098 879 4162; x_wconf 83' lang='lat' dir='ltr'><strong>autoritas.</strong></span> <span class='ocrx_word' id='word_1_621' title='bbox 897 4101 937 4172; x_wconf 72' lang='grc'><strong>12)</strong></span> <span class='ocrx_word' id='word_1_622' title='bbox 1181 4095 1319 4176; x_wconf 89' lang='lat' dir='ltr'><strong>puerilia</strong></span> <span class='ocrx_word' id='word_1_623' title='bbox 1346 4095 1495 4160; x_wconf 85' lang='lat' dir='ltr'><strong>afferens.</strong></span> <span class='ocrx_word' id='word_1_624' title='bbox 1540 4096 1616 4160; x_wconf 92' lang='lat' dir='ltr'><strong>Non</strong></span> <span class='ocrx_word' id='word_1_625' title='bbox 1641 4107 1692 4161; x_wconf 92' lang='lat' dir='ltr'><strong>est</strong></span> <span class='ocrx_word' id='word_1_626' title='bbox 1717 4097 1777 4162; x_wconf 92' lang='lat' dir='ltr'><strong>tibi</strong></span> <span class='ocrx_word' id='word_1_627' title='bbox 1805 4097 1892 4180; x_wconf 89' lang='lat' dir='ltr'><strong>apud</strong></span> <span class='ocrx_word' id='word_1_628' title='bbox 1919 4117 1972 4162; x_wconf 91' lang='lat' dir='ltr'><strong>me</strong></span> <span class='ocrx_word' id='word_1_629' title='bbox 2005 4097 2150 4180; x_wconf 89' lang='lat' dir='ltr'><strong>praefata</strong></span> 
     </span>
     <span class='ocr_line' id='line_1_45' title="bbox 246 4180 2150 4268; baseline -0.002 -16"><span class='ocrx_word' id='word_1_630' title='bbox 246 4189 372 4255; x_wconf 88' lang='lat' dir='ltr'><strong>Verum</strong></span> <span class='ocrx_word' id='word_1_631' title='bbox 400 4197 496 4251; x_wconf 86' lang='lat' dir='ltr'><strong>extra</strong></span> <span class='ocrx_word' id='word_1_632' title='bbox 529 4185 615 4248; x_wconf 86' lang='lat' dir='ltr'><strong>olcas</strong></span> <span class='ocrx_word' id='word_1_633' title='bbox 645 4181 744 4268; x_wconf 91' lang='lat' dir='ltr'><strong>(quod</strong></span> <span class='ocrx_word' id='word_1_634' title='bbox 776 4181 882 4264; x_wconf 73' lang='lat' dir='ltr'><strong>eiirnt)</strong></span> <span class='ocrx_word' id='word_1_635' title='bbox 913 4201 1049 4246; x_wconf 87' lang='lat' dir='ltr'><strong>currens</strong></span> <span class='ocrx_word' id='word_1_636' title='bbox 1077 4181 1129 4247; x_wconf 89' lang='lat' dir='ltr'><strong>hio</strong></span> <span class='ocrx_word' id='word_1_637' title='bbox 1181 4180 1288 4256; x_wconf 85' lang='lat' dir='ltr'><strong>venie,</strong></span> <span class='ocrx_word' id='word_1_638' title='bbox 1322 4181 1447 4244; x_wconf 87' lang='lat' dir='ltr'><strong>etiamsi</strong></span> <span class='ocrx_word' id='word_1_639' title='bbox 1476 4201 1529 4246; x_wconf 91' lang='lat' dir='ltr'><strong>me</strong></span> <span class='ocrx_word' id='word_1_640' title='bbox 1558 4181 1649 4246; x_wconf 89' lang='lat' dir='ltr'><strong>mille</strong></span> <span class='ocrx_word' id='word_1_641' title='bbox 1675 4183 1802 4264; x_wconf 90' lang='lat' dir='ltr'><strong>probris</strong></span> <span class='ocrx_word' id='word_1_642' title='bbox 1830 4191 1888 4246; x_wconf 87' lang='lat' dir='ltr'><strong>eut</strong></span> <span class='ocrx_word' id='word_1_643' title='bbox 1919 4183 2150 4249; x_wconf 89' lang='lat' dir='ltr'><strong>scommatibus</strong></span> 
     </span>
     <span class='ocr_line' id='line_1_46' title="bbox 160 4264 2150 4350; baseline -0.004 -9"><span class='ocrx_word' id='word_1_644' title='bbox 160 4276 322 4342; x_wconf 88' lang='lat' dir='ltr'><strong>fallaciam</strong></span> <span class='ocrx_word' id='word_1_645' title='bbox 335 4271 512 4339; x_wconf 88' lang='lat' dir='ltr'><strong>accidentis</strong></span> <span class='ocrx_word' id='word_1_646' title='bbox 532 4271 614 4335; x_wconf 85' lang='lat' dir='ltr'><strong>citra</strong></span> <span class='ocrx_word' id='word_1_647' title='bbox 631 4269 788 4332; x_wconf 85' lang='lat' dir='ltr'><strong>rationem</strong></span> <span class='ocrx_word' id='word_1_648' title='bbox 802 4269 909 4332; x_wconf 85' lang='lat' dir='ltr'><strong>inesse</strong></span> <span class='ocrx_word' id='word_1_649' title='bbox 923 4269 1127 4348; x_wconf 88' lang='lat' dir='ltr'><strong>pronuncies.</strong></span> <span class='ocrx_word' id='word_1_650' title='bbox 1181 4264 1431 4342; x_wconf 86' lang='lat' dir='ltr'><strong>insimulaveris,</strong></span> <span class='ocrx_word' id='word_1_651' title='bbox 1460 4266 1555 4331; x_wconf 89' lang='lat' dir='ltr'><strong>modo</strong></span> <span class='ocrx_word' id='word_1_652' title='bbox 1584 4267 1750 4350; x_wconf 91' lang='lat' dir='ltr'><strong>integrum</strong></span> <span class='ocrx_word' id='word_1_653' title='bbox 1780 4267 1977 4332; x_wconf 87' lang='lat' dir='ltr'><strong>christianae</strong></span> <span class='ocrx_word' id='word_1_654' title='bbox 2004 4268 2150 4334; x_wconf 87' lang='lat' dir='ltr'><strong>caritatis</strong></span> 
     </span>
     <span class='ocr_line' id='line_1_47' title="bbox 159 4351 2149 4436; baseline -0.004 -10"><span class='ocrx_word' id='word_1_655' title='bbox 159 4359 377 4427; x_wconf 66' lang='lat' dir='ltr'><strong>Tolerabilius</strong></span> <span class='ocrx_word' id='word_1_656' title='bbox 399 4359 509 4423; x_wconf 88' lang='lat' dir='ltr'><strong>forsan</strong></span> <span class='ocrx_word' id='word_1_657' title='bbox 530 4357 636 4421; x_wconf 87' lang='lat' dir='ltr'><strong>fuerat</strong></span> <span class='ocrx_word' id='word_1_658' title='bbox 658 4353 778 4418; x_wconf 88' lang='lat' dir='ltr'><strong>dicere:</strong></span> <span class='ocrx_word' id='word_1_659' title='bbox 802 4351 929 4417; x_wconf 86' lang='lat' dir='ltr'><strong>edicto</strong></span> <span class='ocrx_word' id='word_1_660' title='bbox 951 4352 1129 4418; x_wconf 75' lang='lat' dir='ltr'><strong>secumdum</strong></span> <span class='ocrx_word' id='word_1_661' title='bbox 1181 4351 1349 4416; x_wconf 86' lang='lat' dir='ltr'><strong>vinculum</strong></span> <span class='ocrx_word' id='word_1_662' title='bbox 1377 4360 1572 4434; x_wconf 89' lang='lat' dir='ltr'><strong>perseveret,</strong></span> <span class='ocrx_word' id='word_1_663' title='bbox 1600 4353 1686 4435; x_wconf 93' lang='lat' dir='ltr'><strong>quod</strong></span> <span class='ocrx_word' id='word_1_664' title='bbox 1714 4373 1816 4436; x_wconf 91' lang='lat' dir='ltr'><strong>spero.</strong></span> <span class='ocrx_word' id='word_1_665' title='bbox 1866 4353 2005 4418; x_wconf 89' lang='lat' dir='ltr'><strong>Interim</strong></span> <span class='ocrx_word' id='word_1_666' title='bbox 2030 4365 2149 4434; x_wconf 86' lang='lat' dir='ltr'><strong>eutem,</strong></span> 
     </span>
     <span class='ocr_line' id='line_1_48' title="bbox 160 4436 2151 4530; baseline -0.004 -18"><span class='ocrx_word' id='word_1_667' title='bbox 160 4448 238 4530; x_wconf 91' lang='lat' dir='ltr'><strong>quid</strong></span> <span class='ocrx_word' id='word_1_668' title='bbox 273 4445 314 4511; x_wconf 89' lang='lat' dir='ltr'><strong>ad</strong></span> <span class='ocrx_word' id='word_1_669' title='bbox 348 4443 540 4526; x_wconf 88' lang='lat' dir='ltr'><strong>simpliciter</strong></span> <span class='ocrx_word' id='word_1_670' title='bbox 573 4441 732 4505; x_wconf 90' lang='lat' dir='ltr'><strong>rationem</strong></span> <span class='ocrx_word' id='word_1_671' title='bbox 759 4439 860 4504; x_wconf 90' lang='lat' dir='ltr'><strong>fuisse</strong></span> <span class='ocrx_word' id='word_1_672' title='bbox 892 4439 1128 4514; x_wconf 87' lang='lat' dir='ltr'><strong>concinnatam,</strong></span> <span class='ocrx_word' id='word_1_673' title='bbox 1181 4456 1244 4518; x_wconf 90' lang='lat' dir='ltr'><strong>quo</strong></span> <span class='ocrx_word' id='word_1_674' title='bbox 1266 4436 1346 4500; x_wconf 94' lang='lat' dir='ltr'><strong>illud</strong></span> <span class='ocrx_word' id='word_1_675' title='bbox 1369 4447 1460 4501; x_wconf 89' lang='lat' dir='ltr'><strong>tunm</strong></span> <span class='ocrx_word' id='word_1_676' title='bbox 1475 4438 1676 4520; x_wconf 84' lang='lat' dir='ltr'><strong>paradoxum</strong></span> <span class='ocrx_word' id='word_1_677' title='bbox 1694 4459 1863 4516; x_wconf 88' lang='lat' dir='ltr'><strong>assereres,</strong></span> <span class='ocrx_word' id='word_1_678' title='bbox 1882 4437 1924 4502; x_wconf 90' lang='lat' dir='ltr'><strong>ed</strong></span> <span class='ocrx_word' id='word_1_679' title='bbox 1942 4441 2151 4522; x_wconf 88' lang='lat' dir='ltr'><strong>antiquorum</strong></span> 
     </span>
     <span class='ocr_line' id='line_1_49' title="bbox 160 4521 2149 4608; baseline -0.004 -10"><span class='ocrx_word' id='word_1_680' title='bbox 160 4535 292 4598; x_wconf 83' lang='lat' dir='ltr'><strong>temetsi</strong></span> <span class='ocrx_word' id='word_1_681' title='bbox 320 4541 471 4595; x_wconf 90' lang='lat' dir='ltr'><strong>neutram</strong></span> <span class='ocrx_word' id='word_1_682' title='bbox 500 4528 554 4594; x_wconf 93' lang='lat' dir='ltr'><strong>hic</strong></span> <span class='ocrx_word' id='word_1_683' title='bbox 579 4527 687 4590; x_wconf 89' lang='lat' dir='ltr'><strong>inesse</strong></span> <span class='ocrx_word' id='word_1_684' title='bbox 715 4545 787 4590; x_wconf 91' lang='lat' dir='ltr'><strong>sum</strong></span> <span class='ocrx_word' id='word_1_685' title='bbox 810 4522 1021 4602; x_wconf 88' lang='lat' dir='ltr'><strong>admissurus,</strong></span> <span class='ocrx_word' id='word_1_686' title='bbox 1042 4523 1129 4604; x_wconf 90' lang='lat' dir='ltr'><strong>quod</strong></span> <span class='ocrx_word' id='word_1_687' title='bbox 1180 4521 1350 4603; x_wconf 84' lang='lat' dir='ltr'><strong>praesidia,</strong></span> <span class='ocrx_word' id='word_1_688' title='bbox 1373 4531 1503 4605; x_wconf 87' lang='lat' dir='ltr'><strong>praeter</strong></span> <span class='ocrx_word' id='word_1_689' title='bbox 1524 4545 1629 4588; x_wconf 90' lang='lat' dir='ltr'><strong>meam</strong></span> <span class='ocrx_word' id='word_1_690' title='bbox 1651 4525 1936 4608; x_wconf 87' lang='lat' dir='ltr'><strong>exspectationem,</strong></span> <span class='ocrx_word' id='word_1_691' title='bbox 1965 4525 2149 4608; x_wconf 87' lang='lat' dir='ltr'><strong>confugisti.</strong></span> 
     </span>
     <span class='ocr_line' id='line_1_50' title="bbox 159 4607 2149 4704; baseline -0.004 -20"><span class='ocrx_word' id='word_1_692' title='bbox 159 4618 412 4704; x_wconf 90' lang='lat' dir='ltr'><strong>propositionem</strong></span> <span class='ocrx_word' id='word_1_693' title='bbox 434 4633 495 4697; x_wconf 91' lang='lat' dir='ltr'><strong>pro</strong></span> <span class='ocrx_word' id='word_1_694' title='bbox 516 4635 581 4696; x_wconf 91' lang='lat' dir='ltr'><strong>qua</strong></span> <span class='ocrx_word' id='word_1_695' title='bbox 601 4621 883 4676; x_wconf 86' lang='lat' dir='ltr'><strong>controversemur</strong></span> <span class='ocrx_word' id='word_1_696' title='bbox 904 4629 1057 4691; x_wconf 85' lang='lat' dir='ltr'><strong>provere</strong></span> <span class='ocrx_word' id='word_1_697' title='bbox 1078 4630 1129 4673; x_wconf 91' lang='lat' dir='ltr'><strong>re-</strong></span> <span class='ocrx_word' id='word_1_698' title='bbox 1180 4607 1265 4671; x_wconf 90' lang='lat' dir='ltr'><strong>Nam</strong></span> <span class='ocrx_word' id='word_1_699' title='bbox 1294 4618 1351 4672; x_wconf 88' lang='lat' dir='ltr'><strong>aut</strong></span> <span class='ocrx_word' id='word_1_700' title='bbox 1378 4607 1454 4673; x_wconf 86' lang='lat' dir='ltr'><strong>fidei</strong></span> <span class='ocrx_word' id='word_1_701' title='bbox 1482 4609 1639 4676; x_wconf 88' lang='lat' dir='ltr'><strong>articulus</strong></span> <span class='ocrx_word' id='word_1_702' title='bbox 1668 4621 1726 4687; x_wconf 91' lang='lat' dir='ltr'><strong>est,</strong></span> <span class='ocrx_word' id='word_1_703' title='bbox 1755 4621 1812 4675; x_wconf 89' lang='lat' dir='ltr'><strong>eut</strong></span> <span class='ocrx_word' id='word_1_704' title='bbox 1833 4610 1978 4675; x_wconf 87' lang='lat' dir='ltr'><strong>articulis</strong></span> <span class='ocrx_word' id='word_1_705' title='bbox 1999 4609 2149 4676; x_wconf 87' lang='lat' dir='ltr'><strong>haerens.</strong></span> 
     </span>
     <span class='ocr_line' id='line_1_51' title="bbox 162 4691 2150 4788; baseline -0.004 -18"><span class='ocrx_word' id='word_1_706' title='bbox 162 4705 362 4788; x_wconf 86' lang='lat' dir='ltr'><strong>duplicativa</strong></span> <span class='ocrx_word' id='word_1_707' title='bbox 383 4700 550 4782; x_wconf 88' lang='lat' dir='ltr'><strong>receperis.</strong></span> <span class='ocrx_word' id='word_1_708' title='bbox 595 4696 742 4762; x_wconf 78' lang='lat' dir='ltr'><strong>Tandem</strong></span> <span class='ocrx_word' id='word_1_709' title='bbox 762 4717 849 4771; x_wconf 87' lang='lat' dir='ltr'><strong>vero,</strong></span> <span class='ocrx_word' id='word_1_710' title='bbox 877 4715 939 4778; x_wconf 93' lang='lat' dir='ltr'><strong>qno</strong></span> <span class='ocrx_word' id='word_1_711' title='bbox 969 4694 1055 4760; x_wconf 92' lang='lat' dir='ltr'><strong>hunc</strong></span> <span class='ocrx_word' id='word_1_712' title='bbox 1077 4715 1129 4759; x_wconf 89' lang='lat' dir='ltr'><strong>ra·</strong></span> <span class='ocrx_word' id='word_1_713' title='bbox 1181 4691 1277 4772; x_wconf 84' lang='lat' dir='ltr'><strong>Quod</strong></span> <span class='ocrx_word' id='word_1_714' title='bbox 1306 4695 1333 4757; x_wconf 88' lang='lat' dir='ltr'><strong>si</strong></span> <span class='ocrx_word' id='word_1_715' title='bbox 1360 4715 1418 4776; x_wconf 90' lang='lat' dir='ltr'><strong>pro</strong></span> <span class='ocrx_word' id='word_1_716' title='bbox 1447 4694 1583 4759; x_wconf 88' lang='lat' dir='ltr'><strong>articulo</strong></span> <span class='ocrx_word' id='word_1_717' title='bbox 1612 4695 1753 4768; x_wconf 89' lang='lat' dir='ltr'><strong>duxeris,</strong></span> <span class='ocrx_word' id='word_1_718' title='bbox 1783 4697 1931 4777; x_wconf 85' lang='lat' dir='ltr'><strong>inprimis</strong></span> <span class='ocrx_word' id='word_1_719' title='bbox 1960 4695 2150 4762; x_wconf 82' lang='lat' dir='ltr'><strong>divinarum</strong></span> 
     </span>
     <span class='ocr_line' id='line_1_52' title="bbox 161 4779 2149 4866; baseline -0.005 -11"><span class='ocrx_word' id='word_1_720' title='bbox 161 4783 592 4865; x_wconf 87' lang='lat' dir='ltr'><strong>tiooinandimcdumprobe</strong></span> <span class='ocrx_word' id='word_1_721' title='bbox 612 4805 632 4846; x_wconf 91' lang='lat' dir='ltr'><strong>e</strong></span> <span class='ocrx_word' id='word_1_722' title='bbox 653 4799 687 4848; x_wconf 86' lang='lat' dir='ltr'><strong>ta</strong></span> <span class='ocrx_word' id='word_1_723' title='bbox 704 4803 835 4866; x_wconf 89' lang='lat' dir='ltr'><strong>prorsus</strong></span> <span class='ocrx_word' id='word_1_724' title='bbox 849 4779 975 4844; x_wconf 90' lang='lat' dir='ltr'><strong>elusum</strong></span> <span class='ocrx_word' id='word_1_725' title='bbox 996 4799 1129 4862; x_wconf 91' lang='lat' dir='ltr'><strong>persna-</strong></span> <span class='ocrx_word' id='word_1_726' title='bbox 1180 4779 1416 4861; x_wconf 87' lang='lat' dir='ltr'><strong>scripturarum</strong></span> <span class='ocrx_word' id='word_1_727' title='bbox 1438 4779 1611 4845; x_wconf 88' lang='lat' dir='ltr'><strong>ambienda</strong></span> <span class='ocrx_word' id='word_1_728' title='bbox 1633 4793 1728 4845; x_wconf 87' lang='lat' dir='ltr'><strong>erent</strong></span> <span class='ocrx_word' id='word_1_729' title='bbox 1753 4781 1918 4864; x_wconf 84' lang='lat' dir='ltr'><strong>suffragia,</strong></span> <span class='ocrx_word' id='word_1_730' title='bbox 1947 4780 2149 4864; x_wconf 88' lang='lat' dir='ltr'><strong>quandoqui-</strong></span> 
     </span>
     <span class='ocr_line' id='line_1_53' title="bbox 162 4863 2150 4956; baseline -0.005 -14"><span class='ocrx_word' id='word_1_731' title='bbox 162 4875 265 4956; x_wconf 89' lang='lat' dir='ltr'><strong>deres,</strong></span> <span class='ocrx_word' id='word_1_732' title='bbox 289 4872 447 4941; x_wconf 88' lang='lat' dir='ltr'><strong>adiecisti:</strong></span> <span class='ocrx_word' id='word_1_733' title='bbox 493 4869 622 4936; x_wconf 89' lang='lat' dir='ltr'><strong>Protuli</strong></span> <span class='ocrx_word' id='word_1_734' title='bbox 648 4869 752 4934; x_wconf 91' lang='lat' dir='ltr'><strong>multe</strong></span> <span class='ocrx_word' id='word_1_735' title='bbox 778 4865 929 4950; x_wconf 89' lang='lat' dir='ltr'><strong>exempla</strong></span> <span class='ocrx_word' id='word_1_736' title='bbox 958 4887 1039 4948; x_wconf 86' lang='lat' dir='ltr'><strong>quae</strong></span> <span class='ocrx_word' id='word_1_737' title='bbox 1068 4867 1128 4930; x_wconf 90' lang='lat' dir='ltr'><strong>tol·</strong></span> <span class='ocrx_word' id='word_1_738' title='bbox 1181 4863 1254 4927; x_wconf 91' lang='lat' dir='ltr'><strong>dem</strong></span> <span class='ocrx_word' id='word_1_739' title='bbox 1283 4865 1375 4928; x_wconf 89' lang='lat' dir='ltr'><strong>iuxta</strong></span> <span class='ocrx_word' id='word_1_740' title='bbox 1395 4863 1546 4949; x_wconf 84' lang='lat' dir='ltr'><strong>Dionysii</strong></span> <span class='ocrx_word' id='word_1_741' title='bbox 1576 4867 1774 4931; x_wconf 86' lang='lat' dir='ltr'><strong>sententiam</strong></span> <span class='ocrx_word' id='word_1_742' title='bbox 1796 4888 1863 4931; x_wconf 92' lang='lat' dir='ltr'><strong>non</strong></span> <span class='ocrx_word' id='word_1_743' title='bbox 1885 4875 1935 4930; x_wconf 90' lang='lat' dir='ltr'><strong>est</strong></span> <span class='ocrx_word' id='word_1_744' title='bbox 1962 4866 2150 4933; x_wconf 89' lang='lat' dir='ltr'><strong>audendum</strong></span> 
     </span>
     <span class='ocr_line' id='line_1_54' title="bbox 1181 4947 2149 5035; baseline 0.006 -23"><span class='ocrx_word' id='word_1_745' title='bbox 1181 4947 1287 5013; x_wconf 88' lang='lat' dir='ltr'><strong>dicere</strong></span> <span class='ocrx_word' id='word_1_746' title='bbox 1309 4950 1349 5014; x_wconf 93' lang='lat' dir='ltr'><strong>de</strong></span> <span class='ocrx_word' id='word_1_747' title='bbox 1371 4948 1576 5016; x_wconf 88' lang='lat' dir='ltr'><strong>substantiali</strong></span> <span class='ocrx_word' id='word_1_748' title='bbox 1599 4952 1768 5016; x_wconf 86' lang='lat' dir='ltr'><strong>divinitate</strong></span> <span class='ocrx_word' id='word_1_749' title='bbox 1786 4961 1915 5034; x_wconf 88' lang='lat' dir='ltr'><strong>praeter</strong></span> <span class='ocrx_word' id='word_1_750' title='bbox 1936 4973 1974 5017; x_wconf 92' lang='lat' dir='ltr'><strong>ee</strong></span> <span class='ocrx_word' id='word_1_751' title='bbox 1995 4973 2077 5035; x_wconf 87' lang='lat' dir='ltr'><strong>quae</strong></span> <span class='ocrx_word' id='word_1_752' title='bbox 2099 4951 2149 5018; x_wconf 92' lang='lat' dir='ltr'><strong>di-</strong></span> 
     </span>
     <span class='ocr_line' id='line_1_55' title="bbox 1182 5035 2150 5120; baseline 0.009 -23"><span class='ocrx_word' id='word_1_753' title='bbox 1182 5035 1303 5100; x_wconf 85' lang='lat' dir='ltr'><strong>vinitus</strong></span> <span class='ocrx_word' id='word_1_754' title='bbox 1332 5036 1424 5102; x_wconf 90' lang='lat' dir='ltr'><strong>nobis</strong></span> <span class='ocrx_word' id='word_1_755' title='bbox 1451 5059 1492 5102; x_wconf 90' lang='lat' dir='ltr'><strong>ex</strong></span> <span class='ocrx_word' id='word_1_756' title='bbox 1519 5038 1619 5102; x_wconf 89' lang='lat' dir='ltr'><strong>sacris</strong></span> <span class='ocrx_word' id='word_1_757' title='bbox 1649 5037 1782 5120; x_wconf 88' lang='lat' dir='ltr'><strong>eloquiis</strong></span> <span class='ocrx_word' id='word_1_758' title='bbox 1805 5058 1959 5120; x_wconf 89' lang='lat' dir='ltr'><strong>expressa</strong></span> <span class='ocrx_word' id='word_1_759' title='bbox 1981 5049 2065 5103; x_wconf 90' lang='lat' dir='ltr'><strong>sunt.</strong></span> <span class='ocrx_word' id='word_1_760' title='bbox 2110 5036 2150 5106; x_wconf 80' lang='lat' dir='ltr'><strong>Si</strong></span> 
     </span>
    </p>
   </div>
   <div class='ocr_carea' id='block_1_3' title="bbox 161 5019 363 5030">
    <p class='ocr_par' dir='ltr' id='par_1_3' title="bbox 161 5019 363 5030">
     <span class='ocr_line' id='line_1_56' title="bbox 161 5019 363 5030; baseline -0.015 -1"><span class='ocrx_word' id='word_1_761' title='bbox 161 5019 363 5030; x_wconf 75' lang='lat'><strong>........-.----</strong></span> 
     </span>
    </p>
   </div>
   <div class='ocr_carea' id='block_1_4' title="bbox 160 5089 2002 5391">
    <p class='ocr_par' dir='ltr' id='par_1_4' title="bbox 160 5089 2002 5309">
     <span class='ocr_line' id='line_1_57' title="bbox 266 5089 1130 5170; baseline -0.01 -18"><span class='ocrx_word' id='word_1_762' title='bbox 266 5099 311 5160; x_wconf 75' lang='grc'><strong>12)</strong></span> <span class='ocrx_word' id='word_1_763' title='bbox 331 5097 462 5170; x_wconf 72' lang='lat' dir='ltr'><strong>cyrillum</strong></span> <span class='ocrx_word' id='word_1_764' title='bbox 478 5097 510 5151; x_wconf 76' lang='lat' dir='ltr'><strong>iu</strong></span> <span class='ocrx_word' id='word_1_765' title='bbox 526 5093 600 5148; x_wconf 72' lang='lat' dir='ltr'><strong>hanc</strong></span> <span class='ocrx_word' id='word_1_766' title='bbox 615 5093 696 5160; x_wconf 74' lang='lat' dir='ltr'><strong>finer</strong></span> <span class='ocrx_word' id='word_1_767' title='bbox 719 5091 883 5147; x_wconf 82' lang='lat' dir='ltr'><strong>loudaocrut</strong></span> <span class='ocrx_word' id='word_1_768' title='bbox 900 5089 1002 5145; x_wconf 80' lang='lat' dir='ltr'><strong>Noster</strong></span> <span class='ocrx_word' id='word_1_769' title='bbox 1024 5091 1055 5144; x_wconf 77' lang='lat' dir='ltr'><strong>iu</strong></span> <span class='ocrx_word' id='word_1_770' title='bbox 1077 5104 1130 5170; x_wconf 60' lang='lat' dir='ltr'><strong>usu</strong></span> 
     </span>
     <span class='ocr_line' id='line_1_58' title="bbox 163 5159 1915 5238; baseline -0.002 -13"><span class='ocrx_word' id='word_1_771' title='bbox 163 5168 339 5238; x_wconf 73' lang='lat' dir='ltr'><strong>Goafcaaiouc</strong></span> <span class='ocrx_word' id='word_1_772' title='bbox 354 5167 387 5222; x_wconf 82' lang='lat' dir='ltr'><strong>de</strong></span> <span class='ocrx_word' id='word_1_773' title='bbox 404 5166 512 5221; x_wconf 63' lang='lat' dir='ltr'><strong>meuc</strong></span> <span class='ocrx_word' id='word_1_774' title='bbox 529 5163 642 5229; x_wconf 74' lang='grc' dir='ltr'>Ιειονα,</span> <span class='ocrx_word' id='word_1_775' title='bbox 666 5159 703 5214; x_wconf 83' lang='lat' dir='ltr'><strong>ed</strong></span> <span class='ocrx_word' id='word_1_776' title='bbox 723 5159 1002 5228; x_wconf 63' lang='lat' dir='ltr'><strong>quaecumquae</strong></span> <span class='ocrx_word' id='word_1_777' title='bbox 1021 5173 1129 5228; x_wconf 67' lang='lat' dir='ltr'><strong>param</strong></span> <span class='ocrx_word' id='word_1_778' title='bbox 1182 5169 1195 5174; x_wconf 92' lang='grc'><em>“</em></span> <span class='ocrx_word' id='word_1_779' title='bbox 1206 5169 1277 5174; x_wconf 81' lang='grc'><strong>”’“</strong></span> <span class='ocrx_word' id='word_1_780' title='bbox 1292 5169 1369 5174; x_wconf 77' lang='grc'><strong>““</strong></span> <span class='ocrx_word' id='word_1_781' title='bbox 1484 5225 1489 5235; x_wconf 58' lang='grc'>,</span> <span class='ocrx_word' id='word_1_782' title='bbox 1532 5223 1537 5234; x_wconf 63' lang='grc'>,</span> <span class='ocrx_word' id='word_1_783' title='bbox 1910 5224 1915 5235; x_wconf 66' lang='grc'><strong><em>,</em></strong></span> 
     </span>
     <span class='ocr_line' id='line_1_59' title="bbox 160 5223 2002 5309; baseline -0.008 -14"><span class='ocrx_word' id='word_1_784' title='bbox 160 5239 276 5309; x_wconf 65' lang='lat' dir='ltr'><strong>respiat</strong></span> <span class='ocrx_word' id='word_1_785' title='bbox 292 5235 365 5306; x_wconf 77' lang='lat' dir='ltr'><strong>(ride</strong></span> <span class='ocrx_word' id='word_1_786' title='bbox 381 5236 480 5302; x_wconf 64' lang='lat' dir='ltr'><strong>fabo).</strong></span> <span class='ocrx_word' id='word_1_787' title='bbox 1154 5224 1157 5256; x_wconf 77' lang='lat'><em>¹</em></span> <span class='ocrx_word' id='word_1_788' title='bbox 1287 5225 1330 5282; x_wconf 72' lang='lat'><strong>131</strong></span> <span class='ocrx_word' id='word_1_789' title='bbox 1351 5223 1433 5278; x_wconf 77' lang='lat' dir='ltr'><strong>Decet</strong></span> <span class='ocrx_word' id='word_1_790' title='bbox 1449 5223 1556 5292; x_wconf 76' lang='lat' dir='ltr'><strong>olsqaad</strong></span> <span class='ocrx_word' id='word_1_791' title='bbox 1573 5229 1598 5278; x_wconf 81' lang='lat' dir='ltr'><strong>ct</strong></span> <span class='ocrx_word' id='word_1_792' title='bbox 1615 5231 1705 5278; x_wconf 76' lang='lat' dir='ltr'><strong>tentas</strong></span> <span class='ocrx_word' id='word_1_793' title='bbox 1723 5231 1870 5294; x_wconf 64' lang='lat' dir='ltr'><strong>comptas</strong></span> <span class='ocrx_word' id='word_1_794' title='bbox 1886 5225 2002 5280; x_wconf 68' lang='lat' dir='ltr'><strong>udam.</strong></span> 
     </span>
    </p>

    <p class='ocr_par' dir='ltr' id='par_1_5' title="bbox 267 5311 1927 5391">
     <span class='ocr_line' id='line_1_60' title="bbox 267 5311 1927 5391; baseline -0.016 -12"><span class='ocrx_word' id='word_1_795' title='bbox 267 5321 377 5378; x_wconf 70' lang='lat' dir='ltr'><strong>cavat</strong></span> <span class='ocrx_word' id='word_1_796' title='bbox 391 5337 485 5391; x_wconf 77' lang='lat' dir='ltr'><strong>opera</strong></span> <span class='ocrx_word' id='word_1_797' title='bbox 522 5319 581 5375; x_wconf 82' lang='lat' dir='ltr'><strong>Vol.</strong></span> <span class='ocrx_word' id='word_1_798' title='bbox 599 5317 655 5374; x_wconf 78' lang='lat' dir='ltr'><strong>xl.</strong></span> <span class='ocrx_word' id='word_1_799' title='bbox 1892 5311 1927 5364; x_wconf 80' lang='lat'><strong>50</strong></span> 
     </span>
    </p>
   </div>
   <div class='ocr_carea' id='block_1_5' title="bbox 0 0 2462 5970">
    <p class='ocr_par' dir='ltr' id='par_1_6' title="bbox 0 0 2462 5970">
     <span class='ocr_line' id='line_1_61' title="bbox 0 0 2462 5970; baseline 0 0"><span class='ocrx_word' id='word_1_800' title='bbox 0 0 2462 5970; x_wconf 95' lang='lat' dir='ltr'><strong> </strong></span> 
     </span>
    </p>
   </div>
  </div>
 </body>
</html>
