4898 5970
306 269 367 331 ⁷47

305 451 477 522 consilium
499 445 683 514 huimmodi
701 466 815 512 causas
833 443 962 520 deferri,
986 465 1023 510 ac
1042 443 1103 509 sibi
1125 440 1183 506 uni
1199 459 1273 520 cog·

307 539 474 612 nitionem,
495 533 667 616 atquibus
688 532 891 598 committere
912 529 1060 607 voluerit,
1082 523 1272 594 reservavit.

307 623 407 690 Iussit
427 627 595 704 praeterea
623 617 768 701 captivos
790 637 903 681 omnes
925 615 1001 680 fidei
1023 635 1121 680 causa
1142 607 1276 676 liberari

307 719 340 777 et
356 706 483 774 restitui
503 706 620 788 cuique
638 723 713 770 suas
731 702 908 778 facultates,
932 723 969 767 ac
991 697 1141 766 omnibus
1159 695 1276 780 quibus

306 792 473 878 religionis
505 795 678 874 praetextu
706 787 877 871 ademptae
904 793 997 865 sunt,
1032 785 1133 850 donee
1166 780 1277 846 omnia

330 881 408 944 robe
436 877 591 961 cognorit,
641 874 767 940 Saltem
796 874 1003 956 respirabunt
1030 870 1192 952 tantisper
1221 866 1274 948 pii.

351 972 440 1030 terea
462 963 625 1028 Dominus
648 959 756 1044 aliqua
774 959 901 1024 ratione
926 978 1004 1023 suae
1022 955 1177 1022 ecclesiae
1203 973 1277 1035 pro·

305 1051 430 1136 apioiet.

393 1133 555 1202 Audimus
583 1134 618 1198 in
640 1131 818 1199 Germania
845 1129 998 1195 interiore
1024 1147 1094 1194 esse
1116 1122 1278 1208 quoddam

309 1243 435 1288 novum
456 1219 755 1302 Catabaptistarum
778 1237 883 1300 genus
913 1235 993 1298 quos
1015 1212 1202 1278 Libertinos
1225 1229 1278 1273 vo·

307 1315 392 1387 cant,
402 1309 432 1384 ⁴)
454 1306 586 1371 turbare
606 1305 677 1388 pias
698 1313 824 1367 mentes
842 1309 875 1366 61
892 1299 1100 1384 evangelium
1121 1293 1279 1362 remorari

307 1414 408 1478 supra
428 1413 527 1474 quem
547 1391 697 1473 cuiquam
724 1389 766 1453 sit
787 1385 954 1455 credibile:
984 1384 1081 1468 idque
1108 1380 1279 1448 didicimus

309 1501 330 1546 a
356 1478 421 1544 fido
447 1476 645 1560 dignissimis
673 1475 810 1540 testibus
838 1471 977 1538 oculatis
1005 1483 1038 1534 et
1066 1469 1194 1545 auritis,
1224 1465 1278 1548 qui

308 1586 349 1632 ea
368 1563 570 1646 potissimum
593 1561 699 1646 gratia
720 1559 785 1625 huc
806 1557 849 1624 ad
869 1579 929 1623 nos
950 1578 985 1624 se
1006 1562 1213 1638 receperunt,
1242 1558 1280 1615 ut

308 1649 435 1802 {alueis
465 1647 581 1713 libellis
610 1665 873 1712 succurreremus
901 1641 1032 1721 vicinis,
1060 1639 1173 1723 quales
1203 1643 1281 1702 sunt

341 1733 516 1812 eodienses,
535 1733 765 1808 Tornacenses,
785 1727 977 1795 Valentiani
991 1733 1024 1791 et
1041 1726 1097 1792 alii
1114 1725 1149 1790 id
1167 1741 1279 1808 genus,

308 1823 397 1887 inter
417 1840 498 1903 quos
518 1819 621 1902 pestis
641 1817 698 1882 illa
717 1815 876 1900 plurimos
897 1814 1010 1879 inficit.
1047 1811 1197 1878 Calvinus
1214 1807 1280 1872 iam

309 1907 440 1989 scripsit
465 1903 612 1969 libellum
643 1904 680 1967 in
713 1923 769 1967 eos
797 1922 877 1985 quos
903 1900 1016 1983 propie
1038 1895 1281 1978 Octabaptistas

309 2013 474 2064 vocamus,
497 2010 535 2055 ao
556 2009 591 2054 se
612 2008 698 2067 mox,
721 1987 855 2065 silicet,
877 1987 913 2050 in
934 1983 1123 2050 Libertinos
1144 1981 1281 2060 scriptu-

309 2077 574 2160 rumpollioetur.
607 2075 762 2158 Longum
773 2081 982 2138 esseteorum
1003 2070 1153 2134 haereses
1171 2085 1280 2148 perse-

310 2163 375 2248 qui.
418 2161 576 2227 Haeresis
598 2167 648 2224 est
665 2181 706 2224 ex
728 2157 889 2234 omnibus,
912 2163 952 2220 ut
971 2153 1113 2230 videtur,
1136 2148 1281 2216 haeresi-

309 2249 371 2317 bus
403 2249 507 2330 iisque
539 2244 779 2311 absurdissimis
812 2240 1044 2308 consarcinata.
1100 2235 1282 2318 Occupavit

311 2335 401 2404 etin
423 2331 534 2398 Gallia
555 2331 733 2395 multorum
760 2329 886 2393 animos
907 2323 1098 2392 detestanda
1116 2323 1180 2388 ista
1201 2322 1279 2386 1666.

309 2421 491 2486 Hominum
517 2437 619 2500 genus
646 2413 970 2497 periculosissimum,
1001 2409 1193 2492 quibuscum
1219 2405 1282 2474 ool-

310 2505 371 2570 lati
388 2502 630 2584 Oatabaptistae
658 2500 722 2566 viri
749 2497 827 2564 boni
854 2497 972 2562 merito
1001 2494 1115 2560 haberi
1136 2499 1281 2578 possunt.

311 2587 517 2658 sinendum
539 2586 631 2652 vobis
659 2593 860 2669 compertum
888 2583 933 2648 sit
980 2581 1136 2666 uidquam
1157 2577 1197 2643 de
1219 2578 1281 2642 hu·

311 2671 454 2742 iusmodi
474 2673 629 2756 pestibus,
652 2671 800 2753 poteritis
823 2603 997 2752 aliquando
1018 2665 1139 2733 certius
1159 2661 1282 2729 intelli·

313 2781 399 2846 gere
451 2756 519 2824 Sed
547 2756 687 2822 arbitror
715 2776 774 2822 vos
802 2776 868 2820 non
897 2755 1028 2819 omnino
1057 2752 1159 2816 latere
1186 2747 1283 2832 quale

312 2847 358 2912 sit
377 2845 439 2910 hoo
460 2843 631 2909 hominum
645 2863 759 2942 genus.
793 2840 956 2906 Dominus
978 2859 1039 2905 nos
1050 2835 1195 2905 6611661
1207 2854 1283 2918 pre·

314 2953 368 2998 ces
396 2937 431 2995 et
460 2928 569 2996 studia
591 2935 729 3004 6161161,
758 2948 856 3010 quem
883 2945 998 3011 precor
1027 2931 1064 2988 ut
1094 2943 1168 2988 eam
1190 2919 1283 2985 nobis

311 3024 457 3168 ffioem
490 3021 646 3099 suggerat
676 3033 741 3096 qua
774 3021 906 3078 strenuo
941 3011 1011 3077 eius
1039 3009 1129 3092 operi
1156 3008 1283 3072 incum-

390 3122 439 3167 us.

398 3185 553 3253 Salutant
583 3191 617 3248 te
649 3183 745 3249 amici
776 3203 906 3261 omnes,
939 3179 1131 3264 praesertim
1167 3176 1284 3259 quibus

311 3273 453 3342 salntem
474 3271 541 3336 tuis
559 3269 663 3336 literis
684 3269 834 3334 nunciati
849 3267 982 3334 iussisti.
1027 3263 1195 3332 Salutabis
1212 3282 1284 3327 meo

311 3359 444 3426 nomine
471 3358 512 3422 D.
542 3355 776 3439 Bulliapcncn,
807 3353 849 3419 ad
884 3373 983 3436 quem
1017 3350 1220 3433 scripsissem
1256 3347 1284 3412 si

313 3443 393 3528 quid
421 3442 595 3526 scriptione
628 3440 765 3526 dignum
802 3439 1012 3517 occurrisset,
1046 3443 1103 3501 aut
1134 3435 1164 3501 si
1194 3453 1284 3499 meas

313 3529 427 3596 literas
448 3525 570 3612 aliquid
590 3525 745 3592 allaturas
763 3525 940 3608 voluptatis
961 3532 1020 3588 aut
1040 3519 1193 3586 utilitatis
1210 3541 1283 3602 spe-

313 3635 447 3681 rassem.
499 3613 614 3678 Saluta
642 3612 781 3694 reliquos
810 3617 1010 3695 symmystas
1038 3617 1112 3672 tuos
1138 3613 1171 3670 61
1199 3605 1285 3670 viros

314 3699 426 3767 doctos
447 3699 504 3780 qui
525 3707 603 3762 sunt
629 3697 727 3763 isthic
753 3717 826 3762 meo
852 3696 999 3772 nomine,
1026 3691 1218 3776 praesertim
1240 3688 1283 3754 D.

317 3785 497 3868 0661161666,
506 3783 535 3868 ⁵)
562 3781 798 3861 Bibliondrum,
822 3780 1016 3848 Pellieaaam
1043 3785 1077 3842 et
1106 3776 1284 3842 (iconarum.

316 3869 439 3952 0661166
460 3879 493 3935 61
515 3868 654 3934 aeteus
675 3889 733 3934 vos
760 3888 873 3933 omnes
895 3867 1040 3932 salutare
1061 3863 1182 3928 iubent.
1229 3859 1285 3926 (lo-

314 3959 420 4023 mitcm
440 3962 521 4040 puto
543 3952 584 4020 ad
606 3962 639 4020 16
660 3953 801 4019 scribere
818 3953 936 4019 616616
953 3949 1062 4016 verbis
1083 3955 1116 4012 te
1134 3947 1284 4012 salutare.

316 4041 410 4110 Vale.
455 4043 651 4106 Lausannae
675 4045 703 4104 5.
727 4038 893 4122 Septemb.
920 4041 1010 4101 1544.

883 4174 973 4239 'lhus
994 4173 1032 4238 P.
1056 4171 1201 4235 Viretus.

316 4337 519 4348 -—-·--—--

420 4433 450 4499 4)
468 4427 514 4489 De
530 4431 575 4488 tir
592 4431 655 4489 aide
671 4429 828 4502 3611169611
843 4429 944 4484 tenea
960 4426 1009 4498 qm·
1027 4424 1205 4482 1166111161
1232 4423 1287 4477 Der

319 4505 510 4562 Widertbuller
525 4503 668 4572 Ursprung
684 4507 733 4556 etc.
769 4499 866 4555 Zirich
884 4497 950 4552 1561
967 4511 1031 4564 pap.
1049 4495 1082 4549 61
1100 4508 1172 4564 seqq.
1189 4496 1216 4548 ct
1231 4507 1287 4547 om·

318 4574 387 4630 aino
405 4570 579 4708 wolff
602 4611 609 4625 .
628 4571 663 4694 Ξ...
681 4571 751 4626 VH.
775 4569 866 4638 abique
880 4565 1070 4638 6161696666
1086 4568 1183 4620 nostra
1196 4577 1228 4632 p.
1245 4560 1287 4614 21.

1071 247 1331 321 nPlsnonan
1355 249 1524 316 571-514

1806 352 1826 395 a

1775 430 1849 500 572.

1463 659 1468 670 ⁸
1522 567 1856 636 BULLINGERUS
1878 565 2094 634 GALVINO.

1414 743 1541 822 Accepit
1567 741 1734 822 pecaniam
1757 761 1818 823 pro
1847 741 1942 822 paeri
1973 739 2079 804 diaeta
2111 735 2297 812 6616611666,

1324 849 1461 913 meram
1482 829 1588 908 ipsam
1611 827 1767 891 Genauam
1792 827 1932 900 remittit,
1961 824 2015 890 scd
2043 823 2192 900 16611616,
2221 823 2299 904 qaid

1329 915 1390 981 eibi
1410 915 1549 997 amplius
1570 913 1691 976 1616161
1710 911 1876 995 significat.

1331 1087 1387 1151 (Ex
1410 1083 1577 1154 autographo
1600 1081 1710 1135 Archiv.
1735 1081 1823 1136 Turio.
1847 1082 1919 1136 Plnt
1944 1081 1989 1135 v1.
2014 1081 2076 1133 Vol.
2102 1077 2152 1132 129
2181 1079 2246 1132 olim
2268 1077 2299 1132 B.

1495 1153 1564 1220 Epp.
1583 1149 1724 1218 1.10,161.
1744 1149 1801 1204 122.
1822 1178 1853 1188 -
1872 1152 1978 1222 Simler.
1997 1150 2057 1204 Vol·
2076 1149 2132 1212 55.)

1332 1341 1522 1410 Olarissimo
1551 1339 1621 1405 viro
1650 1340 1691 1404 D.
1714 1337 1833 1404 Ioanni
1854 1337 1992 1404 Calvino
2022 1335 2228 1404 Genevensis
2250 1355 2305 1401 eo·

1350 1429 1468 1494 clasiae
1489 1425 1640 1492 ministro
1661 1422 1849 1490 fidelissimo
1870 1424 1964 1488 fratri
1985 1423 2081 1508 longe
2103 1422 2282 1490 carissimo.

1417 1561 1569 1629 Gratiam
1591 1565 1625 1626 et
1645 1561 1734 1626 vitae
1755 1559 1973 1625 innocentiam
1995 1579 2015 1622 a
2037 1559 2108 1623 Deo
2129 1565 2224 1641 patre
2244 1577 2305 1640 per

1332 1649 1502 1717 Christum
1523 1647 1704 1714 Dominum
1732 1655 1888 1711 nostrum.
1939 1645 2209 1725 1111616616661)
2237 1663 2306 1708 una

1331 1758 1406 1802 oum
1428 1755 1488 1800 sex
1509 1733 1670 1799 coronatis
1688 1732 1796 1813 accepi
1818 1753 1838 1796 a
1859 1741 1901 1808 te,
1925 1729 2152 1796 colendissimo
2174 1730 2220 1794 mi
2234 1727 2305 1797 cat-

1331 1825 1410 1898 6166,
1432 1841 1490 1903 per
1511 1819 1679 1903 publicum
1700 1817 1791 1882 urbis
1811 1825 1941 1882 nostrae
1960 1835 2133 1882 cursorem.
2179 1817 2230 1880 Ao
2247 1813 2305 1880 ob·

1331 1903 1561 1974 secundaesem
1589 1903 1649 1968 tibi
1669 1902 1884 1969 libentissime
1912 1901 1977 1968 nisi
2006 1922 2118 1967 cursor
2146 1901 2182 1966 in
2210 1901 2306 1984 pueri

1332 2001 1508 2075 conspectu
1530 1997 1698 2055 coronatos
1715 1989 1883 2072 proferens
1905 1987 1987 2052 mihi
2007 1985 2202 2052 tradidisset
2237 1985 2305 2052 Ita·

1332 2099 1394 2162 que
1416 2097 1482 2142 non
1503 2076 1635 2159 ignorat
1655 2095 1736 2157 puer
1757 2081 1929 2138 coronatos
1950 2095 2008 2138 sex
2030 2073 2112 2138 mihi
2137 2093 2157 2136 a
2177 2081 2213 2136 te
2235 2091 2305 2137 6666

1333 2163 1458 2229 missos.
1503 2161 1575 2227 Imo
1596 2161 1785 2243 priusquam
1807 2157 1848 2224 ad
1869 2180 1923 2224 me
1953 2162 2080 2224 veniret
2100 2156 2143 2224 ad
2164 2157 2306 2223 scribam

1334 2248 1520 2326 diverterat,
1542 2247 1596 2312 oui
1617 2246 1737 2312 iterum
1760 2264 1861 2328 puero
1882 2253 2054 2328 praesente
2077 2243 2207 2309 dixerat
2229 2263 2306 2309 666

1335 2333 1550 2402 0616166661
1578 2337 1747 2398 coronatos
1776 2329 1893 2396 afferre
1920 2328 2111 2413 Bulliapcro.
2162 2327 2201 2394 Si
2228 2325 2305 2412 quid

1333 2441 1411 2504 ergo
1433 2418 1487 2484 hic
1508 2425 1678 2502 pmoatum
1699 2423 1750 2481 est
1768 2437 1836 2480 non
1853 2436 1928 2482 mea
1944 2415 2040 2499 culpa
2056 2423 2228 2500 peceatum
2245 2423 2303 2478 661.

1333 2507 1509 2570 Rationem
1530 2502 1647 2587 collegi
1664 2522 1761 2586 quam
1779 2521 1904 2584 papyro
1920 2501 2038 2566 illitam
2059 2499 2158 2565 simul
2174 2499 2228 2564 hic
2244 2497 2305 2564 tibi

1333 2593 1439 2670 mitto,
1461 2590 1557 2656 sicuti
1585 2611 1606 2653 a
1626 2608 1679 2652 me
1701 2585 1879 2670 postulasti.
1924 2587 1977 2652 De
1999 2585 2131 2670 reliquis
2153 2585 2305 2651 omnibus

1334 2677 1495 2742 rationem
1524 2673 1639 2740 reddet
1665 2694 1755 2756 puer.
1812 2673 1878 2738 Pro
1906 2672 1999 2739 libris
2026 2671 2111 2738 nihil
2138 2667 2304 2754 expondit

1334 2763 1421 2828 Nam
1448 2783 1508 2845 per
1535 2781 1642 2825 meam
1671 2759 1934 2824 intercessionem
1963 2758 2087 2824 factum
2112 2763 2164 2823 est
2184 2765 2225 2821 ut
2245 2755 2306 2820 mi·

1335 2850 1439 2914 nister
1467 2845 1657 2928 bibliopolae
1683 2853 1717 2910 et
1747 2844 1945 2928 typographi
1975 2843 2179 2910 Froscboveri
2206 2842 2307 2907 libros

1335 2935 1493 3016 receperit
1513 2953 1573 3016 pro
1594 2932 1741 3014 pecunia.
1784 2929 1962 2996 Praeterea
1986 2939 2157 2995 coronatos
2185 2935 2206 2992 4
2233 2925 2308 2992 dodi

1335 3020 1470 3098 scribae,
1493 3021 1625 3100 2puero
1636 3037 1694 3099 pro
1706 3015 1822 3082 debitis
1834 3013 1998 3081 solvendis
2009 3024 2043 3080 et
2059 3015 2186 3094 viatico,
2210 3011 2307 3079 sicuti

1334 3106 1405 3189 ipse
1426 3105 1554 3170 referet.
1597 3103 1670 3186 Ego
1691 3108 1860 3184 practerea
1881 3099 1921 3166 de
1948 3122 2021 3166 meo
2043 3100 2167 3167 scribae
2190 3098 2306 3164 dedit

1335 3190 1460 3258 talenta
1487 3189 1640 3273 tigurino,
1668 3185 1702 3252 id
1723 3196 1787 3266 661,
1815 3185 1967 3252 balcones
1994 3195 2154 3252 vestrates
2180 3189 2223 3248 40
2254 3180 2307 3247 vel

1336 3277 1416 3342 duos
1438 3283 1616 3352 coronatos,
1639 3275 1749 3338 minus
1773 3277 1812 3338 10
1830 3271 2030 3338 1616661166.
2074 3271 2145 3337 Η66
2167 3281 2205 3336 16
2226 3267 2308 3334 mihi

1336 3363 1442 3441 debes,
1465 3360 1518 3426 vel
1538 3359 1634 3442 pueri
1655 3367 1757 3443 pater.
1790 3359 1862 3442 Ego
1884 3358 2007 3424 scribae
2029 3355 2111 3435 1611,
2132 3355 2308 3440 quominus

1336 3455 1541 3514 succenseret
1558 3455 1617 3510 eto.
1662 3443 1802 3510 (iurabis
1824 3464 1911 3528 ergo,
1939 3444 1986 3508 mi
2009 3442 2152 3522 Oolvice,
2182 3448 2221 3506 ut
2248 3439 2308 3505 ali-

1335 3530 1465 3617 quando
1487 3552 1559 3596 eam
1583 3530 1754 3612 pecuniam
1775 3529 1939 3611 recipiam.
1973 3530 2024 3594 De
2044 3549 2146 3612 puero
2167 3548 2237 3593 non
2259 3530 2309 3590 est

1336 3617 1423 3702 quod
1445 3617 1551 3682 multa
1572 3615 1721 3681 scribam.
1767 3613 1942 3680 Maluisset
1963 3613 2017 3678 hic
2037 3634 2179 3678 manere.
2233 3611 2307 3677 Non

1336 3703 1511 3769 admodum
1533 3700 1672 3784 diligens
1688 3701 1750 3764 fuit
1766 3701 1802 3765 in
1824 3697 1985 3767 visitando
2006 3698 2091 3765 ludo.
2126 3697 2308 3780 (1611616-

1336 3790 1449 3856 fecerit
1474 3789 1510 3853 in
1538 3788 1651 3870 lingua
1680 3785 1867 3870 germanica
1894 3787 1950 3868 qui
1978 3785 2163 3869 germanice
2188 3787 2310 3848 norunt

1337 3873 1533 3957 intelligunt
1583 3871 1736 3938 Arbitror
1770 3879 1880 3936 autom
1914 3891 2053 3954 puerum
2088 3891 2156 3936 non
2184 3868 2309 3934 malum

1337 3962 1457 4042 alioqui
1479 3969 1513 4024 et
1533 3959 1672 4022 inertem
1694 3978 1773 4023 esse.
1816 3957 1909 4022 Bene
1930 3978 2007 4040 ergo
2028 3956 2143 4024 feceris
2164 3956 2194 4022 si
2215 3955 2310 4019 illum

1337 4066 1405 4111 non
1427 4043 1619 4110 deserueris.

1422 4129 1514 4195 Nihil
1535 4135 1706 4212 praeterea
1726 4128 1813 4211 quod
1835 4128 1974 4194 scribam
1997 4126 2110 4208 habeo,
2137 4127 2201 4192 nisi
2223 4123 2310 4210 quod

1338 4217 1460 4302 gratias
1488 4236 1549 4300 ago
1579 4225 1653 4280 tuae
1683 4215 1895 4293 humanitati,
1928 4213 1984 4296 qui
2011 4211 2225 4280 adolescentis
2252 4211 2310 4275 abs

1337 4324 1391 4368 me
1412 4301 1474 4368 tibi
1495 4299 1711 4367 commendati
1733 4321 1785 4365 res
1808 4309 1875 4364 tam
1898 4297 2070 4384 diligenter
2091 4319 2196 4366 ouras
2241 4299 2311 4362 Do·

1337 4389 1446 4454 minus
1468 4387 1562 4452 Iesus
1583 4394 1692 4452 servet
1712 4385 1859 4450 tenebis
1885 4385 1941 4450 116
1962 4384 2168 4452 incolumem.
2212 4383 2311 4450 Salu-

1338 4481 1465 4539 166116
1487 4473 1611 4538 fratres.
1656 4469 1822 4538 Salutabis
1843 4470 1936 4536 nobis
1957 4491 2070 4536 omnes
2092 4471 2221 4537 tratres.
2253 4467 2310 4534 ni-

1339 4561 1413 4643 guri
1438 4563 1485 4624 12.
1509 4557 1712 4641 Septembris
1734 4577 1820 4622 anno
1846 4561 1936 4621 1544.

1756 4691 1968 4778 Heinryohus
1990 4689 2203 4777 Bullingerus
2223 4699 2310 4756 tuus

1340 4819 1521 4828 ..μ-...μ-

1357 4885 1421 4945 572.
1440 4886 1468 4950 1)
1487 4883 1527 4939 N.
1545 4881 1604 4936 169.
