4898 5970
166 289 226 350 ⁷1⁷
1064 293 1146 354 1544
1168 289 1265 356 MAI.

163 475 362 626 giciunffibli
379 475 571 628 noric's’othm
588 477 701 544 baberi
719 475 800 543 fides
818 475 985 626 eiqrsmodil
998 477 1132 626 raftioui·
1632 477 1708 550 553.

183 581 230 626 us.
357 581 407 626 sm
536 564 549 628 i
609 565 678 628 ise
721 585 762 629 uo
785 583 826 628 ue
859 563 896 627 iti
941 583 1006 627 no
1040 583 1132 628 cesus

163 647 321 712 concessit
343 654 381 711 ut
403 583 588 714 valerentl⁴8
601 585 655 714 lia
677 585 855 715 discebam
878 583 940 713 egba
949 657 988 712 ut
1008 647 1131 714 vidore·
1427 614 1675 682 PARELLUS
1698 615 1915 684 GALVINO·

163 738 218 795 tur
235 733 402 816 negotium
419 735 506 798 inter
527 755 581 800 eos
603 734 687 800 bene
708 735 931 817 compositum.
971 733 1133 798 Restabat

161 823 201 880 ut
219 817 323 882 officio
350 837 408 883 suo
428 819 464 882 iu
491 840 649 903 pauperes
672 819 937 904 defungerentur.
983 817 1132 901 Charope-

162 901 257 967 rellms
284 909 383 968 totam
417 903 692 989 dispensationem
726 905 919 1003 relinquere·
952 903 1132 984 chanculo

162 995 334 1053 contentus
362 996 449 1090 erat..
489 989 645 1058 Οοιιιιιαι
673 997 799 1089 autem,
829 1009 922 1090 quasi
946 989 1131 1090 haereditas
1185 1041 1241 1106 (Ex
1259 1041 1425 1111 autographo
1443 1041 1512 1096 Bibl.
1556 1047 1676 1096 mm
1698 1043 1932 1124 mmmmm·
1967 1044 2035 1112 app.
2054 1043 2153 1106 mm

162 1072 245 1138 soret
263 1093 373 1139 socero
391 1075 513 1154 relicta,
532 1085 727 1142 nouantem
746 1075 931 1141 dretubutro
950 1095 1130 1152 commissa,
1348 1110 1412 1164 sm
1429 1109 1466 1164 Π,
1485 1109 1519 1164 Ν,
1572 1151 1578 1166 ⁸
1615 1111 1709 1180 Margo
1727 1129 1831 1180 passim
1849 1113 1989 1180 lacerata.)

161 1158 208 1222 ita
229 1179 344 1242 rapere
372 1159 414 1225 ad
443 1179 478 1225 se
499 1161 637 1227 volebat
676 1161 849 1244 Utcunque
871 1159 1130 1238 admoneremus,

161 1263 232 1309 ⁰⁸⁸⁰
246 1245 339 1344 .b‘.'¹¹³
360 1265 553 1343 Paupfflum’
583 1248 629 1314 ⁸5⁰
659 1255 729 1312 erat
749 1248 785 1310 in
811 1245 933 1346 Pf³⁰d⁸
954 1253 1131 1347 ⁰⁰⁰¹¹p²lt¹3⁸
1269 1279 1465 1346 Doctissimo
1488 1287 1521 1346 et
1537 1280 1789 1364 vigilantissimo
1832 1283 1932 1348 asturi
1949 1282 1995 1348 Io.
2015 1281 2153 1349 Oalvino

161 1337 199 1393 nt
220 1329 304 1394 mhrl
326 1329 415 1396 ahud
438 1351 535 1414 quam
562 1333 716 1414 praedam
738 1337 923 1398 sommaret.
968 1330 1131 1398 Postridie
1181 1365 1277 1431 fratri
1298 1375 1332 1430 et
1353 1388 1369 1432 s
1393 1387 1460 1430 mm
1485 1375 1555 1432 stae
1597 1388 1674 1432 uam
1696 1303 1864 1434 wissfflm

160 1416 268 1479 mirati
290 1436 402 1481 sumus
420 1425 522 1482 totam
540 1418 630 1483 illam
650 1419 910 1496 transactionem,
932 1437 1015 1501 quae
1036 1417 1130 1482 nobis
1369 1388 1391 1450 y
1461 1389 1483 1450 y
1575 1387 1596 1450 q
1948 1451 2104 1519 Gema

160 1500 303 1566 maximo
331 1501 440 1567 labore
474 1503 686 1586 molestiaque
715 1504 920 1580 constiterat,
953 1502 1129 1584 perillum
2105 1501 2114 1518 ⁸

160 1587 258 1651 luisse
287 1605 442 1652 eversam.
493 1587 550 1654 Sia
582 1589 714 1654 omnino
749 1589 789 1654 de
816 1588 909 1652 bonis
936 1587 1051 1671 Apaeti
1076 1609 1130 1654 ree
1267 1585 1302 1654 S.
1336 1587 1429 1670 Quae
1451 1587 1505 1656 hio
1525 1589 1608 1671 petit
1621 1589 1645 1670 ¹)
1668 1609 1756 1655 nunc
1777 1587 1876 1676 facile
1888 1588 2058 1672 impetrari
2079 1609 2153 1672 spe·

159 1671 265 1736 habet.
308 1672 422 1754 Neque
445 1694 522 1740 vero
549 1675 718 1740 consilium
746 1681 893 1740 nostrum
916 1685 966 1738 est
987 1683 1044 1738 aut
1066 1673 1130 1739 col·
1182 1680 1257 1739 rant
1278 1675 1344 1756 qui,
1367 1683 1525 1757 quantum
1552 1674 1709 1740 coniicere
1735 1675 1828 1754 licet,
1860 1673 2019 1758 colligunt
2048 1697 2089 1739 ex
2110 1675 2152 1742 iis

159 1755 251 1842 lagae
272 1765 384 1823 nostro
405 1759 601 1842 patrocinari
628 1770 686 1824 aut
707 1761 777 1824 eius
803 1780 934 1825 causam
956 1760 1128 1842 suscipere.
1181 1780 1263 1842 quae
1284 1757 1452 1846 ali[qaom]
1476 1759 1600 1826 faciunt
1622 1781 1721 1842 spem.
1769 1759 1886 1824 Caesar
1902 1781 1970 1824 non
1992 1768 2042 1825 est
2063 1781 2152 1826 aese-

159 1841 225 1908 Sed
247 1851 405 1925 quantum
423 1845 625 1928 purgationis
643 1856 772 1911 nostrae
793 1845 877 1909 ratio
899 1844 1041 1928 postulat
1058 1865 1128 1908 rem
1181 1853 1302 1927 quutus
1324 1843 1412 1929 quod
1432 1846 1620 1924 conabatur,
1650 1854 1684 1910 et
1706 1845 1785 1910 dum
1807 1856 1983 1928 utrumque
2005 1844 2079 1912 vult
2100 1867 2151 1911 re-

157 1927 192 1992 in
214 1927 357 1992 medium
379 1933 580 2012 proferimus.
623 1929 871 1996 Denunoiamus
896 1937 1004 1994 autem
1025 1930 1128 2009 vobis,
1181 1931 1331 2010 tinere,⁹)
1359 1941 1392 1996 et
1413 1931 1503 2014 pium
1525 1940 1558 1996 et
1578 1927 1820 2017 pontifi[cimn],
1843 1930 1920 1996 huic
1941 1951 2041 2014 quum
2063 1951 2153 1996 rece-

158 2013 275 2080 fratres
296 2014 465 2094 carissimi,
496 2018 618 2081 lurtum
640 2017 771 2100 penitus
793 2017 877 2093 loro,
906 2016 972 2080 imo
999 2015 1128 2080 saerile·
1180 2017 1268 2098 perit
1289 2017 1400 2081 omnia
1420 2039 1455 2082 se
1477 2037 1671 2082 eversurum
1699 2027 1732 2081 et
1752 2015 1838 2080 nihil
1864 2037 2037 2099 passurum
2058 2037 2153 2083 secus

157 2099 262 2182 glana
292 2100 322 2165 si
348 2101 420 2183 quia
442 2100 504 2166 sibi
526 2123 568 2168 ex
590 2101 705 2187 Agneti
731 2102 826 2167 bouis
855 2099 1032 2184 quidquam
1057 2109 1129 2165 tan·
1180 2103 1251 2166 fieri
1281 2123 1379 2185 quam
1406 2101 1579 2182 hacteuus,
1609 2102 1659 2166 illi
1686 2101 1835 2166 nonnihil
1863 2103 1930 2166 iam
1958 2102 2153 2168 concesserit

157 2205 253 2266 quam
271 2185 438 2268 proprium
464 2195 607 2270 usurpet.
650 2186 762 2252 Nihilo
789 2188 876 2252 enim
902 2186 1029 2251 meliori
1056 2185 1128 2251 inre
1180 2195 1214 2252 et
1235 2186 1330 2270 plura
1357 2188 1556 2270 promiserit,
1586 2207 1687 2270 quum
1714 2187 1769 2252 ille
1797 2195 1914 2272 urgeat
1941 2186 2153 2254 concordatas

158 2271 319 2352 quispiam
341 2272 488 2354 privatus
512 2273 546 2336 in
575 2293 613 2338 ea
639 2273 798 2338 involabit
826 2292 924 2354 quam
945 2269 1127 2353 praedones
1180 2273 1335 2338 articulos
1368 2281 1402 2338 et
1433 2273 1698 2338 reformationem
1731 2293 1879 2339 camerae
1900 2282 1933 2338 et
1964 2271 1998 2337 id
2037 2293 2152 2357 genus,

157 2355 263 2420 aliena
281 2357 422 2439 rapiunt.
457 2359 525 2424 Res
543 2359 630 2423 enim
648 2359 727 2424 satis
749 2365 868 2422 testata
889 2363 947 2433 est,
970 2356 1128 2438 Apertam
1180 2355 1242 2444 ai[’
1262 2357 1277 2444 ]
1301 2358 1384 2424 alter
1405 2359 1504 2424 fieri‘
1532 2358 1616 2423 nihil
1638 2359 1757 2424 horum
1778 2359 1887 2441 possit,
1909 2358 2008 2424 medii
2029 2358 2152 2424 consti

157 2461 198 2506 ne
230 2461 335 2507 assem
368 2443 499 2524 quidem
533 2455 590 2508 aut
619 2442 796 2525 &peccalo
826 2448 883 2506 aut
917 2439 1127 2524 Gtamperello
1179 2451 1317 2508 tuantur
1340 2443 1512 2510 Pamisus
1540 2452 1573 2510 et
1594 2443 1896 2528 Broadebargeaais,
1918 2453 1955 2508 ut
1974 2451 2152 2526 utrumque

156 2527 351 2608 attribuisse,
373 2528 434 2592 sed
453 2529 638 2594 testamenti
661 2527 766 2593 solum
788 2537 1019 2609 exsequutores
1044 2547 1127 2592 nun·
1178 2529 1349 2608 inducant,
1380 2527 1535 2617 aliqu[id]
1566 2531 1710 2613 patiatur
1738 2551 1804 2595 non
1825 2531 1987 2613 praestari
2014 2528 2055 2594 de
2075 2549 2151 2612 pro-

156 2631 300 2696 cupasse,
322 2612 378 2695 qui
399 2615 597 2696 pauperibus
620 2635 680 2680 sua
700 2613 810 2678 omnia
832 2613 1073 2678 distribuerent.
1178 2615 1295 2694 missis,
1316 2613 1493 2680 offenditur
1515 2625 1589 2680 uter
1611 2637 1660 2680 ue.
1704 2615 1841 2682 Accedit
1859 2612 2151 2699 Brunsvmsnsisq

239 2698 336 2764 Nunc
362 2697 403 2764 ad
425 2698 596 2765 comeam
622 2699 827 2764 revertimur.
873 2697 983 2778 Quum
1006 2696 1126 2764 valedi·
1178 2721 1284 2778 causa,
1308 2721 1404 2782 quam
1423 2701 1561 2784 urgebat
1580 2638 1705 2778 (lacem,
1728 2699 1813 2784 quod
1835 2697 1928 2799 n[oa]
1953 2699 2069 2766 debeat
2090 2698 2151 2764 du·

155 2791 242 2848 aeret
267 2781 398 2850 Caluino
420 2785 505 2850 dixit
525 2786 560 2850 in
583 2783 716 2850 aedibus
730 2783 940 2866 Clamperelli
961 2805 1031 2850 esse
1053 2805 1127 2849 oon·
1178 2789 1269 2850 catus
1290 2785 1331 2850 ab
1354 2784 1416 2849 alio
1438 2806 1573 2868 quama
1595 2785 1689 2868 pulso
1710 2785 1879 2869 possiden,
1901 2786 2030 2851 etiamsi
2049 2793 2155 2870 grave

154 2869 283 2933 tinuum
313 2869 420 2934 lusum
449 2871 538 2936 aleae
565 2877 598 2935 et
631 2869 862 2935 chartularum.
917 2870 986 2935 Nos
1018 2869 1125 2935 scisci·
1177 2871 1221 2935 sit
1241 2877 1419 2954 peccatum,
1442 2872 1508 2936 imo
1529 2869 1586 2934 ubi
1608 2871 1743 2955 gravius
1764 2879 1851 2937 esset
1873 2871 1934 2936 hoo
1959 2869 2052 2957 [esse]
2077 2869 2151 2936 an-

154 2954 262 3033 tando,
284 2955 493 3038 inquirendo,
521 2955 750 3040 percontando,
778 2955 861 3020 nihil
883 2955 948 3020 tale
969 2955 1125 3038 comperi-
1176 2957 1270 3036 serie,
1292 2957 1383 3022 cuius
1406 2956 1563 3022 autoritas
1580 2956 1797 3036 imminuitur,
1820 2957 1847 3020 si
1865 2955 1988 3020 fundus
2005 2957 2150 3038 optimus

153 3049 236 3105 nius.
279 3041 370 3126 Ergo
392 3041 478 3124 quod
507 3043 699 3108 criminatur
725 3061 784 3106 nos
811 3041 852 3106 ad
881 3047 973 3106 tanta
999 3040 1125 3124 flagitia
1175 3042 1339 3108 maximus
1361 3063 1381 3106 a
1402 3041 1657 3127 protestantibus
1678 3049 1858 3126 occupetur.
1890 3041 1979 3108 Hinc
1999 3037 2153 3140 fae[tam]¹

153 3127 338 3204 connivere,
360 3126 510 3210 improba
531 3135 581 3194 est
598 3127 772 3206 calumnia,
795 3129 879 3192 siout
895 3127 1020 3193 crimen
1041 3125 1124 3191 illud
1177 3135 1226 3194 est
1246 3135 1285 3194 ut
1305 3129 1421 3194 offensi
1449 3127 1591 3194 abierint
1614 3125 1698 3194 Saso
1719 3135 1752 3192 et
1773 3127 2001 3208 Loatprom'ua,
2031 3137 2065 3190 et
2092 3125 2150 3192 alir

152 3213 328 3278 confictum
350 3213 390 3278 ab
412 3233 449 3278 eo
470 3214 542 3278 fuit.
587 3212 806 3294 Quamobrem
827 3233 885 3280 vos
907 3213 1123 3291 obsecramus,
1176 3234 1247 3278 non
1264 3215 1373 3280 minus
1394 3235 1492 3299 aegre
1512 3215 1630 3289 ferant,
1653 3221 1686 3277 et
1705 3233 1789 3296 qnae
1805 3213 1871 3278 iam
1892 3212 2024 3278 fuerant
2039 3210 2154 3277 oblata·

151 3297 237 3381 quod
259 3298 331 3364 iure
353 3309 465 3363 nostro
487 3298 639 3366 videmur
660 3300 773 3376 facere,
804 3319 846 3363 ne
868 3305 1039 3382 protervae
1061 3297 1123 3362 lin·
1176 3321 1278 3382 quum
1310 3300 1421 3366 addita
1452 3299 1637 3367 conditione
1664 3298 1801 3378 inerim,
1834 3317 1922 3362 nuuc
1954 3318 2020 3361 uon
2048 3302 2147 3361 stant

152 3403 236 3467 guae
269 3391 303 3449 et
330 3384 476 3466 perditae
509 3384 728 3468 impudentiae
756 3384 922 3450 hominem
953 3383 1124 3468 patiamini
1176 3386 1227 3450 'Pu
1262 3385 1303 3452 ad
1329 3386 1488 3454 Bactrum
1521 3393 1554 3451 et
1582 3392 1766 3450 senatorem
1799 3381 2003 3470 Strrr[mium]
2036 3382 2151 3448 literas

153 3477 262 3534 tantae
297 3469 509 3553 turpitudinis
541 3481 652 3536 notam
684 3469 763 3534 huic
795 3470 948 3536 ecclesiae
980 3471 1122 3548 inurere,
1175 3492 1364 3538 communes
1386 3473 1516 3551 scribes,
1537 3480 1577 3536 ut
1597 3481 1712 3538 curent
1732 3492 1791 3554 per
1812 3490 1892 3553 quos
1908 3475 2062 3553 poterunt
2078 3475 2148 3533 tam

151 3556 232 3637 quin
254 3561 365 3621 nostro
386 3557 517 3622 nomine
538 3563 725 3623 constanter
741 3557 911 3622 resistatis.
954 3555 1041 3620 Nam
1062 3576 1123 3620 noe
1175 3558 1340 3641 principes
1369 3579 1467 3640 quam
1495 3557 1593 3624 urbes
1616 3556 1713 3623 scribi
1741 3578 1801 3639 pro
1832 3556 1904 3639 piis,
1913 3557 1943 3638 ⁴)
1974 3563 2007 3619 et
2035 3554 2076 3618 ad
2097 3554 2145 3618 Io.

151 3641 237 3723 quod
260 3641 428 3708 scribimus
455 3643 561 3726 parati
588 3663 702 3708 sumus
731 3649 764 3706 et
790 3663 899 3709 coram
927 3641 1062 3708 ecclesia
1090 3647 1123 3706 et
1177 3643 1352 3709 Simmiam
1380 3653 1413 3710 ot
1441 3641 1481 3708 ad
1503 3642 1545 3707 D.
1570 3643 1808 3720 Huldricrtm,³)
1836 3649 1874 3706 ut
1901 3641 2036 3706 seorsim
2066 3640 2146 3706 scri-

150 3727 185 3790 iu
208 3727 327 3793 iudicio
349 3729 442 3793 tueri.
487 3729 620 3806 Valete,
651 3729 767 3792 iratres
795 3727 889 3792 nobis
911 3724 1121 3792 dilectissimi.
1174 3729 1269 3806 bant,
1299 3729 1397 3812 idque
1418 3727 1556 3811 pluries,
1585 3729 1767 3794 dumalias
1794 3735 1995 3810 apparantur
2022 3725 2145 3790 litorea

149 3810 316 3878 Dominus
340 3833 398 3880 vos
421 3835 550 3897 semper
579 3813 698 3897 spiritu
726 3813 918 3894 prudentiae
940 3820 973 3876 et
994 3813 1121 3894 sapien·
1175 3813 1284 3894 Quam
1305 3813 1393 3880 male
1415 3812 1528 3880 audiat
1550 3813 1620 3879 Rea
1641 3813 1727 3898 quod
1749 3813 1865 3878 'amois
1887 3813 2026 3877 liberum
2048 3811 2147 3876 fuerit

150 3899 215 3964 tiae
238 3898 360 3982 dirigat
388 3898 430 3964 ad
454 3921 536 3983 opus
563 3920 668 3969 suum.
714 3897 877 3977 Genavae,
906 3902 934 3962 5.
958 3895 1121 3963 Calendas
1174 3900 1209 3965 iu
1237 3899 1348 3965 Gallia
1374 3921 1435 3964 sna
1461 3900 1572 3964 omnia
1597 3921 1728 3966 servare
1756 3899 1833 3965 lieet
1860 3898 1976 3980 impia,
2006 3905 2040 3960 et
2069 3915 2146 3961 vere

148 3983 312 4064 lusisse)
1173 3985 1252 4067 piis,
1282 3986 1337 4068 qui
1364 3983 1454 4050 aliud
1485 4006 1553 4050 uon
1579 3992 1742 4068 quaerunt
1770 4005 1874 4066 neque
1902 3990 2019 4049 curant
2046 4000 2146 4064 quam

661 4070 800 4134 Ioannes
823 4067 982 4136 Calvinus
1175 4069 1300 4136 christi
1327 4070 1483 4155 gloriam,
1515 4068 1593 4135 dum
1621 4070 1697 4136 huic
1724 4069 1917 4135 incumbunt
1943 4089 2007 4132 nou
2036 4067 2149 4134 solum·

558 4155 696 4220 iratmm
715 4154 870 4220 mandato
893 4163 926 4220 et
947 4153 1088 4220 nomine.
1196 4215 1203 4218 .
1239 4213 1243 4218 .

234 4327 290 4391 Ita
312 4325 477 4392 decretum
498 4326 561 4392 luit
581 4327 615 4391 in
637 4334 801 4392 conventu
821 4333 942 4391 nostro.
1174 4291 1405 4417 fffflgw
1413 4293 1590 4430 ssgssffifl
1606 4291 1766 4346 mmm
1782 4306 1816 4345 ’ω
1833 4289 1956 4344 ⁰b⁸⁶¹⁴⁶⁶
1965 4289 2066 4344 Nm
2082 4303 2143 4341 Μ’
2186 4365 2187 4368 ¹

1275 4433 1302 4494 2)
1321 4432 1359 4485 Im
1377 4431 1493 4485 comittit
1498 4429 1682 4552 ἓρίιωιιῶιιε
1691 4429 1855 4496 Imperator,
1874 4432 1905 4480 ut
1916 4427 1970 4480 cabi
1986 4429 2153 4504 preteream·

230 4501 302 4508 m
341 4499 353 4506 '⁴
1172 4506 1212 4555 tes
1229 4501 1366 4554 nardium
1384 4504 1481 4554 contro
1524 4499 1608 4554 auam
1630 4503 1812 4566 precatorem,
1831 4496 2015 4550 morosiores
2032 4495 2143 4561 aliquae

252 4615 283 4679 5)
301 4617 416 4670 Am*
433 4614 614 4696 “fimet
632 4614 699 4670 1544
722 4615 790 4682 wia
812 4613 845 4668 de
861 4614 963 4682 Arreti
984 4617 1120 4693 mortem.
1172 4585 1254 4694 :22⁶
1270 4571 1634 4700 mptpffflff
1683 4565 2040 4693 [giqwqaedmmm
2057 4569 2081 4616 et
2093 4577 2138 4616 co·

145 4685 306 4756 Septembre
326 4685 391 4738 1543
409 4689 522 4764 sempsit
538 4684 677 4751 Fortiter,
695 4683 713 4737 l.
731 4683 749 4737 l.
775 4684 813 4738 Im
830 4683 943 4738 ceredam
960 4688 1121 4738 redemtam
1275 4709 1302 4770 3)
1321 4707 1427 4760 Dm
1443 4705 1597 4760 Hem-m
1614 4720 1628 4757 e
1644 4703 1727 4771 mdo
1794 4651 1854 4757 gun
1870 4703 2010 4756 'mam
2027 4699 2139 4767 volebat,

139 4756 232 4823 lam
250 4753 342 4821 “dfert
362 4753 527 4809 Tm‘tm
544 4753 582 4808 “d
600 4753 665 4808 ΟΜ·
686 4753 744 4807 m·
1172 4777 1252 4831 caiae
1275 4776 1408 4830 ditiorem
1425 4781 1514 4830 meme
1532 4779 1715 4843 moneamur
1761 4771 1854 4826 cesari
1877 4769 2009 4850 remerari
2026 4789 2039 4850 Ιι
2049 4769 2140 4850 emit:

1171 4845 1281 4900 andam
1299 4850 1487 4899 memorerm
1504 4859 1537 4898 eo
1554 4843 1708 4897 condatem
1724 4847 1755 4895 at
1772 4859 1806 4896 ae
1860 4840 1891 4894 td
1904 4857 1936 4892 m
1951 4838 2082 4906 relegatae
2098 4836 2138 4890 aba

1271 784 1422 852 Politieaa
1443 787 1539 850 tricae
1561 787 1595 850 m
1617 787 1798 864 Gomoario,
1818 789 2070 870 persequutiones
2084 789 2155 870 pio·
2178 779 2199 805 “

1183 891 1257 936 ram
1276 873 1313 936 in
1338 871 1455 951 Gallia,
1479 871 1596 938 alteros
1615 870 1724 936 oderis
1745 873 1897 940 tristiores
1916 873 2065 956 deplorat.

1144 4941 1147 4969 t
1172 4915 1320 4969 mmmm
1336 4917 1462 4968 mutmet
1498 4911 1633 4982 (Stridon.
1652 4911 1696 4966 ΙΙ.
1714 4911 1774 4966 351.
1856 4909 1908 4964 mlx
1924 4908 1941 4962 l.
1959 4907 1989 4970 l.)

533 5029 539 5034 ,
580 5027 731 5034 --
1273 4983 1300 5048 4)
1319 4982 1408 5038 Gallie
1447 4981 1605 5048 praeterear
1626 4979 1901 5061 Valdqrrmbaa„2pro
1928 4975 2028 5056 mabar
2051 4978 2140 5054 emtam

1170 5052 1290 5134 imperii,
1309 5067 1391 5120 quma
1410 5023 1506 5105 deltam
1523 5065 1583 5104 mem
1601 5049 1755 5106 Praevertor
1766 5051 1926 5114 ammoneret,
1944 5061 2001 5098 enm
2018 5059 2076 5098 moa
2093 5059 2137 5096 m·

1168 5121 1301 5258 ‘mit
1313 5125 1467 5244 aaa..
1486 5187 1592 5256 aa...
