4942 5982
217 399 262 468 bb
691 413 694 420 ’
1126 403 1207 466 1540
1227 401 1319 470 mr.
1464 341 1471 359 1
2176 413 2221 476 fl

215 609 302 676 quae
330 609 383 656 ma
411 595 587 676 coegerunt
614 588 748 653 iratrem
776 587 960 664 remittere,
988 605 1053 671 quo
1074 609 1094 654 a
1115 609 1191 654 eon·
1243 591 1457 675 restinguent,
1474 589 1570 657 modo
1581 589 1810 660 dexteritatem
1821 615 1918 678 quem
1935 598 2218 679 potestedhibeat

217 677 372 742 ventione
392 673 451 740 illa
471 693 531 740 nos
552 672 729 758 expediret
1244 674 1342 755 Vale,
1382 677 1484 742 irater
1521 677 1569 742 mi
1606 677 1825 763 integerrime.
1887 679 1996 767 (logor
2033 684 2122 750 enim
2161 684 2215 758 hie

304 760 460 826 Nondum
478 760 771 842 satisoompertum
790 757 969 842 habeoque
981 757 1190 824 dereGene·
1243 762 1437 846 abrumpere
1458 783 1652 840 sermonem,
1673 763 1751 846 quia
1772 765 1870 832 nimie
1887 787 1960 832 sero
1976 789 2113 836 exorsus
2130 791 2214 838 eam.

217 867 337 913 venees
359 853 417 911 aut
438 845 679 911 tumultuentur
701 845 788 910 inter
807 865 858 924 se,
883 853 941 910 aut
966 845 1192 927 inquietentur
1244 843 1413 915 Salutabis
1441 847 1524 914 mihi
1550 867 1664 914 omnes
1693 850 1811 916 fratres
1843 852 2053 932 amieissime,
2089 853 2215 937 oopus

217 931 466 999 aBeruatibns.
481 933 521 1010 ¹⁰)
553 931 721 1014 Prospieio
739 937 850 996 mmen
868 930 1046 1014 pessimum
1063 931 1190 996 exitum
1242 932 1354 1012 adura
1379 932 1571 1014 (lardariam,
1605 933 1765 1016 Thomala,
1786 935 1980 1018 Miobaelem,
2003 939 2160 1008 Fatoaum
2180 947 2215 1010 et

217 1019 285 1084 illis
311 1018 499 1093 imminere,
527 1017 592 1082 nisi
621 1014 784 1082 Dominus
811 1016 895 1082 mira
922 1017 1031 1100 aliqua
1062 1016 1191 1082 ratione
1243 1019 1333 1084 alios.
1377 1017 1576 1086 Benedictus
1603 1019 1767 1086 Dominus
1792 1022 1849 1104 qui
1880 1023 2002 1090 virtute
2033 1027 2215 1098 seeretis

214 1113 398 1172 sueeurrat
442 1101 525 1182 Seis,
547 1102 677 1186 opinor,
706 1101 783 1185 quid
805 1102 973 1186 scripserit
994 1099 1192 1170 Marcentes
1242 1101 1348 1168 adfuit
1373 1105 1409 1170 iu
1435 1103 1616 1189 subigenda
1641 1104 1699 1170 illa
1727 1105 1829 1172 bestia
1877 1130 1939 1175 nae
1966 1109 2122 1180 adversus
2143 1112 2214 1196 glo-

216 1191 254 1255 in
285 1191 327 1255 iis
359 1189 463 1254 literis
494 1209 577 1272 quae
608 1209 675 1252 una
707 1209 782 1254 eum
822 1188 887 1253 tuis
922 1187 1004 1252 mihi
1044 1186 1191 1253 redditae
1242 1189 1327 1254 riam
1354 1190 1458 1273 ipsius
1486 1211 1610 1256 eoruua
1637 1191 1809 1258 extulerat.
1855 1129 1976 1262 belota
2002 1197 2103 1262 etiam
2130 1196 2213 1266 mihi

214 1277 360 1342 inerunt.
404 1274 539 1340 Deierat
560 1273 688 1338 fortiter
708 1271 771 1350 sibi
793 1294 962 1356 nunquam
988 1273 1024 1338 in
1046 1283 1190 1338 mentem
1243 1274 1419 1360 diligenter
1439 1275 1575 1342 fratrem
1589 1275 1799 1344 dammam
1820 1299 1893 1346 eum
1906 1302 2015 1348 uxore
2050 1281 2214 1352 Dominus

214 1362 348 1427 venisse
368 1367 408 1424 nt
433 1358 569 1438 dieeret,
597 1367 783 1442 oorruptam
809 1359 910 1424 inisse
935 1358 1105 1442 epistolam
1130 1358 1190 1425 Oe·
1244 1380 1302 1426 vos
1330 1361 1509 1428 ineolumes
1536 1369 1652 1428 servet
1707 1361 1819 1428 Nostri
1851 1385 1965 1432 omnes
1996 1375 2029 1434 te
2058 1367 2213 1436 salutant.

212 1447 317 1528 deleti,
338 1445 476 1527 ideoque
494 1445 707 1511 vehementer
718 1450 812 1530 rogat
822 1465 864 1509 ne
874 1445 961 1510 hano
972 1445 1190 1528 suspicionem
1242 1447 1456 1530 Argentorati
1477 1451 1527 1512 21.
1553 1447 1649 1514 Iunii.

214 1533 341 1600 diutius
361 1531 504 1597 insidere
525 1531 636 1596 animo
656 1551 730 1595 meu
751 1531 865 1614 patiar.
881 1532 923 1616 ¹¹)
973 1529 1027 1596 Ita
1055 1551 1190 1612 respon·
1860 1533 2019 1603 calvinus
2041 1546 2125 1606 tum,

212 1619 300 1685 debe
338 1625 377 1682 ut
415 1617 526 1682 videat
563 1637 616 1681 me
654 1615 857 1682 simultatum
902 1635 1018 1682 musas
1056 1617 1190 1681 minime

212 1725 388 1790 quaerere,
418 1722 457 1768 ao
484 1699 576 1767 nulla
604 1721 641 1766 re
669 1701 781 1766 minus
808 1700 961 1768 deleotari
994 1721 1091 1784 quum
1125 1700 1189 1766 dis·

213 1791 345 1859 eordiis.

305 1878 357 1941 An
379 1895 435 1940 eas
456 1871 595 1939 ditiones
615 1873 652 1936 in
673 1869 870 1958 Burgundio
886 1879 999 1938 teneat
1016 1871 1135 1938 (lomes
1150 1875 1190 1952 1Ὶ)

213 1983 299 2046 quae
319 1959 505 2036 nominasti,
527 1979 585 2042 per
602 1959 803 2024 ooeasionem
820 1958 993 2041 inquiram.
1027 1957 1067 2022 In
1081 1957 1193 2023 Gallia
1689 1975 1760 2044 m·

215 2056 307 2114 eerte
335 2045 419 2110 nihil
446 2045 493 2109 illi
521 2045 678 2110 relietum.
729 2044 843 2126 Itaque
870 2044 992 2110 frustra
1022 2041 1062 2108 de
1084 2043 1191 2108 Ponte

215 2132 366 2197 Veliensi
387 2139 421 2196 et
441 2129 514 2195 aliis
535 2129 671 2195 laboras.
716 2127 754 2194 Si
777 2128 899 2194 bellum
921 2131 993 2206 erit,
1015 2129 1125 2194 neseio
1148 2149 1190 2194 an
1311 2109 1526 2180 BUOERUS
1548 2111 1787 2182 ΜῙΝῙΒΤΒῙΒ
1809 2113 2143 2186 ΒΕΒΝΕΝΒῙΒΠΒ.

214 2219 417 2284 restituetur.
461 2216 579 2280 Mirari
600 2216 679 2280 satis
700 2236 767 2280 non
788 2235 937 2296 possum,
967 2213 1020 2280 ubi
1049 2215 1188 2279 somnia-
1678 2285 1684 2298 ι
1788 2287 1794 2298 Ι
1820 2287 1826 2300 ,

216 2305 306 2371 verit
318 2301 536 2369 Cressoaerias
558 2299 645 2384 qnod
665 2299 706 2364 de
727 2321 801 2365 mea
822 2301 1046 2366 reoantatiene
1067 2299 1191 2366 Garine
1248 2370 1255 2382 ,
1330 2284 1426 2364 Quem
1452 2283 1644 2384 antvensee
1671 2285 1825 2384 remeabo
1858 2291 2018 2386 expetunt
2036 2285 2213 2370 Calvinuna,

215 2387 339 2456 retulit
389 2387 458 2453 Nee
485 2386 589 2452 habeo
615 2384 701 2470 quod
730 2385 853 2463 dieam,
881 2386 945 2454 nisi
973 2394 1030 2450 aut
1061 2385 1188 2450 ebrium
1241 2389 1272 2434 ⁸⁸
1293 2369 1494 2454 Arminii
1514 2374 1580 2434 &lm
1600 2389 1793 2470 necessumst
1814 2376 1858 2436 ⁶⁸2
1878 2377 1913 2436 ul
1931 2392 2036 2471 ww
2052 2373 2130 2438 alibi
2146 2394 2212 2442 aaa

214 2475 318 2540 fuisse
339 2483 398 2538 aut
418 2472 590 2538 insaniisse
612 2493 712 2554 quum
730 2471 787 2534 illu
804 2471 956 2536 effutiret.
991 2471 1061 2554 Ipsi
1078 2478 1189 2535 tamen
1234 2459 1349 2554 Ρθῧβά·
1405 2455 1486 2537 Ipsa
1510 2457 1795 2557 ‚mmmm
1831 2456 1958 2523 ⁶⁰010³¹⁰
1984 2461 2072 2556 fnit?
2108 2479 2212 2526 mm

217 2559 357 2638 Garine,
393 2578 490 2642 quem
532 2557 628 2623 video
666 2555 817 2622 nonnihil
861 2557 1045 2636 turbatum,
1083 2557 1188 2639 primo
1239 2545 1351 2606 mmet
1378 2540 1579 2640 elpbmmtt
1601 2561 1853 2642 prostremam
1873 2547 1918 2608 esi
1939 2561 1991 2607 cus
2007 2564 2101 2610 mam
2121 2545 2213 2644 deuo

212 2667 343 2730 quoque
370 2643 489 2710 nuneio
517 2641 723 2710 satisfaciam.
774 2641 927 2710 Nicotaus
956 2651 990 2708 et
1012 2641 1189 2708 Heariebus
1239 2645 1377 2725 W
1399 2646 1485 2692 vim
1511 2627 1613 2694 “dvm
1641 2633 1800 2727 temti·
1856 2627 1929 2726 {am
1961 2633 1989 2694 el
2020 2627 2212 2698 Metensobss

214 2731 313 2798 valde
340 2731 497 2796 esuriunt
511 2731 553 2805 18)
603 2725 760 2808 Proinde,
793 2727 857 2794 nisi
889 2739 1017 2794 mature
1050 2727 1187 2806 veneris,
1233 2713 1498 2810 PYOSPWM
1520 2717 1547 2778 ‘i
1571 2710 1895 2794 Gaimml’msslffliw
1917 2713 2085 2798 Ηαθθῆθαθ
2109 2736 2211 2798 redut·

212 2813 361 2884 ineunda
387 2823 437 2882 est
463 2815 547 2880 ratio
574 2835 638 2913 qua
670 2813 807 2915 pecunia
841 2813 1002 2880 mittatur.
1051 2811 1189 2877 Miseret
1238 2802 1330 2860 stiur·

212 2923 270 2968 me
291 2922 391 2985 supra
410 2900 545 2965 modum
567 2909 682 2982 optimi
705 2897 871 2978 Zebedaei,
898 2897 952 2963 vel
980 2899 1090 2981 potius
1112 2919 1188 2963 een·

214 2987 348 3054 ditionis
370 2997 510 3065 nostrae,
531 2983 616 3069 qnod
634 2985 728 3050 nulla
745 2983 840 3049 hodio
852 2983 1022 3066 diaoiplina
1042 2991 1101 3061 est,
1124 3001 1189 3067 qua
1237 2965 1299 3090 ffib
1312 2965 1467 3048 flmfflrlw
1484 2965 1624 3103 ¹⁰¹}ssssssssss
1640 2967 1722 3088 ffi
1732 2967 1952 3090 ffilliigcgffl·
1970 2969 2070 3069 ⁰5⁰⁰*
2088 2967 2145 3036 ¹⁹⁶»
2162 2971 2210 3025 ἴοι

1911 3043 1999 3105 ptum.
2026 3038 2069 3092 ad
2086 3048 2211 3108 pastores

210 3073 318 3140 suriae
362 3073 443 3139 istas
480 3091 501 3136 a
539 3079 633 3138 tenta
676 3070 869 3154 intemperie
912 3069 1131 3136 cohibeamus.
1147 3071 1188 3154 ¹⁴)
1291 3053 1318 3088 ¹¹¹
1336 3051 1411 3089 “³¹²⁸
1428 3043 1616 3156 “fflmm
1634 3103 1697 3156 B„
1715 3119 1807 3158 mem
1824 3103 1881 3158 Iun.
1900 3103 1988 3172 1⁶40.)

212 3157 355 3240 Quando
376 3166 486 3223 tamen
507 3156 592 3222 nihil
613 3157 650 3221 in
671 3155 856 3240 praesentia
881 3155 998 3220 molius
1020 3153 1187 3232 habemus,

213 3244 347 3312 oonsule
369 3251 417 3321 ut,
437 3241 523 3326 quod
540 3241 581 3307 de
594 3242 778 3326 ignorantia
792 3240 918 3307 Christi
935 3240 1053 3320 doeuit,
1074 3261 1188 3306 eornm
1324 3241 1444 3308 Gratia
1471 3245 1506 3305 et
1533 3259 1612 3322 pax,
1641 3239 1704 3305 viri
1731 3239 1862 3323 optimi,
1890 3241 2008 3308 iratres
2040 3243 2209 3312 oarissimi.

211 3329 410 3396 testimoniis
419 3330 588 3394 eoufirmot
601 3347 738 3410 quornm
752 3329 908 3392 autoritas
917 3327 1047 3392 Bemae
1061 3325 1187 3409 pondus
1238 3326 1343 3392 Venit
1359 3326 1424 3394 hue
1438 3325 1606 3392 Pborellus
1622 3333 1735 3390 noster
1751 3326 1858 3390 ferens
1874 3326 2054 3392 multorum
2071 3328 2210 3394 fratrum

213 3415 357 3480 habebit
400 3414 510 3480 Habet
537 3435 581 3478 ex
605 3413 774 3479 veteribus
805 3413 924 3478 multos
946 3412 1185 3497 suffragatores
1239 3421 1273 3478 et
1289 3413 1446 3478 mandata
1462 3419 1497 3478 et
1512 3411 1624 3478 literas
1639 3409 1681 3476 ad
1698 3409 1902 3476 earissimum
1913 3411 2047 3478 fratrem
2060 3421 2210 3480 nostrum

212 3500 342 3565 Veram
364 3521 430 3565 non
451 3499 573 3583 poterit
593 3499 716 3564 maiore
737 3497 864 3564 invidia
885 3497 1088 3565 adversaries
1109 3519 1186 3582 gra·
1241 3498 1407 3564 Gabolum
1432 3506 1467 3563 et
1493 3518 1568 3576 nos,
1601 3495 1716 3580 quibus
1743 3516 1763 3560 a
1791 3494 1883 3562 nobis
1915 3497 2133 3578 oontendunt,
2166 3519 2209 3564 ne

216 3605 296 3652 vare
317 3585 458 3669 quamsi
475 3585 658 3658 Latiarum,
679 3583 848 3664 Boeeram,
871 3583 1037 3650 Baetim
1055 3591 1088 3650 ot
1105 3585 1186 3650 alios
1237 3584 1316 3668 quid
1332 3585 1462 3650 obstare
1478 3584 1645 3668 patiamur
1661 3583 1833 3665 quominus
1850 3582 2047 3664 obsequatur
2059 3583 2210 3650 wara

212 3673 251 3736 in
276 3671 418 3736 medium
440 3671 592 3754 prolerat.
643 3669 770 3735 Verum
802 3690 921 3753 operae
949 3670 1094 3754 pretium
1122 3671 1186 3735 erit
1237 3670 1401 3737 voeationi
1423 3669 1652 3746 Generatium,
1674 3689 1739 3750 qua
1761 3668 1798 3732 hi
1818 3667 1911 3734 iilum
1928 3679 2093 3750 pastorem
2111 3691 2209 3736 suum

212 3756 296 3822 haee
328 3757 541 3824 vehementer
579 3757 754 3840 exagitari:
788 3764 929 3838 quantae
960 3753 1185 3838 impudentiae
1237 3763 1399 3838 repetant.
1451 3751 1688 3832 Gaudendum,
1717 3754 1833 3831 fateor,
1862 3753 1955 3820 nobis
1979 3755 2136 3839 estquod
2158 3755 2207 3822 illi

211 3843 257 3908 sit
289 3863 311 3908 a
340 3843 489 3926 paueulis
520 3841 706 3906 hominibus
735 3839 874 3907 induetis
904 3850 937 3906 et
963 3841 1122 3922 imperitis
1148 3841 1185 3905 in
1237 3840 1278 3906 ad
1300 3861 1335 3906 se
1358 3839 1496 3906 redeunt
1517 3849 1550 3904 et
1571 3859 1606 3904 se
1627 3839 1798 3904 (lhristum
1819 3840 1854 3904 in
1875 3840 2033 3906 ministris
2058 3841 2127 3906 eins
2148 3862 2208 3906 ex-

210 3928 414 3994 tenebrieoso
443 3927 563 4012 angulo
591 3927 762 3993 haereseos
795 3927 943 3992 damnari
976 3926 1032 4009 qui
1063 3926 1184 4008 prinoi-
1236 3925 1360 4009 pulisse
1381 3931 1573 4008 agnoscunt.
1619 3925 1665 3990 At
1685 3923 1898 3990 nihilominus
1919 3923 1954 3990 id
1976 3927 2074 3992 etiam
2096 3925 2208 3991 viden·

209 4025 325 4099 patum
347 4013 444 4078 hodie
465 4014 501 4077 in
521 4012 656 4078 eoelesia
676 4019 801 4078 tenent.
837 4013 930 4078 Haeo
950 4013 1023 4096 ipsa
1038 4011 1184 4076 Bernam
1236 4011 1329 4090 dum,
1351 4032 1394 4076 ne
1415 4009 1493 4076 inde
1514 4010 1569 4076 ubi
1591 4007 1735 4075 Domino
1758 4009 1812 4076 hie
1834 4010 1906 4092 plus
1928 4031 2025 4093 quam
2049 4009 2205 4076 Genavae

207 4097 251 4163 ad
291 4098 466 4166 Consanum
511 4099 652 4164 seribere
695 4106 729 4164 et
766 4099 1041 4164 eommonofaoere
1085 4117 1183 4180 quam
1234 4097 1360 4162 fruetus
1371 4095 1497 4162 adferre
1512 4101 1620 4178 potest
1630 4103 1794 4161 avoeetur.
1829 4097 1934 4160 lixtra
1944 4094 2206 4178 Witembergam

207 4185 357 4250 odiosum
381 4185 411 4249 ei
433 4185 578 4248 futurum
599 4183 652 4262 sit,
675 4185 703 4248 si
725 4185 901 4250 reseiseant
922 4182 1003 4249 tales
1031 4183 1096 4248 riri
1123 4202 1183 4248 sua
1234 4181 1323 4248 haud
1353 4183 1400 4247 ita
1433 4181 1558 4246 multae
1591 4180 1746 4248 ecelesiae
1778 4189 1858 4245 sunt
1888 4189 2017 4262 praeter
2048 4189 2205 4260 nostram,

208 4271 332 4354 seripta
352 4271 400 4334 ita
419 4271 552 4352 impune
573 4269 710 4335 lneerari
731 4278 791 4335 ete.
836 4268 942 4334 Crede
963 4268 1044 4334 mihi
1070 4269 1182 4336 ineeu·
1233 4267 1290 4334 ubi
1319 4275 1352 4334 et
1380 4267 1522 4332 ministri
1549 4274 1583 4332 et
1610 4268 1820 4351 magistratus
1845 4285 1957 4330 euram
1983 4285 2076 4330 suam
2106 4265 2205 4351 longo

208 4355 303 4421 dium
330 4356 404 4421 istis
429 4354 645 4421 nebulonibus
679 4353 835 4420 excitabit
866 4353 953 4438 quod
988 4373 1055 4418 non
1087 4353 1182 4420 facile
1232 4354 1321 4420 ultra
1346 4360 1380 4418 et
1406 4372 1483 4418 suos
1510 4359 1544 4418 et
1569 4373 1649 4436 quos
1676 4373 1765 4418 nune
1797 4350 1918 4416 habent
1949 4348 2143 4430 extendant,
2175 4351 2205 4418 si

1232 4441 1350 4524 ouiqne
1375 4437 1529 4504 eoolesiae
1556 4458 1609 4504 res
1637 4458 1697 4504 sua
1724 4437 1817 4504 salva
1847 4455 1918 4502 esse
1946 4435 2105 4502 videatur.
2149 4437 2204 4504 De

1232 4524 1306 4592 aliis
1328 4523 1482 4602 eeclesiis,
1504 4525 1682 4590 autetiam
1703 4521 1901 4606 posteritate,
1924 4542 1989 4586 non
2007 4520 2202 4588 valdosolli-

299 4627 452 4692 10)P1ora
478 4627 583 4684 dabunt
610 4627 718 4696 Geliffe,
744 4627 805 4714 puel
855 4641 978 4696 epupes
997 4641 1028 4695 p.
1053 4625 1086 4680 17
1110 4629 1179 4681 saio.
1231 4612 1312 4676 (titas
1323 4609 1444 4676 videas·
1478 4609 1636 4676 Nostrum
1646 4610 1756 4691 itaque
1773 4628 1843 4672 esse
1860 4608 1976 4672 merito
1993 4607 2200 4686 arbitramur,

210 4695 331 4777 Mat
346 4695 437 4750 [13⁶
452 4699 521 4751 miv·
542 4695 657 4752 Gabeni
670 4695 791 4776 ptis..
825 4695 990 4762 ammittit
1005 4694 1064 4750 ⁸⁶¹·
1084 4693 1179 4764 Βθθέι
1231 4705 1270 4760 ιιι
1296 4693 1411 4762 demus
1436 4715 1569 4778 operam
1599 4715 1640 4758 ns
1667 4693 1701 4758 id
1730 4691 1830 4758 studii
1851 4711 1910 4773 pro
1933 4693 2004 4758 aliis
2025 4701 2060 4759 et
2080 4693 2201 4758 futuris

207 4763 272 4819 Μ·
290 4764 329 4818 ‘¹¹⁴
343 4767 441 4854 ssipi
457 4765 490 4818 αὖ
509 4765 619 4820 Giliii·
635 4767 660 4847 .¹.·
678 4764 728 4818 ¹⁷¹
745 4779 815 4845 'lm
831 4763 881 4846 23¹
900 4779 968 4820 ⁸⁰¹⁹·
1029 4833 1035 4843 .
1157 4835 1162 4845 .
1230 4781 1383 4860 eeolesiis,
1404 4779 1489 4864 quod
1512 4779 1652 4846 dominis
1680 4777 1803 4844 nostris
1830 4775 1934 4858 dedit,
1962 4779 2200 4862 exstinguatur,

207 4901 276 4956 m,
292 4833 347 4955 ,Ἐ-
363 4831 800 4955 ,ξῗζῖοιαΜΜΜΜφΜΜ
816 4849 908 4888 menos
925 4847 1095 4902 mmm
1112 4831 1181 4902 qued
1230 4877 1264 4933 et
1290 4868 1353 4933 hoo
1379 4865 1602 4950 qualecunque
1636 4863 1839 4930 instituimus
1872 4864 2083 4928 seminarium
2115 4861 2201 4928 seori

297 4969 343 5030 121
365 4969 523 5025 eustatmus
540 4987 559 5024 a
578 4969 767 5040 Fbreteutero
1229 4953 1401 5018 ministerii
1423 4951 1592 5018 dilabatur.
1637 4947 1691 5016 Ad
1712 4969 1784 5014 eam
1805 4957 1914 5014 autem
1935 4969 2005 5014 rem
2025 4947 2121 5014 valde
2140 4967 2200 5013 ne-

297 5039 341 5104 1³)
360 5039 378 5089 ί
398 5055 418 5092 0·
433 5041 577 5122 praestem
595 5041 650 5094 seor·
665 5039 845 5094 moeremus
862 5043 1026 5108 mrem·
1057 5038 1179 5108 Albim*
1229 5040 1370 5104 sessoria
1395 5037 1489 5103 nobis
1517 5044 1568 5101 est
1593 5055 1694 5118 opera
1722 5033 1846 5100 (labaim
1872 5035 1985 5100 nostri.
2032 5033 2200 5120 Praelegit

207 5106 280 5160 Μ
297 5107 430 5160 ⁰¹⁰⁰¹¹⁰⁰⁸
447 5115 589 5177 “imm
1072 5177 1078 5188 .
1229 5127 1264 5190 in
1286 5123 1450 5208 theologia
1468 5120 1642 5187 admodum
1663 5119 1814 5201 ielioitor,
1841 5127 1876 5186 et
1894 5119 1935 5184 ad
1958 5117 2199 5184 defendendum

207 5261 254 5297 ,η
294 5175 677 5314 sssslgffwffffiffi
696 5177 1009 5300 ξ’,ἠὲῗῃᾰψῗωξζ
1025 5176 1181 5303 '3:2de
1230 5217 1344 5276 eontra
1354 5207 1517 5292 sophistas
1534 5207 1650 5289 impios
1667 5207 1872 5292 evangelium
1885 5203 2008 5271 Christi
2018 5204 2200 5290 plurimum

208 5263 301 5368 oiribve
316 5319 358 5368 ees
373 5315 404 5368 ιιι
423 5311 594 5382 Piorum
610 5259 749 5367 amobe:
763 5330 791 5383 p.
808 5261 923 5367 ellim
1229 5295 1400 5362 institutus
1418 5301 1477 5372 est,
1499 5313 1566 5358 non
1587 5301 1717 5358 tantum
1740 5292 1922 5358 eruditione
1940 5311 2015 5446 repra
2031 5289 2202 5358 sedetiam

1981 5390 1995 5422 0

1626 1793 1733 1806 ---,..
1747 1795 1805 1802 ..-....
