4846 5962
1070 303 1332 374 urlsuousn
1355 305 1523 370 eos-363
2228 305 2292 370 296

296 517 396 564 eanse
413 501 447 562 et
465 495 575 562 raison
596 495 690 572 iuste,
713 499 747 558 et
768 514 856 577 quon
872 493 903 560 le
921 491 1269 578 oontruingnedaban-

299 583 428 648 donner
453 580 583 665 lesglise
610 578 749 662 laquelle
776 580 800 643 il
824 601 844 644 a
869 579 1058 644 fidelement
1084 579 1206 656 servis,
1235 585 1270 644 et

298 667 463 751 patainei
485 688 572 750 quon
593 666 626 730 le
646 667 746 730 retire
762 666 978 730 iniustomeut
999 664 1039 730 do
1065 663 1099 730 le
1119 664 1267 730 vooetion

299 774 342 818 en
362 752 503 835 laquelle
523 753 548 816 il
570 773 590 816 8
611 759 679 816 8818
696 751 1020 817 eonstituedeDieu:
1044 770 1106 832 que
1123 750 1268 815 lhomme

298 849 375 903 nest
402 858 460 920 pes
487 837 671 904 seulement
695 837 842 919 oultrage
871 856 930 919 par
957 856 994 901 ee
1021 855 1154 922 moyen:
1184 835 1268 900 mais

297 923 386 988 Dion
408 924 511 989 aussi:
543 944 607 988 vsu
629 942 691 1004 que
713 945 750 988 sa
771 921 919 987 vooetion
936 921 1081 1006 legitime
1098 929 1149 986 881
1165 921 1268 986 violes

298 1016 333 1073 et
352 1009 449 1074 iuiete
469 1009 574 1074 vaine.

383 1094 468 1159 Item
496 1093 604 1177 quelle
632 1093 762 1175 opinion
791 1113 873 1158 nous
902 1111 1004 1158 evous
1032 1091 1071 1156 de
1094 1090 1204 1156 Feret:
1235 1097 1269 1156 et

298 1201 342 1244 en
368 1179 475 1262 quello
503 1183 616 1244 estime
643 1175 669 1242 il
696 1189 748 1242 est
774 1199 893 1249 envers
917 1186 991 1242 tous
1013 1177 1134 1242 fideles.
1189 1175 1269 1242 (1881

298 1285 362 1347 que
401 1285 485 1330 nous
523 1265 554 1329 le
585 1265 721 1347 iugeons
754 1263 846 1329 avoir
882 1263 958 1330 bien
996 1271 1031 1328 et
1064 1262 1269 1346 loyeulment

297 1351 461 1416 tonsiours
486 1370 580 1416 verse
607 1369 650 1414 en
675 1347 782 1414 loevre
809 1349 850 1414 de
877 1357 987 1414 nostre
1008 1347 1178 1432 Seigneur.
1223 1349 1269 1412 Et

296 1441 452 1518 pourteut
469 1457 556 1519 quon
577 1456 619 1500 ne
639 1434 671 1499 le
693 1435 785 1518 peult
804 1438 914 1518 priver
935 1433 978 1500 du
1000 1435 1178 1512 ministere,
1200 1435 1268 1498 ius·

298 1541 378 1670 blm
400 1541 420 1586 e
440 1541 476 1586 oe
497 1521 566 1604 quil
582 1521 786 1604 apparuistra
803 1520 846 1585 du
858 1521 1027 1596 oonuaire,
1048 1520 1144 1585 sinon
1156 1527 1268 1586 oontre

338 1608 403 1671 oiot
424 1615 457 1671 et
477 1607 596 1672 raison

383 1693 451 1758 Les
473 1692 618 1758 advertir
635 1691 692 1756 des
713 1692 947 1756 inoonveuions
967 1691 1024 1774 qui
1046 1711 1088 1756 eu
1109 1696 1267 1773 pourront

298 1776 434 1842 advenir
454 1785 527 1842 tunt
548 1799 590 1842 en
612 1776 683 1841 leur
709 1777 786 1842 ville
813 1797 937 1843 oomme
964 1775 1091 1841 debore.
1142 1774 1266 1858 Singu-

296 1863 467 1928 lierement
487 1863 534 1928 les
556 1861 724 1928 seandales
745 1863 800 1945 qui
822 1883 880 1929 sen
902 1864 1102 1927 ensuivront.
1138 1859 1212 1942 Que
1229 1882 1266 1926 oe

297 1967 370 2014 sere
425 1969 485 2012 our
513 1947 661 2012 diffamer
694 1949 857 2032 leveugile
890 1947 930 2013 de
961 1957 1071 2012 nostre
1103 1945 1267 2030 Seignenr

297 2042 389 2098 entre
401 1969 454 2098 188
475 2034 662 2112 mesohens3
684 2034 824 2100 offensor
843 2041 917 2099 tous
938 2033 987 2098 les
1008 2034 1099 2110 bons,
1122 2031 1267 2096 troubler

295 2119 344 2183 les
379 2119 534 2183 infirmes.
589 2119 636 2183 Et
662 2141 723 2201 que
758 2141 883 2184 eomme
908 2118 980 2183 leur
1006 2118 1122 2202 ssglise
1148 2137 1169 2182 8
1195 2127 1265 2182 8818

295 2203 372 2269 bien
394 2225 587 2280 reuommee,
610 2205 716 2286 quelle
738 2224 811 2269 sera
832 2204 984 2270 deultant
1011 2204 1085 2286 plus
1113 2203 1263 2269 desoriee.

383 2288 456 2369 Que
478 2289 601 2354 dedens
622 2291 695 2354 leur
712 2290 789 2355 rille
806 2291 854 2355 les
865 2289 986 2355 bendes
996 2294 1022 2359 ⁷)
1040 2310 1097 2354 eeu
1109 2299 1266 2371 pourront

296 2374 474 2438 enflambor
511 2374 744 2458 dodranteige,
791 2376 906 2457 iusque
943 2396 963 2439 8
1001 2375 1189 2440 mutiueries
1231 2383 1266 2439 81

296 2458 460 2524 besteries.
504 2460 550 2524 llt
570 2481 693 2524 mesme
715 2482 777 2544 que
800 2471 892 2526 entre
913 2459 960 2525 les
984 2461 1148 2526 ministres
1165 2459 1189 2524 il
1207 2481 1265 2524 sen

338 2545 442 2608 urroit
469 2545 653 2628 eogendrer
680 2546 817 2628 quelque
850 2545 997 2611 sohisme.
1047 2545 1205 2630 Alleguer
1236 2545 1265 2610 si

295 2565 360 2694 bbn
388 2630 445 2714 luy
471 2629 593 2695 semble
622 2631 778 2713 quelques
809 2631 974 2715 exemples
1010 2632 1154 2709 aneieus,
1188 2651 1265 2695 sens

296 2715 468 2781 ettouoher
489 2715 520 2780 le
541 2725 648 2799 temps
671 2727 813 2798 present.

381 2800 591 2866 Finaloment
617 2801 665 2866 les
690 2801 896 2868 admonester
922 2823 985 2886 que
1011 2809 1079 2869 eest
1108 2821 1172 2885 qne
1202 2800 1265 2866 lire

295 2882 335 2948 de
354 2886 440 2952 Dieu
462 2907 482 2952 a
501 2895 668 2952 eoustome
695 2885 883 2972 dopporter,
910 2893 1012 2970 quant
1033 2907 1115 2952 nous
1136 2887 1170 2952 la
1190 2908 1264 2970 pro-

294 2991 432 3122 trioooqads:
460 2972 543 3038 ainsi
566 2993 652 3056 quon
678 2974 787 3052 feroit,
822 2996 864 3039 en
895 2981 1110 3040 oommeotant
1141 2993 1188 3038 un
1221 2971 1263 3038 181

318 3077 371 3121 eso
413 3079 457 3123 re.

378 3144 459 3209 Puis
489 3164 530 3208 en
558 3165 617 3209 sou
642 3163 719 3210 nom
745 3141 770 3206 il
798 3165 919 3228 pourra
945 3145 1108 3211 adiouster
1134 3165 1170 3211 88
1202 3165 1265 3228 que

292 3227 358 3293 bon
380 3229 439 3314 luy
461 3227 628 3308 semblera,
649 3249 744 3314 epres
766 3231 859 3296 avoir
879 3251 999 3314 expose
1020 3253 1072 3298 ees
1094 3230 1206 3296 ohosos
1224 3231 1264 3296 de

292 3331 353 3396 W
376 3315 506 3396 ΜΒ)
921 3401 1028 3466 Ionan
1049 3401 1177 3468 ouen.

685 3609 839 3618 --α--ᾁ
855 3611 880 3616 .-

712 3793 841 3866 312118

533 3929 782 3998 LU'PHERUS
806 3931 1021 3998 GALVINO.

294 4099 403 4166 (Talem
427 4101 578 4170 epistotam,
601 4102 627 4154 ei
649 4117 743 4156 reuera
766 4117 885 4170 aequm
909 4103 1065 4170 exsticisset,
1089 4103 1167 4158 bodie
1192 4103 1264 4156 inter

294 4184 386 4224 omues
403 4171 599 4224 memorabilem
616 4176 640 4224 et
657 4171 822 4238 singularem
839 4171 922 4224 88818
939 4177 964 4225 et
987 4177 1085 4225 ottmte
1106 4172 1261 4240 perlegeres.

297 4237 416 4292 titolum
433 4255 495 4294 vero
513 4241 563 4294 boe
579 4240 636 4292 loco
649 4241 805 4308 reponimus
826 4239 936 4294 dubium
953 4245 979 4293 et
994 4246 1153 4308 suspectum.
1187 4241 1264 4294 Venit

293 4307 339 4360 elle
356 4308 426 4360 inter
443 4323 487 4361 soe
504 4324 571 4378 quos
589 4307 666 4362 nobis
684 4308 800 4362 tradidit
820 4308 954 4362 Hearieue
973 4307 1081 4362 888888
1097 4309 1142 4363 ee
1160 4309 1262 4362 Bardi·

292 4375 414 4444 palmeis
432 4375 464 4430 de
481 4393 533 4446 quo
551 4376 713 4444 iuProleqp.
733 4373 755 4444 ξ.
773 4376 869 4430 ultimo
887 4375 1015 4446 diximus,
1032 4377 1076 4432 ee
1094 4377 1183 4434 vebis
1200 4393 1262 4432 eon·

292 4449 400 4510 neptus:
417 4442 443 4498 6.
460 4444 518 4498 Oet.
537 4443 613 4498 1541.
649 4444 791 4498 liutherus.
827 4445 895 4498 Viro
913 4445 1095 4500 eruditissimo
1118 4447 1150 4499 D.
1168 4447 1262 4500 Ioeuui

293 4513 406 4567 Calvino
432 4515 503 4632 efud
526 4513 696 4567 Geneventos
714 4515 781 4576 (sic)
804 4513 963 4567 administro
987 4515 1072 4568 smioo
1096 4521 1124 4568 et
1147 4523 1263 4584 petrono

295 4598 343 4634 suo
370 4581 447 4649 singu
459 4583 507 4634 eri.
551 4581 656 4651 Operae
675 4585 794 4650 pretium
817 4586 864 4637 vie
885 4583 990 4647 sectari
1011 4599 1133 4646 essenus,
1157 4585 1262 4651 81818-

293 4651 371 4704 88888
388 4649 573 4704 demonstrare
588 4653 711 4706 milanos
727 4651 800 4706 bose
822 4651 1025 4720 inscriptionem
1047 4667 1103 4706 aes
1126 4667 1185 4706 eom
1207 4667 1263 4706 esse

294 4793 346 4800 ---
365 4791 421 4798 ...μ-
434 4789 496 4796 ---

397 4887 428 5016 gl)
447 4889 649 5025 bebdbcrseobiere
670 4954 835 5013 dielorotion
860 4959 893 5012 cte
915 4959 1001 5014 Feret
1023 4969 1113 5014 contre
1135 4960 1163 5014 lu
1185 4960 1263 5014 dume

294 5041 328 5078 en
346 5029 466 5094 question
486 5027 562 5080 avait
579 5024 618 5105 tte'
633 5025 701 5087 saite
717 5028 741 5080 le
757 5027 798 5080 31.
819 5027 915 5095 juillet.
957 5028 986 5082 ll
1007 5029 1092 5096 reprit
1111 5029 1176 5096 plue
1199 5027 1263 5082 toro

294 5110 389 5173 secors
406 5095 429 5174 le
447 5095 527 5150 meme
544 5100 613 5160 emet
630 5101 654 5148 et
672 5095 813 5175 s'ernporta
830 5105 921 5152 aeutre
938 5099 965 5151 tu
983 5097 1017 5151 ue'
1034 5097 1134 5167 ziqeme
1150 5098 1189 5151 uo
1205 5113 1261 5150 mo-

290 5163 523 5286 ggttzffdfaeqo'ci
546 5179 575 5218 ee
597 5161 718 5232 qu'enfm
740 5179 801 5220 esre
822 5167 850 5220 la
872 5169 917 5232 sia
939 5165 1042 5222 d’Aout
1068 5168 1091 5220 te
1115 5167 1212 5236 peupte
1240 5167 1263 5220 le

1320 489 1851 573 emmeramme
1897 488 2291 572 ‘semme

1320 575 1597 710 semesae
1609 574 1734 709 ete
1748 559 2291 696 eewee

1319 697 1392 751 ultro
1408 697 1542 752 obtulisse.
1571 696 1669 766 Itaque
1685 713 1715 750 m
1734 695 1849 750 Initium
1866 711 1975 751 nomene
1992 711 2069 750 error
2087 697 2189 766 aliquis
2206 698 2290 751 loten

1319 766 1433 820 oidetrm
1473 765 1535 820 Iam
1558 765 1585 818 si
1606 779 1724 833 quaeror
1746 781 1796 820 eur
1817 779 1874 818 sou
1896 766 1954 832 ipsi
1968 780 2025 818 rem
2046 765 2237 820 messenum
2253 765 2291 818 ud

1336 834 1452 888 'idum
1474 833 1620 901 pedum
1641 834 1734 888 eonati
1759 835 1845 886 umus
1881 834 1886 846 '
1923 834 2049 886 uisitsou
2076 833 2153 902 opud
2177 832 2292 888 setosae

1384 903 1390 915 ‘
1414 905 1507 958 'suum
1528 903 1613 968 foeta,
1635 917 1721 969 supro
1745 917 1794 956 seo
1817 849 2002 956 1000qu
2024 902 2151 956 11888888
2182 903 2291 970 eiusque

1493 985 1648 1040 possessore
1664 971 1736 1024 sotis
1753 969 1857 1026 disere
1873 971 1951 1025 nobie
1968 969 2111 1036 uidemur.)

1704 1225 1907 1234 -a—-u---n-o—-a

1765 1441 1841 1512 3113.

1577 1577 1812 1646 OALVINUS
1832 1577 2028 1646 BUOERO.

1405 1749 1560 1816 Narratio
1570 1771 1675 1815 rerum
1679 1753 1841 1831 praesente
1860 1749 1964 1815 Vireto
1978 1751 2290 1834 Neoeomipestaram

1317 1835 1353 1900 ia
1379 1855 1476 1901 eausa
1503 1834 1625 1900 Ferelli
1649 1855 1731 1900 nune
1757 1837 1990 1919 ingravescente.
2042 1837 2184 1902 Geneuae
2212 1837 2290 1920 lepee

1317 1921 1538 1987 eeclesiastieee
1569 1921 1705 1986 nortuum
1743 1941 1764 1986 o
1799 1919 1917 1986 Senatu
1955 1927 2101 2004 aceeptus.
2164 1923 2288 1988 Viretae

1317 2007 1439 2072 diutius
1466 2006 1512 2070 ibi
1537 2007 1717 2072 retinendus
1743 2011 1772 2072 81
1797 2005 2076 2073 Lausonneeeeue
2102 2009 2167 2074 olio
2198 2009 2287 2074 modo

1313 2091 1575 2174 prospiciendam.
1622 2091 1726 2158 Pestis
1746 2091 1840 2157 etiam
1861 2091 2024 2158 Baeticam
2045 2093 2167 2177 afllipit.

1318 2263 1372 2328 (llx
1391 2261 1558 2331 autographo
1575 2261 1684 2314 Arobiv.
1708 2262 1837 2316 Theman.
1858 2263 2030 2332 Argentorati
2052 2263 2121 2334 llpp.
2150 2265 2287 2318 variorum

1317 2331 1349 2385 Τ.
1369 2331 1404 2384 11.
1423 2329 1457 2384 N.
1477 2331 1500 2400 1,
1519 2331 1593 2383 euius
1611 2331 1786 2400 apogr-ephon
1804 2337 1895 2384 exstet
1913 2349 1928 2384 8
1948 2333 1984 2384 od
2002 2331 2145 2385 Simlemm
2163 2331 2226 2386 Vol.
2244 2331 2286 2398 50,

1470 2403 1499 2452 et
1517 2399 1606 2452 versio
1624 2399 1728 2468 englioe
1745 2399 1816 2468 apud
1835 2399 1909 2454 B.·o.
1927 2349 1957 2454 1.
1974 2401 1995 2454 1.
2013 2417 2039 2470 p.
2059 2399 2132 2462 264.)

1402 2587 1443 2652 D.
1473 2587 1619 2654 Mertino
1646 2587 1788 2666 Bueero,
1817 2587 2103 2672 Argentoratensis
2133 2588 2287 2654 eoolesiae

1317 2673 1439 2756 pastori
1461 2681 1495 2738 et
1516 2672 1639 2738 dootori
1660 2670 1857 2752 fidelissimo,
1879 2673 1966 2755 petri
1994 2694 2066 2738 meo
2088 2672 2286 2740 venerando.

1618 2841 1778 2909 (lelvinus
1797 2843 1925 2910 Buoero
1947 2841 1982 2910 S.

1401 2994 1514 3076 Quum
1536 3019 1619 3063 uxor
1640 2996 1777 3080 appulit,
1800 2996 1944 3062 noudum
1966 2997 2107 3063 redierat
2122 2997 2288 3063 Neooomo

1323 3081 1457 3160 Viretus,
1479 3103 1544 3164 quo
1566 3103 1641 3148 eum
1662 3081 1760 3165 paulo
1783 3089 1860 3148 ente
1877 3083 2077 3162 miseramus,
2100 3091 2138 3147 ut
2154 3083 2183 3148 si
2202 3081 2287 3147 nihil

1316 3165 1414 3247 eliud,
1436 3165 1551 3234 saltem
1573 3177 1607 3234 et
1628 3167 1721 3233 bonis
1743 3175 1776 3233 et
1798 3167 1891 3232 malis
1912 3175 2068 3233 testatum
2095 3176 2206 3234 nostro
2228 3189 2287 3234 ne·

1314 3254 1403 3318 mine
1425 3252 1553 3332 teneret,
1575 3273 1672 3337 quem
1694 3253 1838 3318 alienum
1862 3255 1946 3319 8118
1973 3254 2028 3338 piu
2049 3261 2083 3318 et
2106 3254 2287 3319 ohristiane

1315 3339 1449 3416 ratione,
1471 3337 1598 3423 plebem
1621 3339 1661 3404 ob
1683 3339 1844 3417 minimas,
1865 3339 1918 3404 vel
1940 3339 2038 3404 etiam
2055 3337 2224 3404 interdum
2246 3336 2288 3404 ob

1315 3423 1423 3489 nullas
1450 3441 1566 3492 eeusee
1592 3423 1789 3491 iusoleseero
1810 3430 1925 3490 eontra
1941 3425 2137 3490 ministrum.
2183 3423 2287 3490 Nobis

1314 3509 1544 3576 renuntiatum
1570 3517 1656 3590 erut,
1679 3509 1766 3574 diem
1795 3530 1866 3575 esse
1893 3509 2016 3576 dietum
2045 3511 2169 3575 emioee
2198 3529 2288 3576 oom-

1357 3595 1483 3659 sitioui:
1512 3615 1550 3660 88
1578 3595 1630 3660 die
1658 3593 1827 3660 adiuturos
1853 3595 2046 3662 Beruenses.
2098 3592 2289 3660 Adfuerunt

1361 3679 1549 3746 81888118ηεί8
1570 3689 1604 3744 81
1625 3681 1860 3764 Ausperqerus.
1905 3681 2018 3746 Primo
2037 3679 2181 3746 adventu
2208 3702 2288 3747 oon-

1315 3765 1418 3831 suluit
1449 3786 1504 3832 eos
1538 3765 1677 3844 Viretus,
1710 3765 1864 3848 quidnam
1939 3765 2059 3832 endum
2091 3767 2153 3832 sibi
2193 3767 2288 3830 foret

1314 3851 1495 3934 Exemplar
1504 3851 1674 3916 literarum
1683 3857 1869 3916 nostrarum
1881 3871 1922 3916 ex
1947 3851 2037 3930 ibuit,
2056 3851 2213 3918 mandate.
2231 3873 2289 3916 ex·

1314 3938 1439 4020 posuit:
1460 3937 1526 4002 imo
1544 3959 1583 4002 ea
1604 3956 1731 4020 quoque
1753 3935 1793 4000 de
1815 3935 1935 4018 seripte
1957 3936 2121 4002 reeitsvit:
2144 3934 2290 4020 nequid

1314 4021 1380 4087 nisi
1395 4043 1437 4086 ex
1453 4043 1566 4087 eorum
1589 4021 1763 4088 autoritate
1781 4029 1930 4086 tentaret
1974 4021 2060 4087 Nam
2082 4021 2142 4088 boo
2165 4022 2289 4088 diserte

1314 4108 1479 4190 professus
1500 4117 1557 4182 est,
1581 4129 1615 4172 se
1638 4106 1719 4172 nihil
1739 4127 1810 4172 esse
1827 4113 1982 4186 uotorum,
2007 4109 2035 4173 si
2056 4107 2103 4172 118
2123 4109 2289 4174 iuberent.

1322 4191 1550 4258 Wateeitleneu'e
1578 4213 1637 4257 suo
1665 4213 1755 4257 more
1783 4191 1943 4275 ambiguis
1975 4192 2138 4276 responsis
2171 4193 2289 4258 ludere

1313 4277 1488 4344 hominem.
1534 4275 1641 4344 Suum
1662 4299 1729 4342 nou
1754 4299 1823 4343 esse
1852 4277 1902 4342 illi
1930 4278 2158 4360 praescribere.
2204 4279 2290 4345 Esse

1313 4362 1445 4447 quidem
1473 4363 1581 4447 ipsum
1610 4362 1812 4429 subditione
1841 4363 2076 4442 Bemensium,
2109 4361 2169 4428 sed
2199 4385 2289 4430 nuno

1314 4449 1555 4515 eommodetnm
1577 4447 1837 4526 Geuevensibue,
1863 4448 1940 4539 lieet
1962 4447 2003 4514 ed
2025 4449 2123 4514 breve
2143 4456 2289 4532 tempus.

1313 4535 1454 4600 Fuoeret
1481 4555 1559 4618 ergo
1586 4533 1672 4618 quod
1704 4533 1829 4600 videret
1856 4531 2018 4619 expedire.
2063 4532 2218 4600 Aderant
2247 4556 2289 4599 ex

1313 4621 1412 4686 sertis
1433 4621 1590 4686 elassibus
1612 4621 1738 4684 fratres.
1781 4619 1844 4684 His
1873 4621 2011 4703 figurato
2033 4640 2184 4686 sermone
2211 4619 2289 4686 sub-

1313 4706 1478 4785 indioavit,
1499 4707 1609 4770 minus
1626 4705 1804 4788 prudenter
1820 4703 1943 4782 feoisse,
1962 4704 2047 4788 quod
2066 4713 2198 4770 tantum
2218 4706 2289 4770 ausi

1314 4801 1431 4857 essent.
1475 4791 1560 4870 Vos,
1588 4791 1708 4874 inquit,
1738 4789 1861 4856 subditi
1889 4791 1974 4855 estis.
2020 4789 2073 4856 Ad
2099 4801 2290 4856 extremum

1314 4885 1424 4944 tamen
1444 4889 1647 4954 annuerunt,
1677 4883 1714 4941 ut
1742 4897 1777 4940 se
1798 4878 2051 4957 interponerent.
2096 4877 2288 4960 Antequam

1314 4961 1437 5046 aliquid
1459 4964 1560 5040 fieret,
1583 4961 1715 5026 auditus
1737 4969 1787 5026 881
1817 4961 1956 5026 Viretes:
1979 4961 2035 5044 qui
2056 4983 2116 5028 sue
2137 4964 2289 5026 oratione

1313 5049 1416 5113 malos
1438 5048 1484 5112 sio
1501 5048 1607 5131 fregit,
1623 5047 1723 5111 bonos
1741 5047 1908 5123 animavit,
1932 5045 2055 5112 modios
2074 5047 2289 5112 veliulirmoe

1314 5134 1480 5210 excitavit,
1512 5143 1549 5196 ut
1579 5153 1633 5196 res
1664 5131 1896 5214 propemodum
1930 5135 2076 5197 88818818
2108 5130 2289 5198 videretur.

1314 5218 1412 5284 (lerte
1435 5219 1462 5282 si
1485 5219 1666 5302 transigere
1687 5218 1774 5283 inter
1801 5239 1836 5283 se
1858 5216 2060 5296 debuissent,
2089 5217 2188 5284 fueile
2218 5219 2289 5284 eni·
