<?xml version="1.0" encoding="UTF-8"?>
<!DOCTYPE html PUBLIC "-//W3C//DTD XHTML 1.0 Transitional//EN"
    "http://www.w3.org/TR/xhtml1/DTD/xhtml1-transitional.dtd">
<html xmlns="http://www.w3.org/1999/xhtml" xml:lang="en" lang="en">
 <head>
  <title>
</title>
<meta http-equiv="Content-Type" content="text/html;charset=utf-8" />
  <meta name='ocr-system' content='tesseract 3.04.00' />
  <meta name='ocr-capabilities' content='ocr_page ocr_carea ocr_par ocr_line ocrx_word'/>
</head>
<body>
  <div class='ocr_page' id='page_1' title='image "./ioanniscalvinio04reusgoog_0260.png"; bbox 0 0 4910 5974; ppageno 0'>
   <div class='ocr_carea' id='block_1_1' title="bbox 185 313 2178 386">
    <p class='ocr_par' dir='ltr' id='par_1_1' title="bbox 185 313 2178 386">
     <span class='ocr_line' id='line_1_1' title="bbox 185 313 2178 386; baseline -0.023 16"><span class='ocrx_word' id='word_1_1' title='bbox 185 313 247 376; x_wconf 80' lang='lat'><strong>493</strong></span> <span class='ocrx_word' id='word_1_2' title='bbox 1089 315 1169 378; x_wconf 82' lang='lat'>1542</span> <span class='ocrx_word' id='word_1_3' title='bbox 1193 335 1217 380; x_wconf 75' lang='lat' dir='ltr'><strong>s.</strong></span> <span class='ocrx_word' id='word_1_4' title='bbox 1241 313 1271 379; x_wconf 83' lang='lat' dir='ltr'><strong>d.</strong></span> <span class='ocrx_word' id='word_1_5' title='bbox 2114 325 2178 386; x_wconf 78' lang='lat' dir='ltr'><strong>tes</strong></span> 
     </span>
    </p>
   </div>
   <div class='ocr_carea' id='block_1_2' title="bbox 173 497 2179 2816">
    <p class='ocr_par' dir='ltr' id='par_1_2' title="bbox 175 497 2179 2472">
     <span class='ocr_line' id='line_1_2' title="bbox 185 497 2179 604; baseline 0.006 -42"><span class='ocrx_word' id='word_1_6' title='bbox 185 497 249 564; x_wconf 90' lang='lat' dir='ltr'><strong>illis</strong></span> <span class='ocrx_word' id='word_1_7' title='bbox 270 499 354 566; x_wconf 89' lang='lat' dir='ltr'><strong>bene</strong></span> <span class='ocrx_word' id='word_1_8' title='bbox 375 499 472 568; x_wconf 91' lang='lat' dir='ltr'><strong>cessit</strong></span> <span class='ocrx_word' id='word_1_9' title='bbox 492 504 624 588; x_wconf 79' lang='lat' dir='ltr'><strong>egregia</strong></span> <span class='ocrx_word' id='word_1_10' title='bbox 644 502 701 568; x_wconf 86' lang='lat' dir='ltr'><strong>illa</strong></span> <span class='ocrx_word' id='word_1_11' title='bbox 721 502 807 569; x_wconf 82' lang='lat' dir='ltr'><strong>facta</strong></span> <span class='ocrx_word' id='word_1_12' title='bbox 828 509 862 568; x_wconf 89' lang='lat' dir='ltr'><strong>et</strong></span> <span class='ocrx_word' id='word_1_13' title='bbox 882 502 967 569; x_wconf 87' lang='lat' dir='ltr'><strong>hano</strong></span> <span class='ocrx_word' id='word_1_14' title='bbox 988 503 1156 570; x_wconf 87' lang='lat' dir='ltr'><strong>inventam</strong></span> <span class='ocrx_word' id='word_1_15' title='bbox 1180 502 1185 604; x_wconf 73' lang='grc' dir='ltr'>Ι</span> <span class='ocrx_word' id='word_1_16' title='bbox 1208 521 1314 586; x_wconf 89' lang='lat' dir='ltr'><strong>neque</strong></span> <span class='ocrx_word' id='word_1_17' title='bbox 1331 509 1443 567; x_wconf 76' lang='lat' dir='ltr'><strong>umen</strong></span> <span class='ocrx_word' id='word_1_18' title='bbox 1461 502 1687 584; x_wconf 88' lang='lat' dir='ltr'><strong>comparandis</strong></span> <span class='ocrx_word' id='word_1_19' title='bbox 1705 501 1908 586; x_wconf 78' lang='lat' dir='ltr'><strong>plausoribus</strong></span> <span class='ocrx_word' id='word_1_20' title='bbox 1929 512 1963 570; x_wconf 92' lang='grc'><strong>01</strong></span> <span class='ocrx_word' id='word_1_21' title='bbox 1980 506 2110 574; x_wconf 87' lang='lat' dir='ltr'><strong>asseclis</strong></span> <span class='ocrx_word' id='word_1_22' title='bbox 2127 509 2179 574; x_wconf 92' lang='lat' dir='ltr'><strong>in·</strong></span> 
     </span>
     <span class='ocr_line' id='line_1_3' title="bbox 185 585 2179 672; baseline 0.005 -23"><span class='ocrx_word' id='word_1_23' title='bbox 185 591 289 650; x_wconf 89' lang='lat' dir='ltr'><strong>artem</strong></span> <span class='ocrx_word' id='word_1_24' title='bbox 310 585 509 668; x_wconf 88' lang='lat' dir='ltr'><strong>praedicant,</strong></span> <span class='ocrx_word' id='word_1_25' title='bbox 532 589 579 654; x_wconf 91' lang='lat' dir='ltr'><strong>sic</strong></span> <span class='ocrx_word' id='word_1_26' title='bbox 596 589 731 672; x_wconf 90' lang='lat' dir='ltr'><strong>pulchre</strong></span> <span class='ocrx_word' id='word_1_27' title='bbox 750 587 876 654; x_wconf 88' lang='lat' dir='ltr'><strong>dolores</strong></span> <span class='ocrx_word' id='word_1_28' title='bbox 894 589 1023 654; x_wconf 83' lang='lat' dir='ltr'>morbos</span> <span class='ocrx_word' id='word_1_29' title='bbox 1043 589 1155 654; x_wconf 89' lang='lat' dir='ltr'><strong>anxie·</strong></span> <span class='ocrx_word' id='word_1_30' title='bbox 1208 589 1303 652; x_wconf 87' lang='lat' dir='ltr'><strong>terim</strong></span> <span class='ocrx_word' id='word_1_31' title='bbox 1332 585 1567 672; x_wconf 73' lang='lat' dir='ltr'><strong>defatigantur,</strong></span> <span class='ocrx_word' id='word_1_32' title='bbox 1600 587 1734 654; x_wconf 83' lang='lat' dir='ltr'><strong>novitiis</strong></span> <span class='ocrx_word' id='word_1_33' title='bbox 1761 587 1954 671; x_wconf 87' lang='lat' dir='ltr'><strong>quibusdam</strong></span> <span class='ocrx_word' id='word_1_34' title='bbox 1979 598 2013 656; x_wconf 92' lang='grc'><strong>01</strong></span> <span class='ocrx_word' id='word_1_35' title='bbox 2039 593 2179 659; x_wconf 88' lang='lat' dir='ltr'><strong>incautis</strong></span> 
     </span>
     <span class='ocr_line' id='line_1_4' title="bbox 184 671 2178 758; baseline 0.005 -23"><span class='ocrx_word' id='word_1_36' title='bbox 184 677 267 735; x_wconf 86' lang='lat' dir='ltr'><strong>tates</strong></span> <span class='ocrx_word' id='word_1_37' title='bbox 289 679 322 735; x_wconf 90' lang='lat' dir='ltr'><strong>et</strong></span> <span class='ocrx_word' id='word_1_38' title='bbox 343 679 471 738; x_wconf 88' lang='lat' dir='ltr'><strong>caetera</strong></span> <span class='ocrx_word' id='word_1_39' title='bbox 498 673 682 739; x_wconf 88' lang='lat' dir='ltr'><strong>huiusmodi</strong></span> <span class='ocrx_word' id='word_1_40' title='bbox 710 673 828 758; x_wconf 79' lang='lat' dir='ltr'>depelli</span> <span class='ocrx_word' id='word_1_41' title='bbox 849 694 945 757; x_wconf 90' lang='lat' dir='ltr'><strong>posse</strong></span> <span class='ocrx_word' id='word_1_42' title='bbox 968 673 1153 739; x_wconf 79' lang='lat' dir='ltr'><strong>admonent.</strong></span> <span class='ocrx_word' id='word_1_43' title='bbox 1206 673 1458 752; x_wconf 80' lang='lat' dir='ltr'>insusurrantes,</span> <span class='ocrx_word' id='word_1_44' title='bbox 1486 671 1595 737; x_wconf 90' lang='lat' dir='ltr'><strong>Deum</strong></span> <span class='ocrx_word' id='word_1_45' title='bbox 1623 674 1783 756; x_wconf 91' lang='lat' dir='ltr'><strong>optimum</strong></span> <span class='ocrx_word' id='word_1_46' title='bbox 1806 673 1972 740; x_wconf 91' lang='lat' dir='ltr'><strong>hominem</strong></span> <span class='ocrx_word' id='word_1_47' title='bbox 2000 697 2067 741; x_wconf 94' lang='lat' dir='ltr'><strong>non</strong></span> <span class='ocrx_word' id='word_1_48' title='bbox 2089 698 2178 744; x_wconf 90' lang='lat' dir='ltr'><strong>crea-</strong></span> 
     </span>
     <span class='ocr_line' id='line_1_5' title="bbox 183 755 2178 844; baseline 0.004 -24"><span class='ocrx_word' id='word_1_49' title='bbox 183 755 321 820; x_wconf 90' lang='lat' dir='ltr'><strong>Interim</strong></span> <span class='ocrx_word' id='word_1_50' title='bbox 342 758 488 822; x_wconf 92' lang='lat' dir='ltr'><strong>omnium</strong></span> <span class='ocrx_word' id='word_1_51' title='bbox 506 769 630 824; x_wconf 92' lang='lat' dir='ltr'><strong>metum</strong></span> <span class='ocrx_word' id='word_1_52' title='bbox 648 767 681 825; x_wconf 93' lang='grc'><strong>01</strong></span> <span class='ocrx_word' id='word_1_53' title='bbox 700 759 891 844; x_wconf 81' lang='lat' dir='ltr'><strong>religionem</strong></span> <span class='ocrx_word' id='word_1_54' title='bbox 909 757 1025 843; x_wconf 87' lang='lat' dir='ltr'><strong>deponi</strong></span> <span class='ocrx_word' id='word_1_55' title='bbox 1043 759 1156 824; x_wconf 90' lang='lat' dir='ltr'><strong>iuben·</strong></span> <span class='ocrx_word' id='word_1_56' title='bbox 1206 759 1294 825; x_wconf 82' lang='lat' dir='ltr'><strong>uisse</strong></span> <span class='ocrx_word' id='word_1_57' title='bbox 1312 767 1350 823; x_wconf 90' lang='lat' dir='ltr'><strong>ut</strong></span> <span class='ocrx_word' id='word_1_58' title='bbox 1367 759 1498 824; x_wconf 86' lang='lat' dir='ltr'><strong>tandem</strong></span> <span class='ocrx_word' id='word_1_59' title='bbox 1516 767 1673 842; x_wconf 88' lang='lat' dir='ltr'><strong>perpetuo</strong></span> <span class='ocrx_word' id='word_1_60' title='bbox 1691 759 1849 842; x_wconf 90' lang='lat' dir='ltr'><strong>supplicio</strong></span> <span class='ocrx_word' id='word_1_61' title='bbox 1867 759 1973 825; x_wconf 85' lang='lat' dir='ltr'><strong>daret:</strong></span> <span class='ocrx_word' id='word_1_62' title='bbox 1995 761 2029 826; x_wconf 93' lang='lat' dir='ltr'><strong>id</strong></span> <span class='ocrx_word' id='word_1_63' title='bbox 2047 762 2086 827; x_wconf 93' lang='lat' dir='ltr'><strong>dc</strong></span> <span class='ocrx_word' id='word_1_64' title='bbox 2104 761 2178 829; x_wconf 90' lang='lat' dir='ltr'><strong>Deo</strong></span> 
     </span>
     <span class='ocr_line' id='line_1_6' title="bbox 183 842 2178 932; baseline 0.003 -24"><span class='ocrx_word' id='word_1_65' title='bbox 183 849 242 920; x_wconf 85' lang='lat' dir='ltr'><strong>tas,</strong></span> <span class='ocrx_word' id='word_1_66' title='bbox 265 842 437 926; x_wconf 85' lang='lat' dir='ltr'><strong>palamque</strong></span> <span class='ocrx_word' id='word_1_67' title='bbox 454 852 487 909; x_wconf 91' lang='lat' dir='ltr'><strong>et</strong></span> <span class='ocrx_word' id='word_1_68' title='bbox 503 845 665 928; x_wconf 90' lang='lat' dir='ltr'><strong>intrepide</strong></span> <span class='ocrx_word' id='word_1_69' title='bbox 683 845 764 912; x_wconf 88' lang='lat' dir='ltr'><strong>hacc</strong></span> <span class='ocrx_word' id='word_1_70' title='bbox 782 845 942 924; x_wconf 88' lang='lat' dir='ltr'><strong>dictitant,</strong></span> <span class='ocrx_word' id='word_1_71' title='bbox 965 865 1036 910; x_wconf 91' lang='lat' dir='ltr'><strong>eam</strong></span> <span class='ocrx_word' id='word_1_72' title='bbox 1054 845 1154 910; x_wconf 89' lang='lat' dir='ltr'><strong>licen·</strong></span> <span class='ocrx_word' id='word_1_73' title='bbox 1206 845 1393 910; x_wconf 88' lang='lat' dir='ltr'><strong>existimare</strong></span> <span class='ocrx_word' id='word_1_74' title='bbox 1414 844 1552 928; x_wconf 92' lang='lat' dir='ltr'><strong>impium</strong></span> <span class='ocrx_word' id='word_1_75' title='bbox 1569 865 1640 909; x_wconf 87' lang='lat' dir='ltr'><strong>esse</strong></span> <span class='ocrx_word' id='word_1_76' title='bbox 1657 843 1898 927; x_wconf 81' lang='lat' dir='ltr'><strong>persuadentes,</strong></span> <span class='ocrx_word' id='word_1_77' title='bbox 1920 855 2178 932; x_wconf 89' lang='lat' dir='ltr'><strong>perpetuumque</strong></span> 
     </span>
     <span class='ocr_line' id='line_1_7' title="bbox 182 929 2177 1014; baseline 0.004 -23"><span class='ocrx_word' id='word_1_78' title='bbox 182 929 261 992; x_wconf 89' lang='lat' dir='ltr'><strong>tiam</strong></span> <span class='ocrx_word' id='word_1_79' title='bbox 277 929 517 1012; x_wconf 89' lang='lat' dir='ltr'><strong>proiectamque</strong></span> <span class='ocrx_word' id='word_1_80' title='bbox 535 929 700 997; x_wconf 89' lang='lat' dir='ltr'><strong>audaciam</strong></span> <span class='ocrx_word' id='word_1_81' title='bbox 719 931 907 997; x_wconf 80' lang='lat' dir='ltr'><strong>luxuriosae</strong></span> <span class='ocrx_word' id='word_1_82' title='bbox 924 932 1011 996; x_wconf 89' lang='lat' dir='ltr'><strong>vitae</strong></span> <span class='ocrx_word' id='word_1_83' title='bbox 1028 929 1155 1014; x_wconf 80' lang='lat' dir='ltr'><strong>legibus</strong></span> <span class='ocrx_word' id='word_1_84' title='bbox 1206 929 1299 995; x_wconf 92' lang='lat' dir='ltr'><strong>illum</strong></span> <span class='ocrx_word' id='word_1_85' title='bbox 1327 931 1438 1014; x_wconf 85' lang='lat' dir='ltr'><strong>ignem</strong></span> <span class='ocrx_word' id='word_1_86' title='bbox 1459 929 1552 994; x_wconf 91' lang='lat' dir='ltr'><strong>miris</strong></span> <span class='ocrx_word' id='word_1_87' title='bbox 1579 929 1811 996; x_wconf 89' lang='lat' dir='ltr'><strong>scommatibus</strong></span> <span class='ocrx_word' id='word_1_88' title='bbox 1837 931 2021 1014; x_wconf 85' lang='lat' dir='ltr'><strong>irridentes,</strong></span> <span class='ocrx_word' id='word_1_89' title='bbox 2043 941 2177 998; x_wconf 88' lang='lat' dir='ltr'><strong>conten·</strong></span> 
     </span>
     <span class='ocr_line' id='line_1_8' title="bbox 181 1014 2177 1100; baseline 0.004 -23"><span class='ocrx_word' id='word_1_90' title='bbox 181 1017 302 1078; x_wconf 89' lang='lat' dir='ltr'><strong>nostris</strong></span> <span class='ocrx_word' id='word_1_91' title='bbox 330 1035 396 1078; x_wconf 90' lang='lat' dir='ltr'><strong>non</strong></span> <span class='ocrx_word' id='word_1_92' title='bbox 424 1016 564 1082; x_wconf 89' lang='lat' dir='ltr'><strong>coerceri</strong></span> <span class='ocrx_word' id='word_1_93' title='bbox 593 1017 836 1100; x_wconf 89' lang='lat' dir='ltr'><strong>prospicientes.</strong></span> <span class='ocrx_word' id='word_1_94' title='bbox 869 1017 962 1082; x_wconf 90' lang='lat' dir='ltr'><strong>Inter</strong></span> <span class='ocrx_word' id='word_1_95' title='bbox 978 1015 1059 1082; x_wconf 88' lang='lat' dir='ltr'><strong>haec</strong></span> <span class='ocrx_word' id='word_1_96' title='bbox 1076 1023 1155 1082; x_wconf 89' lang='lat' dir='ltr'><strong>sunt</strong></span> <span class='ocrx_word' id='word_1_97' title='bbox 1207 1015 1320 1081; x_wconf 89' lang='lat' dir='ltr'><strong>dentes</strong></span> <span class='ocrx_word' id='word_1_98' title='bbox 1337 1015 1458 1099; x_wconf 89' lang='lat' dir='ltr'><strong>passim</strong></span> <span class='ocrx_word' id='word_1_99' title='bbox 1476 1014 1667 1100; x_wconf 83' lang='lat' dir='ltr'><strong>religionem</strong></span> <span class='ocrx_word' id='word_1_100' title='bbox 1678 1024 1823 1081; x_wconf 90' lang='lat' dir='ltr'><strong>nostram</strong></span> <span class='ocrx_word' id='word_1_101' title='bbox 1841 1017 1924 1081; x_wconf 91' lang='lat' dir='ltr'><strong>nihil</strong></span> <span class='ocrx_word' id='word_1_102' title='bbox 1935 1029 2065 1100; x_wconf 87' lang='lat' dir='ltr'><strong>praeter</strong></span> <span class='ocrx_word' id='word_1_103' title='bbox 2077 1019 2177 1085; x_wconf 88' lang='lat' dir='ltr'><strong>verba</strong></span> 
     </span>
     <span class='ocr_line' id='line_1_9' title="bbox 182 1096 2176 1188; baseline 0.003 -24"><span class='ocrx_word' id='word_1_104' title='bbox 182 1098 260 1164; x_wconf 87' lang='lat' dir='ltr'><strong>clati</strong></span> <span class='ocrx_word' id='word_1_105' title='bbox 281 1096 466 1178; x_wconf 81' lang='lat' dir='ltr'><strong>admodum,</strong></span> <span class='ocrx_word' id='word_1_106' title='bbox 489 1109 703 1181; x_wconf 86' lang='lat' dir='ltr'><strong>contumaces,</strong></span> <span class='ocrx_word' id='word_1_107' title='bbox 726 1111 760 1168; x_wconf 92' lang='lat' dir='ltr'><strong>et</strong></span> <span class='ocrx_word' id='word_1_108' title='bbox 777 1101 902 1169; x_wconf 87' lang='lat' dir='ltr'><strong>veloces</strong></span> <span class='ocrx_word' id='word_1_109' title='bbox 922 1123 1035 1167; x_wconf 89' lang='lat' dir='ltr'><strong>eorum</strong></span> <span class='ocrx_word' id='word_1_110' title='bbox 1056 1100 1154 1184; x_wconf 87' lang='lat' dir='ltr'><strong>pedes</strong></span> <span class='ocrx_word' id='word_1_111' title='bbox 1206 1101 1336 1180; x_wconf 89' lang='lat' dir='ltr'><strong>babere,</strong></span> <span class='ocrx_word' id='word_1_112' title='bbox 1366 1121 1437 1166; x_wconf 89' lang='lat' dir='ltr'><strong>eam</strong></span> <span class='ocrx_word' id='word_1_113' title='bbox 1461 1101 1625 1166; x_wconf 89' lang='lat' dir='ltr'><strong>neminem</strong></span> <span class='ocrx_word' id='word_1_114' title='bbox 1646 1123 1686 1166; x_wconf 91' lang='lat' dir='ltr'><strong>us</strong></span> <span class='ocrx_word' id='word_1_115' title='bbox 1708 1122 1785 1166; x_wconf 87' lang='lat' dir='ltr'><strong>uam</strong></span> <span class='ocrx_word' id='word_1_116' title='bbox 1807 1111 2017 1185; x_wconf 90' lang='lat' dir='ltr'><strong>assequutum</strong></span> <span class='ocrx_word' id='word_1_117' title='bbox 2038 1123 2099 1169; x_wconf 91' lang='lat' dir='ltr'><strong>neo</strong></span> <span class='ocrx_word' id='word_1_118' title='bbox 2119 1125 2176 1188; x_wconf 91' lang='lat' dir='ltr'><strong>po-</strong></span> 
     </span>
     <span class='ocr_line' id='line_1_10' title="bbox 181 1123 2175 1271; baseline 0.003 -21"><span class='ocrx_word' id='word_1_119' title='bbox 181 1183 222 1250; x_wconf 90' lang='lat' dir='ltr'><strong>ad</strong></span> <span class='ocrx_word' id='word_1_120' title='bbox 240 1184 475 1250; x_wconf 86' lang='lat' dir='ltr'><strong>effundendum</strong></span> <span class='ocrx_word' id='word_1_121' title='bbox 492 1189 696 1271; x_wconf 82' lang='lat' dir='ltr'><strong>sanguinem,</strong></span> <span class='ocrx_word' id='word_1_122' title='bbox 716 1189 763 1253; x_wconf 84' lang='lat' dir='ltr'><strong>ite</strong></span> <span class='ocrx_word' id='word_1_123' title='bbox 780 1197 817 1253; x_wconf 92' lang='lat' dir='ltr'><strong>ut</strong></span> <span class='ocrx_word' id='word_1_124' title='bbox 831 1187 974 1271; x_wconf 90' lang='lat' dir='ltr'><strong>quotidie</strong></span> <span class='ocrx_word' id='word_1_125' title='bbox 992 1187 1154 1252; x_wconf 87' lang='lat' dir='ltr'><strong>sublatam</strong></span> <span class='ocrx_word' id='word_1_126' title='bbox 1206 1187 1310 1253; x_wconf 88' lang='lat' dir='ltr'><strong>tuisse</strong></span> <span class='ocrx_word' id='word_1_127' title='bbox 1332 1187 1469 1270; x_wconf 90' lang='lat' dir='ltr'><strong>assequi,</strong></span> <span class='ocrx_word' id='word_1_128' title='bbox 1490 1187 1605 1251; x_wconf 89' lang='lat' dir='ltr'><strong>tritum</strong></span> <span class='ocrx_word' id='word_1_129' title='bbox 1626 1123 1707 1251; x_wconf 83' lang='lat' dir='ltr'><strong>illud</strong></span> <span class='ocrx_word' id='word_1_130' title='bbox 1728 1187 1765 1250; x_wconf 92' lang='lat' dir='ltr'><strong>in</strong></span> <span class='ocrx_word' id='word_1_131' title='bbox 1783 1207 1839 1253; x_wconf 90' lang='lat' dir='ltr'><strong>ore</strong></span> <span class='ocrx_word' id='word_1_132' title='bbox 1858 1186 2030 1254; x_wconf 82' lang='lat' dir='ltr'><strong>hebentes:</strong></span> <span class='ocrx_word' id='word_1_133' title='bbox 2052 1191 2175 1270; x_wconf 80' lang='lat' dir='ltr'><strong>vivere,</strong></span> 
     </span>
     <span class='ocr_line' id='line_1_11' title="bbox 180 1269 2175 1358; baseline 0.002 -24"><span class='ocrx_word' id='word_1_134' title='bbox 180 1269 271 1334; x_wconf 82' lang='lat' dir='ltr'><strong>illam</strong></span> <span class='ocrx_word' id='word_1_135' title='bbox 299 1279 494 1352; x_wconf 86' lang='lat' dir='ltr'><strong>potestatem</strong></span> <span class='ocrx_word' id='word_1_136' title='bbox 522 1275 610 1339; x_wconf 82' lang='lat' dir='ltr'><strong>vitae</strong></span> <span class='ocrx_word' id='word_1_137' title='bbox 638 1282 672 1339; x_wconf 94' lang='lat' dir='ltr'><strong>et</strong></span> <span class='ocrx_word' id='word_1_138' title='bbox 697 1274 786 1339; x_wconf 87' lang='lat' dir='ltr'><strong>necis</strong></span> <span class='ocrx_word' id='word_1_139' title='bbox 818 1275 854 1338; x_wconf 93' lang='lat' dir='ltr'><strong>in</strong></span> <span class='ocrx_word' id='word_1_140' title='bbox 887 1293 999 1339; x_wconf 86' lang='lat' dir='ltr'><strong>servos</strong></span> <span class='ocrx_word' id='word_1_141' title='bbox 1026 1281 1154 1338; x_wconf 89' lang='lat' dir='ltr'><strong>nostros</strong></span> <span class='ocrx_word' id='word_1_142' title='bbox 1205 1273 1317 1338; x_wconf 91' lang='lat' dir='ltr'><strong>bibere</strong></span> <span class='ocrx_word' id='word_1_143' title='bbox 1353 1279 1386 1338; x_wconf 93' lang='lat' dir='ltr'><strong>et</strong></span> <span class='ocrx_word' id='word_1_144' title='bbox 1417 1271 1547 1350; x_wconf 90' lang='lat' dir='ltr'><strong>laetari,</strong></span> <span class='ocrx_word' id='word_1_145' title='bbox 1586 1291 1775 1355; x_wconf 89' lang='lat' dir='ltr'><strong>summeque</strong></span> <span class='ocrx_word' id='word_1_146' title='bbox 1807 1295 1873 1338; x_wconf 94' lang='lat' dir='ltr'><strong>non</strong></span> <span class='ocrx_word' id='word_1_147' title='bbox 1907 1275 2066 1358; x_wconf 74' lang='grc' dir='ltr'><strong><em>φιλόσοφοι</em></strong></span> <span class='ocrx_word' id='word_1_148' title='bbox 2097 1273 2175 1339; x_wconf 76' lang='grc' dir='ltr'><strong>ἀλλὰ</strong></span> 
     </span>
     <span class='ocr_line' id='line_1_12' title="bbox 181 1353 2174 1444; baseline 0.003 -24"><span class='ocrx_word' id='word_1_149' title='bbox 181 1353 351 1440; x_wconf 85' lang='lat' dir='ltr'><strong>deplorent</strong></span> <span class='ocrx_word' id='word_1_150' title='bbox 371 1367 405 1422; x_wconf 90' lang='lat' dir='ltr'><strong>et</strong></span> <span class='ocrx_word' id='word_1_151' title='bbox 426 1367 675 1441; x_wconf 87' lang='lat' dir='ltr'><strong>conquerantur.</strong></span> <span class='ocrx_word' id='word_1_152' title='bbox 708 1359 834 1425; x_wconf 91' lang='lat' dir='ltr'><strong>Dicunt</strong></span> <span class='ocrx_word' id='word_1_153' title='bbox 849 1358 1038 1442; x_wconf 79' lang='lat' dir='ltr'><strong>nonmagni</strong></span> <span class='ocrx_word' id='word_1_154' title='bbox 1052 1359 1154 1422; x_wconf 89' lang='lat' dir='ltr'><strong>inter·</strong></span> <span class='ocrx_word' id='word_1_155' title='bbox 1205 1359 1354 1441; x_wconf 77' lang='grc' dir='ltr'><strong><em>φιλόζωοι,</em></strong></span> <span class='ocrx_word' id='word_1_156' title='bbox 1375 1356 1534 1440; x_wconf 89' lang='lat' dir='ltr'><strong>hodieque</strong></span> <span class='ocrx_word' id='word_1_157' title='bbox 1550 1358 1690 1423; x_wconf 88' lang='lat' dir='ltr'><strong>maiores</strong></span> <span class='ocrx_word' id='word_1_158' title='bbox 1710 1365 1842 1424; x_wconf 89' lang='lat' dir='ltr'><strong>nostrae</strong></span> <span class='ocrx_word' id='word_1_159' title='bbox 1863 1359 2006 1425; x_wconf 84' lang='lat' dir='ltr'><strong>familiae</strong></span> <span class='ocrx_word' id='word_1_160' title='bbox 2028 1361 2080 1426; x_wconf 91' lang='lat' dir='ltr'><strong>his</strong></span> <span class='ocrx_word' id='word_1_161' title='bbox 2101 1382 2174 1444; x_wconf 87' lang='lat' dir='ltr'><strong>per·</strong></span> 
     </span>
     <span class='ocr_line' id='line_1_13' title="bbox 181 1443 2175 1530; baseline 0.002 -22"><span class='ocrx_word' id='word_1_162' title='bbox 181 1460 251 1508; x_wconf 82' lang='lat' dir='ltr'><strong>osae</strong></span> <span class='ocrx_word' id='word_1_163' title='bbox 268 1443 367 1507; x_wconf 89' lang='lat' dir='ltr'><strong>totius</strong></span> <span class='ocrx_word' id='word_1_164' title='bbox 385 1443 582 1526; x_wconf 90' lang='lat' dir='ltr'><strong>reipublicae</strong></span> <span class='ocrx_word' id='word_1_165' title='bbox 599 1445 627 1510; x_wconf 90' lang='lat' dir='ltr'><strong>si</strong></span> <span class='ocrx_word' id='word_1_166' title='bbox 644 1445 717 1528; x_wconf 90' lang='lat' dir='ltr'><strong>quis</strong></span> <span class='ocrx_word' id='word_1_167' title='bbox 734 1445 772 1509; x_wconf 89' lang='lat' dir='ltr'><strong>iu</strong></span> <span class='ocrx_word' id='word_1_168' title='bbox 791 1446 920 1529; x_wconf 78' lang='lat' dir='ltr'><strong>negotio</strong></span> <span class='ocrx_word' id='word_1_169' title='bbox 937 1445 1072 1509; x_wconf 83' lang='lat' dir='ltr'><strong>fratrem</strong></span> <span class='ocrx_word' id='word_1_170' title='bbox 1090 1444 1153 1509; x_wconf 89' lang='lat' dir='ltr'><strong>oir-</strong></span> <span class='ocrx_word' id='word_1_171' title='bbox 1204 1451 1357 1527; x_wconf 86' lang='lat' dir='ltr'><strong>strepunt</strong></span> <span class='ocrx_word' id='word_1_172' title='bbox 1387 1465 1448 1510; x_wconf 91' lang='lat' dir='ltr'><strong>neo</strong></span> <span class='ocrx_word' id='word_1_173' title='bbox 1480 1463 1540 1508; x_wconf 91' lang='lat' dir='ltr'><strong>nos</strong></span> <span class='ocrx_word' id='word_1_174' title='bbox 1568 1451 1733 1522; x_wconf 82' lang='lat' dir='ltr'><strong>verentur,</strong></span> <span class='ocrx_word' id='word_1_175' title='bbox 1765 1465 1845 1527; x_wconf 90' lang='lat' dir='ltr'><strong>quos</strong></span> <span class='ocrx_word' id='word_1_176' title='bbox 1875 1453 1997 1510; x_wconf 91' lang='lat' dir='ltr'><strong>norunt</strong></span> <span class='ocrx_word' id='word_1_177' title='bbox 2024 1453 2058 1511; x_wconf 93' lang='lat' dir='ltr'><strong>et</strong></span> <span class='ocrx_word' id='word_1_178' title='bbox 2086 1445 2175 1530; x_wconf 77' lang='lat' dir='ltr'><strong>leges</strong></span> 
     </span>
     <span class='ocr_line' id='line_1_14' title="bbox 180 1526 2174 1616; baseline 0.001 -23"><span class='ocrx_word' id='word_1_179' title='bbox 180 1529 392 1606; x_wconf 81' lang='lat' dir='ltr'><strong>cumvenerit,</strong></span> <span class='ocrx_word' id='word_1_180' title='bbox 421 1539 589 1611; x_wconf 85' lang='lat' dir='ltr'><strong>praeterea</strong></span> <span class='ocrx_word' id='word_1_181' title='bbox 617 1539 751 1596; x_wconf 87' lang='lat' dir='ltr'><strong>etcum</strong></span> <span class='ocrx_word' id='word_1_182' title='bbox 780 1531 836 1613; x_wconf 91' lang='lat' dir='ltr'><strong>qui</strong></span> <span class='ocrx_word' id='word_1_183' title='bbox 858 1530 996 1615; x_wconf 80' lang='lat' dir='ltr'><strong>gloriam</strong></span> <span class='ocrx_word' id='word_1_184' title='bbox 1018 1551 1060 1594; x_wconf 91' lang='lat' dir='ltr'><strong>ex</strong></span> <span class='ocrx_word' id='word_1_185' title='bbox 1082 1529 1153 1594; x_wconf 88' lang='lat' dir='ltr'><strong>ani·</strong></span> <span class='ocrx_word' id='word_1_186' title='bbox 1204 1531 1320 1595; x_wconf 90' lang='lat' dir='ltr'><strong>timere</strong></span> <span class='ocrx_word' id='word_1_187' title='bbox 1352 1537 1386 1595; x_wconf 92' lang='lat' dir='ltr'><strong>et</strong></span> <span class='ocrx_word' id='word_1_188' title='bbox 1411 1526 1624 1612; x_wconf 74' lang='lat' dir='ltr'><strong>potestatibus</strong></span> <span class='ocrx_word' id='word_1_189' title='bbox 1653 1528 1778 1595; x_wconf 89' lang='lat' dir='ltr'><strong>odiosos</strong></span> <span class='ocrx_word' id='word_1_190' title='bbox 1806 1550 1886 1595; x_wconf 91' lang='lat' dir='ltr'><strong>esse.</strong></span> <span class='ocrx_word' id='word_1_191' title='bbox 1930 1529 2060 1596; x_wconf 86' lang='lat' dir='ltr'><strong>Addam</strong></span> <span class='ocrx_word' id='word_1_192' title='bbox 2089 1530 2174 1616; x_wconf 93' lang='lat' dir='ltr'><strong>quod</strong></span> 
     </span>
     <span class='ocr_line' id='line_1_15' title="bbox 179 1612 2174 1699; baseline 0.002 -21"><span class='ocrx_word' id='word_1_193' title='bbox 179 1612 241 1678; x_wconf 90' lang='lat' dir='ltr'><strong>mis</strong></span> <span class='ocrx_word' id='word_1_194' title='bbox 262 1613 434 1680; x_wconf 89' lang='lat' dir='ltr'><strong>hominum</strong></span> <span class='ocrx_word' id='word_1_195' title='bbox 457 1616 626 1682; x_wconf 86' lang='lat' dir='ltr'><strong>sustulerit</strong></span> <span class='ocrx_word' id='word_1_196' title='bbox 647 1615 715 1682; x_wconf 86' lang='lat' dir='ltr'><strong>alas</strong></span> <span class='ocrx_word' id='word_1_197' title='bbox 738 1616 851 1682; x_wconf 86' lang='lat' dir='ltr'><strong>virtuti</strong></span> <span class='ocrx_word' id='word_1_198' title='bbox 879 1614 1083 1699; x_wconf 77' lang='lat' dir='ltr'><strong>praecidisse,</strong></span> <span class='ocrx_word' id='word_1_199' title='bbox 1106 1614 1152 1679; x_wconf 92' lang='lat' dir='ltr'><strong>le-</strong></span> <span class='ocrx_word' id='word_1_200' title='bbox 1204 1623 1373 1698; x_wconf 88' lang='lat' dir='ltr'><strong>praeterea</strong></span> <span class='ocrx_word' id='word_1_201' title='bbox 1401 1615 1449 1680; x_wconf 92' lang='lat' dir='ltr'><strong>illi</strong></span> <span class='ocrx_word' id='word_1_202' title='bbox 1476 1635 1541 1679; x_wconf 93' lang='lat' dir='ltr'><strong>non</strong></span> <span class='ocrx_word' id='word_1_203' title='bbox 1571 1613 1779 1679; x_wconf 88' lang='lat' dir='ltr'><strong>dissimulant</strong></span> <span class='ocrx_word' id='word_1_204' title='bbox 1803 1613 1843 1680; x_wconf 90' lang='lat' dir='ltr'><strong>de</strong></span> <span class='ocrx_word' id='word_1_205' title='bbox 1864 1616 1958 1681; x_wconf 83' lang='lat' dir='ltr'><strong>Mose</strong></span> <span class='ocrx_word' id='word_1_206' title='bbox 1987 1617 2174 1696; x_wconf 88' lang='lat' dir='ltr'><strong>sentientes,</strong></span> 
     </span>
     <span class='ocr_line' id='line_1_16' title="bbox 177 1698 2173 1784; baseline 0.002 -22"><span class='ocrx_word' id='word_1_207' title='bbox 177 1717 316 1781; x_wconf 78' lang='lat' dir='ltr'><strong>gemque</strong></span> <span class='ocrx_word' id='word_1_208' title='bbox 337 1709 483 1766; x_wconf 87' lang='lat' dir='ltr'><strong>nostram</strong></span> <span class='ocrx_word' id='word_1_209' title='bbox 504 1699 618 1768; x_wconf 89' lang='lat' dir='ltr'><strong>multis</strong></span> <span class='ocrx_word' id='word_1_210' title='bbox 639 1701 814 1784; x_wconf 87' lang='lat' dir='ltr'><strong>praeclaris</strong></span> <span class='ocrx_word' id='word_1_211' title='bbox 836 1709 869 1767; x_wconf 93' lang='lat' dir='ltr'><strong>et</strong></span> <span class='ocrx_word' id='word_1_212' title='bbox 889 1701 972 1766; x_wconf 92' lang='lat' dir='ltr'><strong>bene</strong></span> <span class='ocrx_word' id='word_1_213' title='bbox 993 1701 1080 1766; x_wconf 85' lang='lat' dir='ltr'><strong>natis</strong></span> <span class='ocrx_word' id='word_1_214' title='bbox 1100 1699 1167 1765; x_wconf 66' lang='lat' dir='ltr'><strong>in·¹</strong></span> <span class='ocrx_word' id='word_1_215' title='bbox 1200 1699 1493 1783; x_wconf 89' lang='lat' dir='ltr'><strong>prudentissimum</strong></span> <span class='ocrx_word' id='word_1_216' title='bbox 1504 1699 1598 1764; x_wconf 94' lang='lat' dir='ltr'><strong>illum</strong></span> <span class='ocrx_word' id='word_1_217' title='bbox 1609 1698 1725 1765; x_wconf 91' lang='lat' dir='ltr'><strong>ducem</strong></span> <span class='ocrx_word' id='word_1_218' title='bbox 1736 1707 1769 1764; x_wconf 91' lang='lat' dir='ltr'><strong>et</strong></span> <span class='ocrx_word' id='word_1_219' title='bbox 1780 1701 1980 1783; x_wconf 85' lang='lat' dir='ltr'><strong>praefectum</strong></span> <span class='ocrx_word' id='word_1_220' title='bbox 1993 1703 2040 1767; x_wconf 88' lang='lat' dir='ltr'><strong>rei</strong></span> <span class='ocrx_word' id='word_1_221' title='bbox 2052 1703 2173 1767; x_wconf 86' lang='lat' dir='ltr'><strong>milita-</strong></span> 
     </span>
     <span class='ocr_line' id='line_1_17' title="bbox 177 1783 2174 1871; baseline 0.003 -23"><span class='ocrx_word' id='word_1_222' title='bbox 177 1785 283 1867; x_wconf 81' lang='lat' dir='ltr'><strong>geniis</strong></span> <span class='ocrx_word' id='word_1_223' title='bbox 305 1805 343 1850; x_wconf 90' lang='lat' dir='ltr'><strong>ea</strong></span> <span class='ocrx_word' id='word_1_224' title='bbox 365 1785 405 1851; x_wconf 90' lang='lat' dir='ltr'><strong>de</strong></span> <span class='ocrx_word' id='word_1_225' title='bbox 422 1807 520 1852; x_wconf 88' lang='lat' dir='ltr'><strong>causa</strong></span> <span class='ocrx_word' id='word_1_226' title='bbox 542 1787 715 1866; x_wconf 91' lang='lat' dir='ltr'><strong>obstitisse,</strong></span> <span class='ocrx_word' id='word_1_227' title='bbox 737 1787 921 1870; x_wconf 90' lang='lat' dir='ltr'><strong>multosque</strong></span> <span class='ocrx_word' id='word_1_228' title='bbox 942 1786 1073 1852; x_wconf 71' lang='lat' dir='ltr'><strong>tandm</strong></span> <span class='ocrx_word' id='word_1_229' title='bbox 1096 1783 1151 1852; x_wconf 87' lang='lat' dir='ltr'><strong>ds·</strong></span> <span class='ocrx_word' id='word_1_230' title='bbox 1204 1788 1250 1853; x_wconf 90' lang='lat' dir='ltr'><strong>ris</strong></span> <span class='ocrx_word' id='word_1_231' title='bbox 1272 1787 1444 1866; x_wconf 84' lang='lat' dir='ltr'><strong>exstitisse,</strong></span> <span class='ocrx_word' id='word_1_232' title='bbox 1471 1807 1567 1870; x_wconf 90' lang='lat' dir='ltr'><strong>quem</strong></span> <span class='ocrx_word' id='word_1_233' title='bbox 1595 1806 1670 1850; x_wconf 91' lang='lat' dir='ltr'><strong>cum</strong></span> <span class='ocrx_word' id='word_1_234' title='bbox 1691 1785 1763 1850; x_wconf 88' lang='lat' dir='ltr'><strong>Deo</strong></span> <span class='ocrx_word' id='word_1_235' title='bbox 1785 1795 1941 1871; x_wconf 87' lang='lat' dir='ltr'><strong>tanquam</strong></span> <span class='ocrx_word' id='word_1_236' title='bbox 1962 1786 2072 1852; x_wconf 88' lang='lat' dir='ltr'><strong>Numa</strong></span> <span class='ocrx_word' id='word_1_237' title='bbox 2099 1808 2174 1854; x_wconf 89' lang='lat' dir='ltr'><strong>eum</strong></span> 
     </span>
     <span class='ocr_line' id='line_1_18' title="bbox 177 1871 2174 1978; baseline 0.002 -44"><span class='ocrx_word' id='word_1_238' title='bbox 177 1888 334 1952; x_wconf 75' lang='lat' dir='ltr'><strong>genemre</strong></span> <span class='ocrx_word' id='word_1_239' title='bbox 367 1873 519 1978; x_wconf 63' lang='lat' dir='ltr'><strong>coegisse.</strong></span> <span class='ocrx_word' id='word_1_240' title='bbox 574 1871 631 1939; x_wconf 80' lang='lat' dir='ltr'><strong>Sic</strong></span> <span class='ocrx_word' id='word_1_241' title='bbox 670 1893 729 1938; x_wconf 95' lang='lat' dir='ltr'><strong>nos</strong></span> <span class='ocrx_word' id='word_1_242' title='bbox 771 1881 925 1956; x_wconf 87' lang='lat' dir='ltr'><strong>tanquam</strong></span> <span class='ocrx_word' id='word_1_243' title='bbox 964 1872 1150 1956; x_wconf 77' lang='lat' dir='ltr'><strong>degeneres,</strong></span> <span class='ocrx_word' id='word_1_244' title='bbox 1204 1893 1263 1938; x_wconf 88' lang='lat' dir='ltr'><strong>sua</strong></span> <span class='ocrx_word' id='word_1_245' title='bbox 1293 1873 1416 1957; x_wconf 85' lang='lat' dir='ltr'><strong>Egeria</strong></span> <span class='ocrx_word' id='word_1_246' title='bbox 1448 1871 1669 1954; x_wconf 89' lang='lat' dir='ltr'><strong>colloquutum</strong></span> <span class='ocrx_word' id='word_1_247' title='bbox 1701 1871 1803 1936; x_wconf 84' lang='lat' dir='ltr'><strong>aiunt</strong></span> <span class='ocrx_word' id='word_1_248' title='bbox 1857 1871 1950 1938; x_wconf 89' lang='lat' dir='ltr'><strong>Haec</strong></span> <span class='ocrx_word' id='word_1_249' title='bbox 1980 1881 2059 1938; x_wconf 92' lang='lat' dir='ltr'><strong>sunt</strong></span> <span class='ocrx_word' id='word_1_250' title='bbox 2090 1893 2174 1956; x_wconf 88' lang='lat' dir='ltr'><strong>quae</strong></span> 
     </span>
     <span class='ocr_line' id='line_1_19' title="bbox 177 1954 2174 2042; baseline 0.004 -25"><span class='ocrx_word' id='word_1_251' title='bbox 177 1954 328 2029; x_wconf 68' lang='grc' dir='ltr'><strong><em>ταπεινοὺς</em></strong></span> <span class='ocrx_word' id='word_1_252' title='bbox 348 1961 399 2020; x_wconf 71' lang='lat' dir='ltr'><strong>act</strong></span> <span class='ocrx_word' id='word_1_253' title='bbox 421 1958 555 2037; x_wconf 77' lang='grc' dir='ltr'><strong><em>ασῇμους</em></strong></span> <span class='ocrx_word' id='word_1_254' title='bbox 575 1957 790 2042; x_wconf 74' lang='lat' dir='ltr'><strong>despicientes</strong></span> <span class='ocrx_word' id='word_1_255' title='bbox 813 1977 933 2024; x_wconf 92' lang='lat' dir='ltr'><strong>uxores</strong></span> <span class='ocrx_word' id='word_1_256' title='bbox 954 1979 1030 2023; x_wconf 91' lang='lat' dir='ltr'><strong>suas</strong></span> <span class='ocrx_word' id='word_1_257' title='bbox 1053 1977 1151 2040; x_wconf 88' lang='lat' dir='ltr'><strong>quam</strong></span> <span class='ocrx_word' id='word_1_258' title='bbox 1203 1957 1349 2024; x_wconf 81' lang='lat' dir='ltr'><strong>breviter</strong></span> <span class='ocrx_word' id='word_1_259' title='bbox 1365 1963 1383 1998; x_wconf 77' lang='lat'><strong>⁴¹</strong></span> <span class='ocrx_word' id='word_1_260' title='bbox 1409 1957 1538 2022; x_wconf 91' lang='lat' dir='ltr'><strong>illorum</strong></span> <span class='ocrx_word' id='word_1_261' title='bbox 1571 1957 1717 2022; x_wconf 91' lang='lat' dir='ltr'><strong>moribus</strong></span> <span class='ocrx_word' id='word_1_262' title='bbox 1749 1958 1937 2039; x_wconf 82' lang='lat' dir='ltr'><strong>perstrinxi,</strong></span> <span class='ocrx_word' id='word_1_263' title='bbox 1971 1959 2088 2041; x_wconf 90' lang='lat' dir='ltr'><strong>quibus</strong></span> <span class='ocrx_word' id='word_1_264' title='bbox 2119 1979 2174 2024; x_wconf 91' lang='lat' dir='ltr'><strong>eos</strong></span> 
     </span>
     <span class='ocr_line' id='line_1_20' title="bbox 176 2040 2172 2128; baseline 0.002 -22"><span class='ocrx_word' id='word_1_265' title='bbox 176 2051 313 2124; x_wconf 87' lang='lat' dir='ltr'><strong>possunt</strong></span> <span class='ocrx_word' id='word_1_266' title='bbox 329 2043 520 2110; x_wconf 84' lang='lat' dir='ltr'><strong>arctissimis</strong></span> <span class='ocrx_word' id='word_1_267' title='bbox 537 2042 821 2128; x_wconf 87' lang='lat' dir='ltr'><strong>superstitionibus</strong></span> <span class='ocrx_word' id='word_1_268' title='bbox 839 2044 1001 2121; x_wconf 89' lang='lat' dir='ltr'><strong>imbuunt,</strong></span> <span class='ocrx_word' id='word_1_269' title='bbox 1024 2044 1151 2108; x_wconf 73' lang='lat' dir='ltr'><strong>eo&#39;iure</strong></span> <span class='ocrx_word' id='word_1_270' title='bbox 1203 2051 1360 2128; x_wconf 89' lang='lat' dir='ltr'><strong>tanquam</strong></span> <span class='ocrx_word' id='word_1_271' title='bbox 1390 2043 1519 2109; x_wconf 89' lang='lat' dir='ltr'><strong>leonem</strong></span> <span class='ocrx_word' id='word_1_272' title='bbox 1549 2061 1590 2106; x_wconf 90' lang='lat' dir='ltr'><strong>ex</strong></span> <span class='ocrx_word' id='word_1_273' title='bbox 1625 2040 1791 2126; x_wconf 81' lang='lat' dir='ltr'><strong>unguibus</strong></span> <span class='ocrx_word' id='word_1_274' title='bbox 1822 2042 2011 2128; x_wconf 82' lang='lat' dir='ltr'><strong>dignoscere</strong></span> <span class='ocrx_word' id='word_1_275' title='bbox 2043 2044 2172 2126; x_wconf 85' lang='lat' dir='ltr'><strong>poteris</strong></span> 
     </span>
     <span class='ocr_line' id='line_1_21' title="bbox 177 2125 2173 2213; baseline 0.002 -22"><span class='ocrx_word' id='word_1_276' title='bbox 177 2134 211 2192; x_wconf 91' lang='lat' dir='ltr'><strong>et</strong></span> <span class='ocrx_word' id='word_1_277' title='bbox 228 2125 361 2193; x_wconf 82' lang='lat' dir='ltr'><strong>vinculo</strong></span> <span class='ocrx_word' id='word_1_278' title='bbox 383 2149 437 2195; x_wconf 91' lang='lat' dir='ltr'><strong>eas</strong></span> <span class='ocrx_word' id='word_1_279' title='bbox 457 2129 628 2195; x_wconf 79' lang='lat' dir='ltr'><strong>retinere*</strong></span> <span class='ocrx_word' id='word_1_280' title='bbox 645 2128 845 2196; x_wconf 89' lang='lat' dir='ltr'><strong>etdevinciri</strong></span> <span class='ocrx_word' id='word_1_281' title='bbox 856 2149 950 2213; x_wconf 91' lang='lat' dir='ltr'><strong>posse</strong></span> <span class='ocrx_word' id='word_1_282' title='bbox 961 2127 1150 2207; x_wconf 87' lang='lat' dir='ltr'><strong>iudicantes,</strong></span> <span class='ocrx_word' id='word_1_283' title='bbox 1203 2127 1297 2210; x_wconf 80' lang='lat' dir='ltr'><strong>Quae</strong></span> <span class='ocrx_word' id='word_1_284' title='bbox 1316 2129 1426 2195; x_wconf 90' lang='lat' dir='ltr'><strong>omnia</strong></span> <span class='ocrx_word' id='word_1_285' title='bbox 1446 2127 1475 2194; x_wconf 91' lang='lat' dir='ltr'><strong>si</strong></span> <span class='ocrx_word' id='word_1_286' title='bbox 1492 2126 1627 2212; x_wconf 85' lang='lat' dir='ltr'><strong>pulchre</strong></span> <span class='ocrx_word' id='word_1_287' title='bbox 1645 2125 1842 2209; x_wconf 86' lang='lat' dir='ltr'><strong>depinxeris,</strong></span> <span class='ocrx_word' id='word_1_288' title='bbox 1863 2127 1946 2205; x_wconf 90' lang='lat' dir='ltr'><strong>illos,</strong></span> <span class='ocrx_word' id='word_1_289' title='bbox 1968 2128 2173 2208; x_wconf 87' lang='lat' dir='ltr'><strong>mihicrede,</strong></span> 
     </span>
     <span class='ocr_line' id='line_1_22' title="bbox 179 2212 2173 2298; baseline 0 -20"><span class='ocrx_word' id='word_1_290' title='bbox 179 2232 272 2278; x_wconf 89' lang='lat' dir='ltr'><strong>suam</strong></span> <span class='ocrx_word' id='word_1_291' title='bbox 294 2213 428 2280; x_wconf 89' lang='lat' dir='ltr'><strong>interim</strong></span> <span class='ocrx_word' id='word_1_292' title='bbox 455 2215 619 2281; x_wconf 77' lang='lat' dir='ltr'><strong>luxuriam</strong></span> <span class='ocrx_word' id='word_1_293' title='bbox 646 2216 682 2280; x_wconf 95' lang='lat' dir='ltr'><strong>in</strong></span> <span class='ocrx_word' id='word_1_294' title='bbox 704 2215 785 2282; x_wconf 88' lang='lat' dir='ltr'><strong>alias</strong></span> <span class='ocrx_word' id='word_1_295' title='bbox 829 2217 927 2281; x_wconf 86' lang='lat' dir='ltr'><strong>assim</strong></span> <span class='ocrx_word' id='word_1_296' title='bbox 950 2223 1149 2281; x_wconf 84' lang='lat' dir='ltr'><strong>exercentes.</strong></span> <span class='ocrx_word' id='word_1_297' title='bbox 1202 2214 1366 2281; x_wconf 87' lang='lat' dir='ltr'><strong>mordebis</strong></span> <span class='ocrx_word' id='word_1_298' title='bbox 1398 2223 1432 2280; x_wconf 91' lang='lat' dir='ltr'><strong>ot</strong></span> <span class='ocrx_word' id='word_1_299' title='bbox 1462 2233 1589 2298; x_wconf 78' lang='lat' dir='ltr'><strong>pungas</strong></span> <span class='ocrx_word' id='word_1_300' title='bbox 1622 2213 1830 2292; x_wconf 80' lang='lat' dir='ltr'><strong>acerrime.⁸)</strong></span> <span class='ocrx_word' id='word_1_301' title='bbox 1878 2212 1963 2279; x_wconf 87' lang='lat' dir='ltr'><strong>Vale</strong></span> <span class='ocrx_word' id='word_1_302' title='bbox 1989 2213 2111 2280; x_wconf 81' lang='lat' dir='ltr'><strong>itemm</strong></span> <span class='ocrx_word' id='word_1_303' title='bbox 2139 2221 2173 2280; x_wconf 92' lang='lat' dir='ltr'><strong>et</strong></span> 
     </span>
     <span class='ocr_line' id='line_1_23' title="bbox 175 2296 2173 2386; baseline 0.002 -23"><span class='ocrx_word' id='word_1_304' title='bbox 175 2296 343 2381; x_wconf 78' lang='lat' dir='ltr'><strong>Quidquid</strong></span> <span class='ocrx_word' id='word_1_305' title='bbox 365 2319 386 2364; x_wconf 89' lang='lat' dir='ltr'><strong>a</strong></span> <span class='ocrx_word' id='word_1_306' title='bbox 405 2301 554 2386; x_wconf 89' lang='lat' dir='ltr'><strong>principe</strong></span> <span class='ocrx_word' id='word_1_307' title='bbox 575 2301 675 2366; x_wconf 85' lang='lat' dir='ltr'><strong>etiam</strong></span> <span class='ocrx_word' id='word_1_308' title='bbox 696 2302 793 2367; x_wconf 85' lang='lat' dir='ltr'><strong>nelan</strong></span> <span class='ocrx_word' id='word_1_309' title='bbox 817 2301 967 2368; x_wconf 90' lang='lat' dir='ltr'><strong>issimum</strong></span> <span class='ocrx_word' id='word_1_310' title='bbox 989 2301 1149 2366; x_wconf 86' lang='lat' dir='ltr'><strong>sancitum</strong></span> <span class='ocrx_word' id='word_1_311' title='bbox 1201 2301 1344 2368; x_wconf 74' lang='lat' dir='ltr'><strong>mseribe</strong></span> <span class='ocrx_word' id='word_1_312' title='bbox 1377 2300 1406 2368; x_wconf 87' lang='lat' dir='ltr'><strong>si</strong></span> <span class='ocrx_word' id='word_1_313' title='bbox 1435 2297 1513 2383; x_wconf 91' lang='lat' dir='ltr'><strong>quid</strong></span> <span class='ocrx_word' id='word_1_314' title='bbox 1539 2299 1574 2364; x_wconf 90' lang='lat' dir='ltr'><strong>in</strong></span> <span class='ocrx_word' id='word_1_315' title='bbox 1601 2297 1704 2364; x_wconf 85' lang='lat' dir='ltr'><strong>tantis</strong></span> <span class='ocrx_word' id='word_1_316' title='bbox 1733 2297 1998 2384; x_wconf 87' lang='lat' dir='ltr'><strong>occupationibus</strong></span> <span class='ocrx_word' id='word_1_317' title='bbox 2025 2299 2085 2366; x_wconf 86' lang='lat' dir='ltr'><strong>otii</strong></span> <span class='ocrx_word' id='word_1_318' title='bbox 2112 2299 2173 2366; x_wconf 81' lang='lat' dir='ltr'><strong>uli·</strong></span> 
     </span>
     <span class='ocr_line' id='line_1_24' title="bbox 175 2383 1605 2472; baseline 0.003 -25"><span class='ocrx_word' id='word_1_319' title='bbox 175 2383 220 2447; x_wconf 88' lang='lat' dir='ltr'><strong>sit</strong></span> <span class='ocrx_word' id='word_1_320' title='bbox 240 2385 375 2450; x_wconf 90' lang='lat' dir='ltr'><strong>retineri</strong></span> <span class='ocrx_word' id='word_1_321' title='bbox 397 2385 515 2452; x_wconf 88' lang='lat' dir='ltr'><strong>volunt</strong></span> <span class='ocrx_word' id='word_1_322' title='bbox 541 2386 582 2452; x_wconf 93' lang='lat' dir='ltr'><strong>cb</strong></span> <span class='ocrx_word' id='word_1_323' title='bbox 595 2437 707 2453; x_wconf 93' lang='grc'><strong>......</strong></span> <span class='ocrx_word' id='word_1_324' title='bbox 722 2387 751 2472; x_wconf 84' lang='lat'><strong>⁷)</strong></span> <span class='ocrx_word' id='word_1_325' title='bbox 772 2387 983 2454; x_wconf 85' lang='lat' dir='ltr'><strong>Lutheranos</strong></span> <span class='ocrx_word' id='word_1_326' title='bbox 1009 2385 1150 2451; x_wconf 86' lang='lat' dir='ltr'><strong>interfici</strong></span> <span class='ocrx_word' id='word_1_327' title='bbox 1201 2385 1331 2469; x_wconf 88' lang='lat' dir='ltr'><strong>quando</strong></span> <span class='ocrx_word' id='word_1_328' title='bbox 1352 2393 1469 2452; x_wconf 87' lang='lat' dir='ltr'><strong>nactus</strong></span> <span class='ocrx_word' id='word_1_329' title='bbox 1490 2385 1563 2451; x_wconf 90' lang='lat' dir='ltr'><strong>eris.</strong></span> <span class='ocrx_word' id='word_1_330' title='bbox 1578 2383 1605 2466; x_wconf 85' lang='lat'><strong>⁹)</strong></span> 
     </span>
    </p>

    <p class='ocr_par' dir='ltr' id='par_1_3' title="bbox 176 2467 1404 2557">
     <span class='ocr_line' id='line_1_25' title="bbox 176 2467 1404 2557; baseline 0 -25"><span class='ocrx_word' id='word_1_331' title='bbox 176 2467 293 2536; x_wconf 88' lang='lat' dir='ltr'><strong>debere</strong></span> <span class='ocrx_word' id='word_1_332' title='bbox 304 2480 446 2550; x_wconf 90' lang='lat' dir='ltr'><strong>censent,</strong></span> <span class='ocrx_word' id='word_1_333' title='bbox 469 2473 531 2539; x_wconf 92' lang='lat' dir='ltr'><strong>sibi</strong></span> <span class='ocrx_word' id='word_1_334' title='bbox 541 2471 674 2538; x_wconf 88' lang='lat' dir='ltr'><strong>interim</strong></span> <span class='ocrx_word' id='word_1_335' title='bbox 685 2471 820 2557; x_wconf 91' lang='lat' dir='ltr'><strong>pulchre</strong></span> <span class='ocrx_word' id='word_1_336' title='bbox 832 2481 986 2539; x_wconf 80' lang='lat' dir='ltr'><strong>carentes</strong></span> <span class='ocrx_word' id='word_1_337' title='bbox 999 2519 1110 2537; x_wconf 91' lang='grc'><strong>......</strong></span> <span class='ocrx_word' id='word_1_338' title='bbox 1122 2474 1149 2548; x_wconf 86' lang='lat'><strong>⁷)</strong></span> <span class='ocrx_word' id='word_1_339' title='bbox 1189 2541 1193 2557; x_wconf 41' lang='grc' dir='ltr'>Ι</span> <span class='ocrx_word' id='word_1_340' title='bbox 1401 2529 1404 2532; x_wconf 88' lang='grc'>.</span> 
     </span>
    </p>

    <p class='ocr_par' dir='ltr' id='par_1_4' title="bbox 173 2552 2172 2816">
     <span class='ocr_line' id='line_1_26' title="bbox 175 2552 2172 2656; baseline 0.003 -39"><span class='ocrx_word' id='word_1_341' title='bbox 175 2552 366 2640; x_wconf 67' lang='grc' dir='ltr'><strong>εὐτραπελίαν</strong></span> <span class='ocrx_word' id='word_1_342' title='bbox 384 2555 504 2641; x_wconf 92' lang='lat' dir='ltr'><strong>ubique</strong></span> <span class='ocrx_word' id='word_1_343' title='bbox 526 2565 726 2638; x_wconf 76' lang='lat' dir='ltr'><strong>exornantes,</strong></span> <span class='ocrx_word' id='word_1_344' title='bbox 754 2579 830 2625; x_wconf 92' lang='lat' dir='ltr'><strong>cum</strong></span> <span class='ocrx_word' id='word_1_345' title='bbox 856 2557 1017 2642; x_wconf 76' lang='lat' dir='ltr'><strong>religiosis</strong></span> <span class='ocrx_word' id='word_1_346' title='bbox 1038 2555 1078 2620; x_wconf 90' lang='lat' dir='ltr'><strong>de</strong></span> <span class='ocrx_word' id='word_1_347' title='bbox 1097 2575 1149 2620; x_wconf 90' lang='lat' dir='ltr'><strong>re-</strong></span> <span class='ocrx_word' id='word_1_348' title='bbox 1303 2589 1333 2650; x_wconf 61' lang='grc'><strong>8)</strong></span> <span class='ocrx_word' id='word_1_349' title='bbox 1352 2588 1416 2643; x_wconf 69' lang='lat' dir='ltr'><strong>H„</strong></span> <span class='ocrx_word' id='word_1_350' title='bbox 1434 2603 1547 2656; x_wconf 56' lang='lat' dir='ltr'><strong>mm,</strong></span> <span class='ocrx_word' id='word_1_351' title='bbox 1570 2587 1603 2641; x_wconf 70' lang='lat'><strong>,·„</strong></span> <span class='ocrx_word' id='word_1_352' title='bbox 1625 2588 1716 2643; x_wconf 69' lang='lat' dir='ltr'><strong>edice</strong></span> <span class='ocrx_word' id='word_1_353' title='bbox 1737 2589 1812 2656; x_wconf 56' lang='lat' dir='ltr'><strong>m„</strong></span> <span class='ocrx_word' id='word_1_354' title='bbox 1833 2589 2054 2656; x_wconf 51' lang='lat' dir='ltr'><strong>m</strong></span> <span class='ocrx_word' id='word_1_355' title='bbox 2076 2589 2172 2644; x_wconf 56' lang='lat' dir='ltr'><strong>m</strong></span> 
     </span>
     <span class='ocr_line' id='line_1_27' title="bbox 173 2639 2172 2727; baseline 0.003 -21"><span class='ocrx_word' id='word_1_356' title='bbox 173 2639 296 2726; x_wconf 72' lang='lat' dir='ltr'><strong>ligione</strong></span> <span class='ocrx_word' id='word_1_357' title='bbox 317 2641 453 2726; x_wconf 91' lang='lat' dir='ltr'><strong>pulchre</strong></span> <span class='ocrx_word' id='word_1_358' title='bbox 475 2643 681 2722; x_wconf 88' lang='lat' dir='ltr'><strong>disserentes,</strong></span> <span class='ocrx_word' id='word_1_359' title='bbox 703 2665 778 2711; x_wconf 89' lang='lat' dir='ltr'><strong>cum</strong></span> <span class='ocrx_word' id='word_1_360' title='bbox 796 2641 899 2708; x_wconf 89' lang='lat' dir='ltr'><strong>doctis</strong></span> <span class='ocrx_word' id='word_1_361' title='bbox 917 2641 1051 2720; x_wconf 87' lang='lat' dir='ltr'><strong>erudite,</strong></span> <span class='ocrx_word' id='word_1_362' title='bbox 1074 2661 1149 2708; x_wconf 91' lang='lat' dir='ltr'><strong>oum</strong></span> <span class='ocrx_word' id='word_1_363' title='bbox 1200 2656 1390 2725; x_wconf 62' lang='grc'><strong>1010000100,</strong></span> <span class='ocrx_word' id='word_1_364' title='bbox 1414 2656 1533 2712; x_wconf 64' lang='lat' dir='ltr'><strong>cauam</strong></span> <span class='ocrx_word' id='word_1_365' title='bbox 1556 2655 1702 2711; x_wconf 65' lang='grc'><strong>00101000</strong></span> <span class='ocrx_word' id='word_1_366' title='bbox 1724 2658 1794 2712; x_wconf 70' lang='lat' dir='ltr'><strong>mlta</strong></span> <span class='ocrx_word' id='word_1_367' title='bbox 1819 2673 1854 2713; x_wconf 73' lang='lat' dir='ltr'><strong>ec</strong></span> <span class='ocrx_word' id='word_1_368' title='bbox 1878 2657 1987 2727; x_wconf 64' lang='grc'><strong>000010</strong></span> <span class='ocrx_word' id='word_1_369' title='bbox 2004 2657 2172 2713; x_wconf 63' lang='lat' dir='ltr'><strong>adaman</strong></span> 
     </span>
     <span class='ocr_line' id='line_1_28' title="bbox 175 2725 2026 2816; baseline 0.002 -23"><span class='ocrx_word' id='word_1_370' title='bbox 175 2729 410 2810; x_wconf 88' lang='lat' dir='ltr'><strong>superstitiosis</strong></span> <span class='ocrx_word' id='word_1_371' title='bbox 433 2730 665 2816; x_wconf 89' lang='lat' dir='ltr'><strong>superstitiose,</strong></span> <span class='ocrx_word' id='word_1_372' title='bbox 689 2729 828 2814; x_wconf 90' lang='lat' dir='ltr'><strong>denique</strong></span> <span class='ocrx_word' id='word_1_373' title='bbox 845 2729 892 2794; x_wconf 86' lang='lat' dir='ltr'><strong>ita</strong></span> <span class='ocrx_word' id='word_1_374' title='bbox 908 2725 1098 2811; x_wconf 85' lang='lat' dir='ltr'><strong>versipelles</strong></span> <span class='ocrx_word' id='word_1_375' title='bbox 1116 2733 1150 2791; x_wconf 90' lang='lat' dir='ltr'><strong>ct</strong></span> <span class='ocrx_word' id='word_1_376' title='bbox 1199 2727 1296 2795; x_wconf 59' lang='lat' dir='ltr'><strong>nese,</strong></span> <span class='ocrx_word' id='word_1_377' title='bbox 1314 2725 1414 2794; x_wconf 56' lang='lat' dir='ltr'><strong>affl·</strong></span> <span class='ocrx_word' id='word_1_378' title='bbox 1431 2730 1529 2780; x_wconf 72' lang='lat' dir='ltr'><strong>watra</strong></span> <span class='ocrx_word' id='word_1_379' title='bbox 1544 2725 1704 2781; x_wconf 53' lang='lat' dir='ltr'><strong>samm</strong></span> <span class='ocrx_word' id='word_1_380' title='bbox 1721 2728 1878 2796; x_wconf 57' lang='lat' dir='ltr'><strong>teiam</strong></span> <span class='ocrx_word' id='word_1_381' title='bbox 1895 2731 2026 2782; x_wconf 56' lang='lat' dir='ltr'><strong>“lew-</strong></span> 
     </span>
    </p>
   </div>
   <div class='ocr_carea' id='block_1_3' title="bbox 174 2793 2172 3002">
    <p class='ocr_par' dir='ltr' id='par_1_5' title="bbox 174 2793 2172 3002">
     <span class='ocr_line' id='line_1_29' title="bbox 174 2793 2172 2934; baseline -0.017 -51"><span class='ocrx_word' id='word_1_382' title='bbox 174 2818 332 2898; x_wconf 71' lang='grc' dir='ltr'><strong><em>πανονργοὶ</em></strong></span> <span class='ocrx_word' id='word_1_383' title='bbox 364 2822 403 2879; x_wconf 88' lang='lat' dir='ltr'><strong>ut</strong></span> <span class='ocrx_word' id='word_1_384' title='bbox 434 2816 475 2881; x_wconf 86' lang='lat' dir='ltr'><strong>ab</strong></span> <span class='ocrx_word' id='word_1_385' title='bbox 507 2816 646 2883; x_wconf 87' lang='lat' dir='ltr'><strong>incautis</strong></span> <span class='ocrx_word' id='word_1_386' title='bbox 674 2835 742 2881; x_wconf 87' lang='lat' dir='ltr'><strong>non</strong></span> <span class='ocrx_word' id='word_1_387' title='bbox 770 2815 862 2882; x_wconf 87' lang='lat' dir='ltr'><strong>laoile</strong></span> <span class='ocrx_word' id='word_1_388' title='bbox 889 2813 1147 2896; x_wconf 76' lang='lat' dir='ltr'><strong>intercipiantur,</strong></span> <span class='ocrx_word' id='word_1_389' title='bbox 1196 2793 1482 2932; x_wconf 43' lang='lat' dir='ltr'><strong>Wussffffffl</strong></span> <span class='ocrx_word' id='word_1_390' title='bbox 1492 2793 1684 2930; x_wconf 49' lang='lat' dir='ltr'><strong>ffigw</strong></span> <span class='ocrx_word' id='word_1_391' title='bbox 1694 2793 2172 2934; x_wconf 44' lang='lat' dir='ltr'><strong>&amp;mmmmm</strong></span> 
     </span>
     <span class='ocr_line' id='line_1_30' title="bbox 1200 2930 2172 3002; baseline -0.004 -16"><span class='ocrx_word' id='word_1_392' title='bbox 1200 2933 1314 3002; x_wconf 63' lang='grc'><strong>11119111</strong></span> <span class='ocrx_word' id='word_1_393' title='bbox 1331 2931 1383 3000; x_wconf 89' lang='lat' dir='ltr'><strong>(N.</strong></span> <span class='ocrx_word' id='word_1_394' title='bbox 1395 2931 1459 2998; x_wconf 77' lang='lat'><strong>466)</strong></span> <span class='ocrx_word' id='word_1_395' title='bbox 1476 2930 1550 2984; x_wconf 76' lang='lat' dir='ltr'><strong>ltatw</strong></span> <span class='ocrx_word' id='word_1_396' title='bbox 1566 2931 1640 2984; x_wconf 75' lang='lat' dir='ltr'><strong>olm</strong></span> <span class='ocrx_word' id='word_1_397' title='bbox 1656 2931 1769 2986; x_wconf 62' lang='lat' dir='ltr'><strong>istm</strong></span> <span class='ocrx_word' id='word_1_398' title='bbox 1786 2949 1814 2986; x_wconf 79' lang='lat' dir='ltr'><strong>a.</strong></span> <span class='ocrx_word' id='word_1_399' title='bbox 1831 2932 1909 3001; x_wconf 76' lang='grc'><strong>1543,</strong></span> <span class='ocrx_word' id='word_1_400' title='bbox 1928 2931 2172 3001; x_wconf 48' lang='lat' dir='ltr'><strong>&amp;madente</strong></span> 
     </span>
    </p>
   </div>
   <div class='ocr_carea' id='block_1_4' title="bbox 276 2999 1703 3070">
    <p class='ocr_par' dir='ltr' id='par_1_6' title="bbox 276 2999 1703 3070">
     <span class='ocr_line' id='line_1_31' title="bbox 276 2999 1703 3070; baseline -0.032 41"><span class='ocrx_word' id='word_1_401' title='bbox 276 2999 575 3067; x_wconf 45' lang='lat' dir='ltr'><strong>&#39;mm</strong></span> <span class='ocrx_word' id='word_1_402' title='bbox 1199 2999 1703 3070; x_wconf 60' lang='lat' dir='ltr'><strong>mammaemamma-</strong></span> 
     </span>
    </p>
   </div>
   <div class='ocr_carea' id='block_1_5' title="bbox 0 0 2460 5974">
    <p class='ocr_par' dir='ltr' id='par_1_7' title="bbox 0 0 2460 5974">
     <span class='ocr_line' id='line_1_32' title="bbox 0 0 2460 5974; baseline 0 6"><span class='ocrx_word' id='word_1_403' title='bbox 0 0 2460 5974; x_wconf 95' lang='lat' dir='ltr'><strong> </strong></span> 
     </span>
    </p>
   </div>
  </div>
 </body>
</html>
