4942 5982
165 376 223 440 129
883 380 964 441 1540
986 373 1443 443 Novaria-Duum.
2108 311 2169 462 ld?

163 565 238 630 Iesu
258 559 530 628 commendatam.
581 563 716 650 Ergone
741 563 967 630 sanctissimus
984 563 1040 629 ille
1062 583 1139 646 epo-
1190 559 1268 644 quid
1289 583 1372 646 opus
1395 561 1526 630 verbis?
1572 561 1676 646 Quasi
1703 586 1781 632 vero
1812 571 1870 632 eut
1902 565 2104 649 prudentdae
2124 590 2168 648 eq

163 650 264 716 stolus
286 648 408 714 idcirco
430 647 495 714 diei
517 656 625 732 potest
645 650 855 716 ecclesiarum
877 649 1031 726 desertor,
1054 649 1139 732 quod
1190 646 1339 714 facilitati
1364 658 1455 728 tuae,
1482 650 1662 716 autetiam
1681 648 1812 718 divinae
1834 651 2061 736 providentiae
2081 641 2168 725 dtffl„

163 736 197 800 in
226 735 391 818 evangelii
419 733 700 800 administratione
732 735 818 801 nulli
849 745 937 802 corto
969 735 1039 801 loco
1068 755 1139 800 sese
1191 733 1315 800 demus.
1366 732 1525 818 Superest
1556 734 1659 819 igitur
1690 743 1729 802 ut
1760 735 1819 804 tibi
1851 758 1964 804 omnes
1995 726 2169 822 precemur

163 821 319 904 privatim
342 819 520 900 addicebat,
543 819 601 886 sed
623 823 714 904 quasi
737 821 885 886 omnium
906 821 1052 905 gentium
1083 819 1137 886 de·
1190 839 1383 902 prosperum
1421 827 1455 885 et
1491 820 1621 887 facilem
1660 842 1794 888 cursum
1832 825 2040 906 profectionis
2080 811 2168 894 tuae}

162 907 247 973 bitor
265 913 337 972 tote
357 907 428 972 vita
448 905 513 972 huo
534 915 569 971 et
588 905 666 973 illuc
687 907 849 974 instinctu
877 907 1013 989 spiritus
1035 905 1139 972 sancti
1191 903 1300 985 Quem
1322 925 1393 970 rem
1415 905 1475 974 tibi
1495 904 1660 972 Dominus
1682 907 1836 974 concedet
1857 930 1916 992 per
1936 909 2042 976 filium
2069 933 2168 978 suum

162 990 456 1077 peregrinabatur?
504 993 622 1058 Nonne
653 993 749 1057 illum
782 992 911 1058 assidua
945 991 1140 1058 sollieitabat
1191 990 1372 1056 Dominum
1394 998 1546 1058 nostrum
1566 992 1677 1058 Iesum
1699 993 1879 1060 christum.
1923 996 2041 1062 Amen.
2081 997 2168 1064 Uni·

163 1077 310 1145 omnium
332 1078 543 1144 ecclesiarum
565 1077 664 1144 cura?
700 1077 798 1159 Quod
821 1079 966 1144 sietiam
988 1077 1030 1142 ad
1051 1097 1139 1142 com-
1190 1076 1297 1142 versis
1319 1084 1353 1142 et
1374 1077 1511 1161 singulis
1532 1077 1687 1144 tratribus
1708 1079 1862 1146 ecclesiae
1879 1087 2008 1148 vestrae
2025 1083 2167 1150 salutem

163 1165 366 1248 parationem
394 1163 592 1228 veniendum
614 1172 672 1242 est,
694 1165 747 1229 cui
770 1184 888 1246 quaeso
910 1163 1064 1228 ecclcsiae
1084 1162 1140 1228 ob-
1190 1161 1367 1245 plurimem
1390 1159 1485 1248 [quos
1501 1183 1614 1230 omnes
1631 1163 1775 1230 obtestor
1792 1187 1851 1249 per
1861 1167 2044 1234 Dominum
2054 1169 2168 1236 Iesum

163 1252 298 1317 strictus
320 1271 356 1314 es
379 1250 515 1314 arctiore
532 1247 663 1315 vinculo
683 1269 780 1332 quam
791 1249 841 1313 illi
850 1257 927 1314 tuae
938 1248 1138 1328 Genevensi,
1191 1267 1234 1312 ne
1260 1245 1339 1328 quid
1365 1247 1547 1330 impediant
1573 1248 1662 1316 hunc
1691 1248 1835 1316 reditum
1863 1260 1896 1318 et
1925 1253 2166 1322 restitutionem

164 1335 203 1402 de
230 1355 295 1420 qua
321 1335 477 1401 laborasti
503 1355 608 1418 usque
630 1333 671 1399 ed
693 1334 869 1400 exsilium?
920 1333 958 1400 Si
986 1342 1020 1398 te
1041 1333 1139 1400 huius
1191 1327 1308 1419 tuem].
1320 1332 1348 1416 ¹)
1394 1333 1507 1400 Etiam
1534 1340 1632 1417 etque
1661 1337 1760 1400 etiem
1786 1336 1873 1416 vele,
1907 1339 1956 1404 fili
1988 1341 2166 1408 carissime.

162 1424 210 1488 rei
238 1422 445 1506 argumentis
472 1428 531 1485 ent
554 1420 668 1486 dooere
701 1429 759 1486 aut
788 1440 979 1503 permovere
1006 1420 1139 1500 niterer,
1191 1415 1222 1484 Ο
1245 1417 1375 1502 quando
1392 1417 1487 1485 illum
1509 1419 1595 1486 diem
1617 1419 1810 1501 videbimus,
1832 1443 1896 1506 quo
1918 1425 2076 1508 teipsum
2095 1445 2167 1492 cor·

163 1529 224 1574 nae
247 1529 352 1574 essem
374 1507 472 1572 homo
494 1507 726 1589 ineptissimus,
743 1507 879 1589 iureque
900 1505 1140 1588 proverbioillo
1189 1523 1269 1587 pore
1290 1511 1496 1588 praesentem
1518 1505 1572 1574 hio
1600 1505 1743 1574 salutare
1765 1515 1799 1572 et
1820 1509 1961 1576 oseulari
1984 1513 2165 1594 possimus?

164 1593 374 1659 deridendus:
405 1614 461 1658 sus
482 1591 684 1657 Minervam!
728 1593 819 1676 Ergo
840 1593 1003 1657 sanassent
1029 1591 1138 1656 rheto-

163 1681 231 1746 rica
257 1678 332 1758 ille,
360 1677 469 1744 valeat
496 1685 664 1742 oratorum
696 1678 880 1742 artificium.
935 1677 1018 1742 Plus
1049 1676 1139 1741 enim

162 1764 321 1830 momenti
352 1785 390 1830 ao
421 1762 574 1846 ponderis
604 1765 669 1829 scio
701 1762 789 1846 apud
817 1772 850 1827 te
880 1762 1033 1828 habitura
1056 1761 1138 1827 haec

162 1871 245 1934 quae
273 1857 351 1916 sunt
376 1849 476 1933 longe
503 1850 645 1931 potiore,
673 1869 792 1932 nempe
819 1849 959 1913 fratrum
990 1848 1138 1912 omnium
1577 1901 1774 1912 w...-

163 1935 290 2003 bacin
319 1955 356 2000 re
384 1953 595 2014 consensum,
624 1933 768 2002 Satanae
795 1933 922 2000 cladem
949 1933 1137 2012 maximam,

162 2022 317 2088 ecelesiae
335 2019 540 2105 dignitatern,
558 2020 592 2086 id
610 2028 669 2098 est,
687 2020 945 2105 pulcherrimam
956 2019 1136 2098 victoriam,

163 2115 205 2186 et,
228 2105 315 2191 qnod
337 2117 387 2171 est
414 2107 464 2171 rei
490 2115 588 2189 caput
616 2115 745 2173 caetera
771 2106 883 2170 omnia
910 2104 1137 2188 complectens,
1643 2085 1715 2154 2⁶5·

162 2192 299 2258 Domini
321 2191 387 2256 Dei
407 2191 513 2256 nostri
534 2191 672 2275 gloriam
695 2200 729 2256 et
750 2191 917 2256 honorem.
951 2191 1037 2256 Nem
1060 2189 1139 2273 quid
1437 2221 1673 2291 (lAIerNUS
1695 2225 1901 2290 ΡΔΒΕΝἮ

163 2279 218 2346 bio
244 2277 305 2343 tibi
332 2297 511 2361 proponam
538 2285 597 2342 aut
623 2279 745 2343 famam
770 2283 864 2342 tuem
891 2283 949 2341 aut
974 2275 1137 2424 gloriam?
1902 2275 1910 2290 ‘

164 2364 257 2446 Quae
278 2373 390 2430 temen
412 2365 493 2446 ipse,
516 2364 544 2428 si
565 2381 656 2428 more
682 2364 828 2428 humano
855 2362 974 2445 loquen
997 2383 1052 2426 um
1079 2368 1137 2441 est,
1276 2393 1327 2460 De
1359 2413 1453 2461 ma
1491 2395 1573 2476 wod
1613 2395 1771 2460 ordinavit
1808 2397 1880 2461 hm
1910 2397 1990 2478 sm·
2047 2395 2165 2463 Cam

164 2451 219 2516 hic
237 2451 378 2516 vertitur
398 2449 555 2514 maxime:
578 2448 636 2514 sed
657 2445 1038 2532 nihiloquidemdnbito,
1059 2448 1138 2531 quin
1187 2501 1317 2566 wem
1337 2480 1526 2562 disciplinae
1542 2481 1748 2548 sommam
1777 2483 1846 2546 πω
1875 2482 2069 2548 mmmm,
2114 2483 2166 2549 De

163 2557 329 2602 summum
358 2535 480 2600 bonum
508 2534 568 2600 tibi
596 2535 639 2599 sit
673 2535 798 2600 servire
829 2533 952 2618 gloriae
984 2533 1136 2631 Domini:
1188 2567 1344 2632 vocatione
1368 2565 1541 2632 amm·
1558 2567 1728 2650 postem
1753 2565 1865 2632 haeret,
1918 2569 2018 2634 Varia
2045 2569 2166 2652 Amen,

163 2624 195 2687 in
218 2623 313 2689 cuius
333 2621 466 2686 nomine
486 2627 524 2719 tu
544 2640 624 2686 vere
645 2627 680 2686 et
699 2620 752 2702 pie
774 2620 828 2684 vel
847 2621 882 2684 in
903 2617 1020 2684 mediis
1040 2617 1138 2684 melre
1189 2653 1370 2717 mm·

163 2708 298 2793 gloriari
326 2714 427 2790 potes.
479 2704 518 2772 Sr
545 2705 605 2770 tibi
631 2727 699 2771 non
726 2713 814 2772 esset
841 2705 876 2769 in
905 2725 1006 2770 menn
1038 2723 1138 2786 quem

163 2795 236 2860 iffi?
258 2793 370 2858 “alim
391 2792 595 2892 Prfflfifflffir
618 2801 652 2857 ⁰?
673 2791 765 2875 quasi
792 2809 1010 2856 mmmmm
1038 2789 1137 2887 roffi?
1190 2823 1243 2886 (llx
1267 2821 1423 2890 apographo
1447 2822 1559 2890 antiquo
1582 2821 1647 2876 Cod.
1674 2822 1775 2876 (lenes.
1799 2821 1858 2890 106,
1881 2824 1926 2877 iol.
1944 2823 1978 2877 49
2001 2825 2077 2878 cuins
2100 2841 2165 2894 apo·

163 2901 288 2962 queres,
307 2899 375 2944 non
397 2877 477 2944 adeo
498 2885 708 2943 meteremus.
752 2875 879 2940 Verum
900 2896 968 2941 non
988 2873 1137 2939 modern
1189 2889 1293 3029 ffirha
1310 2889 1463 2944 reserum
1480 2894 1588 2944 exstant
1605 2891 1671 2944 ibid.
1681 2891 1745 2946 cod
1755 2890 1815 2960 111,
1831 2893 1879 2946 fol.
1893 2891 1936 2961 tt,
1954 2893 2064 2948 Archiv.
2082 2895 2165 2950 Bora

164 2964 223 3032 hac
250 2972 362 3050 parto,
390 2964 447 3030 sed
475 2965 635 3030 etiam-in
663 2970 733 3028 toto
762 2962 893 3045 negotio
920 2966 1032 3026 tantae
1060 2980 1136 3026 eon·
1279 2957 1329 3012 VI·
1347 2975 1372 3026 Ρ·
1391 2956 1426 3010 4³
1452 2963 1482 3011 οἱ
1499 2957 1591 3095 Τῑιῑέἐῗέ
1608 2959 1860 3096 lfliffilelaquqssqd
1878 2989 1911 3002 ·-
1929 2962 2042 3032 Anglica
2061 2963 2165 3020 editam

1574 1641 1671 1708 Nosti
1693 1664 1829 1708 manum
1852 1645 1900 1710 tui
1922 1645 2079 1713 Gorderii.
2161 1654 2164 1663 '

164 3057 301 3117 currunt
322 3051 582 3134 opportunitates
611 3055 650 3113 ut
671 3047 824 3114 Ohristus
852 3067 912 3112 sua
939 3047 1009 3130 ipse
1037 3066 1138 3110 manu

164 3144 196 3201 te
217 3135 376 3202 deducere
396 3135 556 3202 videatur.
601 3135 688 3199 Nem
710 3132 795 3218 quod
823 3133 1028 3216 migrationis
1054 3132 1138 3197 diffi-

164 3223 328 3302 oultetem,
352 3230 410 3288 sut
431 3229 519 3289 certe
540 3223 684 3305 aliquam
710 3220 759 3285 rei
786 3219 956 3284 familiaris
978 3219 1139 3284 iacturam
1275 3215 1409 3282 Nioolao
1430 3214 1567 3282 Parenti
1593 3214 1686 3280 tratri
1718 3234 1791 3280 meo
1818 3217 1996 3296 carissimo,
2029 3218 2166 3286 diacono

163 3309 291 3375 causari
313 3309 405 3388 velis,
427 3329 481 3374 me
501 3309 645 3392 profecto
666 3306 770 3390 pudet
791 3306 948 3390 cogitare,
977 3303 1138 3389 quomodo
1191 3302 1346 3370 ecelesiae
1368 3301 1556 3387 gallicanae.

164 3395 286 3460 famulo
306 3393 371 3460 Dei
393 3403 460 3459 tam
480 3395 668 3460 abieotares
686 3393 821 3458 haerere
838 3391 942 3476 possit
963 3391 999 3455 in
1016 3391 1135 3456 animo.

164 3480 317 3564 Denique
338 3479 399 3545 tibi
420 3480 520 3546 etiam
540 3487 638 3563 atque
665 3478 763 3543 etiam
792 3475 1064 3544 considerandum
1085 3497 1137 3542 re-

164 3565 351 3649 linquimus,
373 3573 453 3649 quot
473 3566 568 3646 bona,
591 3571 669 3648 quot
685 3563 930 3630 commoditates
952 3571 1136 3642 occurrent,

164 3652 193 3717 si
210 3651 357 3718 redieris:
377 3653 429 3717 sin
447 3661 556 3716 autem
578 3651 747 3727 reousaris,
766 3657 889 3731 quanta
898 3649 995 3728 mala,
1014 3657 1138 3732 quanta

163 3737 324 3820 pernicies
346 3737 500 3802 ecelesiae
521 3737 571 3800 illi
592 3734 796 3802 miserandae
816 3735 927 3800 futura
947 3735 998 3800 sit
1049 3731 1138 3813 Quid

162 3825 259 3902 enim,
283 3824 312 3889 si
332 3823 419 3888 victa
440 3823 481 3889 ob
503 3822 617 3887 auxilii
637 3821 897 3904 desperationem
918 3819 1086 3885 relabatur
1102 3819 1137 3882 in

163 3909 315 3975 tenebras
337 3917 371 3974 et
391 3908 564 3992 pristinem
592 3905 830 3972 calamitatem?
875 3904 958 3970 Nem
980 3926 1000 3970 a
1019 3903 1137 3988 quibus

164 3995 297 4060 tandem
318 3995 453 4078 propius
475 3991 657 4060 subsidium
678 3999 782 4075 petat,
811 4011 909 4074 quam
931 4013 951 4055 a
973 3990 1040 4056 suis
1062 4011 1137 4074 pas·

164 4079 311 4146 toribus?
362 4080 414 4145 Ad
443 4101 523 4163 quos
559 4085 592 4143 et
619 4078 741 4143 certius
770 4087 803 4141 et
836 4077 939 4141 tutius
962 4077 1137 4160 confugiet,

167 4187 260 4249 quam
283 4165 325 4232 ad
347 4167 571 4250 progenitores
594 4163 692 4230 suos?
731 4162 827 4243 erod
850 4163 878 4227 si
900 4162 1059 4227 abiisse
1082 4162 1137 4226 dc-

167 4251 313 4318 raliotam
336 4251 455 4318 viderit
483 4273 503 4318 a
531 4249 647 4334 quibus
675 4248 882 4332 potissimum
914 4246 1069 4312 tuendam
1102 4269 1137 4314 se

165 4347 272 4485 qutat,
306 4359 390 4420 quae
421 4359 495 4420 spes
527 4337 668 4402 miserae
695 4342 729 4399 et
757 4333 896 4398 afflictae
918 4332 1045 4416 reliqua
1064 4333 1134 4398 est?

198 4445 290 4489 erum
312 4421 394 4487 illud
417 4423 514 4487 etiam
535 4421 611 4487 vide
632 4443 683 4499 ne,
706 4419 793 4502 quod
815 4427 942 4484 avertat
963 4419 1135 4498 Dominus,

166 4509 192 4574 si
218 4510 334 4574 venire
362 4509 524 4586 renueris,
552 4517 585 4572 te
609 4509 716 4590 ipsum
744 4525 816 4570 sero
843 4505 1021 4588 poeniteat,
1052 4526 1136 4570 neve

166 4593 283 4664 dicaris
305 4595 435 4678 spiritui
455 4601 569 4662 sancto
591 4591 733 4660 voluisse
754 4591 915 4656 resistere.
952 4589 983 4656 Ο
1005 4590 1134 4690 gaudia,

165 4701 184 4745 o
204 4679 448 4766 gratulationes,
470 4701 489 4744 o
511 4680 686 4764 applausus
707 4678 880 4742 universae
901 4675 1066 4757 ecclesrae,
1095 4677 1135 4742 de

166 4765 225 4830 heo
245 4767 453 4832 restitutione
474 4766 546 4830 tue?
592 4763 676 4846 Quis
698 4764 798 4847 igitur
819 4762 952 4828 relictus
970 4773 1020 4828 est
1042 4785 1135 4830 recu·

165 4852 258 4918 sandi
289 4851 402 4916 locus?
437 4851 514 4935 quid
552 4859 655 4918 restat
685 4869 781 4933 porro
814 4848 880 4914 uisi
912 4854 951 4912 ut
983 4848 1135 4916 invocato

164 4937 298 5004 Domini
331 4936 467 5014 auxilio,
501 4935 656 5002 adhibitis
689 4936 726 4999 in
765 4933 937 5000 consilium
968 4933 1134 5014 fratribus,

165 5021 391 5091 commendata
407 5022 551 5099 eeclesia,
569 5021 683 5088 relicto
693 5019 809 5086 idoneo
823 5038 1017 5096 successore,
1036 5041 1135 5102 quam

164 5111 306 5192 primum
333 5111 464 5186 venias,
492 5117 550 5174 aut
576 5108 685 5192 potius
714 5105 868 5174 advolas?
918 5105 969 5170 Ac
997 5105 1135 5170 nisime

165 5195 354 5262 invaletudo
377 5195 541 5273 retineret,
564 5193 630 5257 iam
651 5193 725 5259 istic
747 5212 862 5270 essem,
891 5199 988 5270 certe,
1019 5191 1046 5255 si
1068 5203 1134 5256 tar·
1203 5219 1272 5282 Μ
1289 5219 1318 5279 1)
1337 5220 1416 5274 „mg
1432 5217 1539 5274 ΜΝ
1556 5219 1587 5272 r's
1604 5219 1728 5290 „mm
1744 5219 1855 5288 ,mm

165 5279 267 5363 dares,
288 5281 389 5350 istinc
410 5279 583 5347 sublimem
604 5279 668 5348 huo
689 5279 836 5361 protinus
865 5296 1023 5360 raperem.
1068 5275 1136 5344 Sed
1204 5287 1273 5350 sos.
1291 5287 1321 5358 1)
1345 5287 1457 5344 Videtur
1473 5289 1498 5341 r's
1515 5287 1640 5344 aedessae
1655 5287 1809 5358 pellicanus
1825 5286 2015 5342 ancorarius
2030 5287 2128 5355 aare.

268 5384 382 5442 massi
396 5397 489 5453 opere.
532 5382 589 5437 Vol.
609 5379 663 5434 XI.
1933 5370 1949 5425 9

1274 3439 1388 3505 Placet
1404 3437 1490 3521 quod
1513 3458 1638 3504 sacram
1655 3458 1787 3503 coenem
1805 3438 1840 3502 in
1859 3437 2000 3504 alterum
2017 3459 2165 3506 mensem

1189 3525 1363 3598 distuleris,
1386 3525 1464 3608 quie
1486 3544 1559 3589 eem
1581 3545 1670 3590 nuno
1687 3523 1916 3589 administrare
1938 3545 2004 3590 non
2021 3532 2164 3610 poteras,

1189 3613 1254 3678 nisi
1281 3609 1428 3695 neglecto
1457 3630 1496 3674 eo
1524 3609 1637 3675 ordine
1667 3631 1764 3694 quem
1786 3631 1855 3675 non
1877 3611 1948 3676 sine
1970 3631 2069 3678 causa
2091 3610 2166 3678 dili·

1174 3705 1305 3782 genter
1330 3703 1498 3762 servatum
1526 3717 1597 3762 esse
1626 3696 1729 3778 cupio.
1781 3695 1995 3762 Ecclesiolem
2017 3705 2165 3763 nostram

1189 3781 1276 3867 quod
1298 3779 1394 3846 audio
1417 3789 1503 3845 stare
1525 3781 1731 3860 incolumem,
1753 3781 1858 3847 itaut
1880 3783 2008 3848 nullum
2029 3805 2069 3848 ex
2090 3805 2165 3849 mea

1189 3867 1336 3933 absentie
1366 3867 1609 3931 incommodum
1641 3867 1775 3948 sentiat,
1817 3867 1851 3932 id
1890 3889 1943 3934 me
1975 3869 2096 3933 mirum
2127 3870 2164 3933 in

1188 3951 1324 4019 modum
1345 3951 1516 4030 exhilaret,
1535 3952 1589 4017 vel
1608 3962 1705 4031 certe,
1723 3953 1810 4018 utin
1830 3954 1928 4020 rebus
1945 3954 2049 4033 melis,
2068 3951 2164 4019 valde

1189 4045 1316 4106 recreet
1337 4059 1374 4103 ao
1397 4037 1529 4102 solatur.
1563 4039 1708 4104 Tametsi
1719 4039 1825 4104 obiter
1842 4047 1969 4104 tantum
1992 4060 2030 4104 ao
2050 4039 2164 4121 paucis

1189 4125 1298 4192 verbis
1320 4123 1378 4189 tibi
1399 4122 1460 4187 sub
1483 4121 1662 4188 discessum
1684 4122 1827 4189 indicavi
1849 4123 1925 4207 quid
1948 4123 2030 4188 mihi
2047 4142 2164 4206 operae

1189 4212 1330 4296 pretium
1352 4205 1526 4288 videretur,
1550 4207 1626 4274 dedi
1647 4217 1759 4273 tamen
1785 4209 1881 4274 fidele
1909 4209 2081 4274 consilium
2109 4212 2165 4278 oui

1188 4306 1222 4362 te
1244 4295 1467 4380 obtemporare
1490 4293 1629 4378 gaudeo:
1664 4316 1731 4359 non
1763 4295 1839 4377 quie
1867 4315 1977 4359 meum
2006 4303 2070 4372 eet,
2093 4291 2162 4362 ‘sed

1188 4384 1264 4464 quia
1285 4389 1319 4448 et
1340 4381 1399 4445 tibi
1421 4401 1487 4444 non
1508 4380 1636 4457 inutile,
1659 4387 1693 4444 et
1713 4379 1787 4444 aliis
1803 4379 1933 4445 salubre
1944 4401 2015 4444 esse
2026 4381 2159 4449 confido.

1187 4467 1240 4534 De
1262 4465 1458 4551 pauperibus
1479 4488 1545 4530 non
1565 4487 1681 4548 perum
1704 4486 1777 4530 sum
1794 4465 1970 4548 perplexus
1987 4466 2163 4534 iuratione

1188 4550 1402 4638 excogitanda
1440 4571 1505 4634 qua
1542 4553 1703 4634 possimus
1742 4551 1807 4616 illis
1843 4570 2039 4616 succurrere.
2095 4551 2162 4618 Sed

1187 4637 1279 4706 vides
1301 4637 1454 4704 ecclesiae
1475 4649 1606 4702 nostrae
1622 4637 1775 4719 inopiam.
1820 4635 1933 4720 Neque
1951 4637 2080 4703 efficere
2099 4659 2162 4702 un-

1188 4745 1286 4808 quam
1308 4723 1407 4808 potui,
1431 4733 1505 4788 ute
1528 4721 1639 4788 Gallie
1660 4721 1796 4788 subsidii
1818 4721 1941 4806 aliquid
1967 4723 2161 4788 mitteretur.

1187 4811 1324 4876 Olatem
1347 4809 1485 4874 alteram
1508 4807 1668 4873 Sturmtus
1689 4807 1776 4872 domi
1799 4829 1877 4874 suee
1898 4807 2037 4892 reliquit
2053 4813 2077 4884 ¹)
2122 4805 2162 4874 Si

1144 4941 1147 4952 ·
1187 4903 1316 4962 tantum
1338 4895 1508 4978 reperietis
1530 4895 1563 4958 in
1586 4894 1712 4959 aerario
1731 4893 1818 4958 unde
1839 4894 1971 4977 possitis
1993 4913 2096 4976 usque
2119 4892 2163 4958 ad

1187 5001 1298 5048 meum
1317 4977 1461 5045 reditum
1482 4988 1688 5064 praesentem
1710 4981 1937 5046 necessitatem
1965 4985 2165 5058 sustentare,
