4846 5962
310 303 373 366 203
1081 293 1341 362 EPIS'POLAE
1364 297 1532 359 soa—304
2237 299 2295 360 aet

310 486 418 553 versia
439 486 524 550 inter
545 483 625 548 duas
646 481 743 549 urbes
751 485 780 564 ⁶)
809 482 958 559 evaserit,
988 503 1052 564 quo
1074 483 1140 548 sint
1168 481 1277 546 anime
1329 489 1449 564 quanto
1470 481 1557 546 ultra
1577 481 1742 562 prooessit.
1792 481 1917 546 Verum
1943 482 2013 565 ipse
2038 502 2164 566 quoque
2192 502 2234 546 ex
2259 502 2296 548 eo

312 572 498 638 Genevates
520 569 631 644 nostri,
660 589 724 650 quo
751 571 847 634 modo
873 589 908 633 se
936 567 1070 632 eoelesia
1095 566 1153 631 illa
1181 567 1278 632 susti·
1329 567 1497 632 hominum
1519 587 1647 650 genere,
1669 567 1726 648 qui
1748 564 1917 630 dimidium
1944 567 2053 634 neseio
2073 566 2154 651 quid
2174 569 2297 652 fingere

311 665 396 732 neat,
419 652 495 738 quid
518 661 594 738 agat
619 653 753 732 Viretue,
775 675 856 736 quae
878 673 960 736 spes,
985 673 1069 734 quae
1086 651 1195 718 studia
1211 652 1279 718 sint
1329 653 1509 717 moliuntur
1536 651 1622 716 inter
1651 649 1820 717 Ohristum
1851 661 1885 715 et
1911 652 2079 718 mundum.
2130 651 2221 718 Talis
2248 663 2297 720 est

311 742 466 818 emnium,
499 738 595 804 modo
627 760 669 804 ne
700 739 884 805 incalescas.
938 738 1022 802 Nam
1056 745 1090 802 et
1120 759 1179 822 ego
1212 739 1278 802 iam
1329 746 1440 802 tamen
1457 745 1495 802 ut
1511 757 1586 802 oum
1603 759 1640 802 eo
1658 759 1724 802 non
1741 737 1812 803 siue
1829 737 1937 803 fructu
1955 739 2129 822 sgipossit.
2168 738 2298 804 Mea

310 827 385 910 plus
402 826 503 890 nimio
521 846 593 890 sum
610 833 845 900 eonsternatus,
870 831 904 888 et
921 824 982 888 boe
999 834 1056 887 tua
1074 822 1278 888 vehementia
1330 824 1429 888 nosti:
1470 823 1592 886 nemini
1631 821 1767 894 dubium
1806 831 1857 887 est
1891 824 1972 904 quin
2002 824 2117 888 Davus
2151 824 2206 888 ille
2240 846 2298 890 sua

311 913 449 996 profluis,
476 921 515 974 ut
531 913 640 974 minus
657 910 715 974 tibi
733 909 809 974 fidei
825 911 968 975 habeant
990 929 1070 992 quos
1092 916 1279 990 oportuerat
1329 908 1575 991 importunitate
1592 907 1635 972 sit
1651 909 1761 972 omnia
1778 907 1979 974 turbaturus.
1992 911 2033 992 ¹¹)
2078 909 2150 994 Ego
2168 909 2298 992 quidem

311 997 504 1082 permoveri.
549 996 617 1061 Nee
646 995 806 1078 estquod
836 995 875 1060 de
903 994 981 1076 ipsis
1009 995 1147 1072 mireris,
1178 1015 1278 1076 quum
1329 993 1511 1059 nonaudeo
1529 991 1709 1074 desperare,
1728 991 1786 1058 sed
1803 993 1906 1058 faeere
1924 1015 2048 1076 nequeo
2065 996 2144 1076 quin
2161 993 2297 1060 subinde

311 1105 353 1148 ne
386 1081 473 1166 apud
502 1102 554 1146 me
586 1080 713 1162 quidem
747 1081 832 1144 bane
864 1079 1047 1162 opinionem
1078 1079 1214 1163 effugias
1246 1089 1279 1144 te
1329 1079 1537 1145 Wormaoiae
1569 1078 1726 1144 reeorder.
1742 1081 1782 1161 ¹²)
1834 1077 1931 1144 Certe
1964 1081 1993 1144 si
2025 1079 2102 1163 qnid
2134 1079 2297 1163 praeolare

312 1166 434 1250 aliquid
451 1166 631 1232 humanum
648 1165 701 1230 hio
719 1167 794 1248 pati.
840 1163 984 1230 Omnino
1002 1175 1112 1228 tamen
1135 1164 1278 1242 consulo,
1329 1167 1394 1244 fiet,
1416 1167 1479 1230 erit
1498 1171 1628 1246 praeter
1649 1185 1741 1247 spem
1762 1185 1878 1229 meam.
1927 1163 1994 1232 Ubi
2014 1167 2155 1248 primum
2177 1166 2297 1231 fautum

312 1253 490 1317 utiterum
512 1273 639 1334 urgeas,
664 1261 697 1316 et
713 1251 858 1334 graviter
880 1251 1060 1327 obtesteris,
1083 1271 1125 1314 ne
1143 1250 1278 1315 oblivis·
1329 1251 1428 1314 fuerit
1455 1249 1596 1326 initium,
1623 1249 1743 1316 eortius
1772 1249 1895 1332 aliquid
1923 1250 2044 1316 audies.
2095 1251 2188 1318 Bene
2217 1250 2295 1329 vale,

313 1348 431 1404 eantur
452 1335 527 1418 quid
555 1337 769 1419 promiserint.
813 1335 897 1400 Mihi
927 1336 1069 1418 plaeeret
1096 1336 1130 1399 in
1160 1333 1277 1412 reditu,
1329 1336 1451 1417 optime
1489 1344 1523 1399 et
1560 1335 1771 1418 integerrime
1810 1336 1918 1400 frater.
1980 1336 2140 1400 Dominus
2172 1349 2206 1400 te
2242 1335 2297 1400 diu

313 1435 352 1488 nt
372 1422 590 1505 superioribus
612 1421 714 1486 literis
742 1419 893 1486 indioavi.
938 1421 1050 1502 Neque
1078 1419 1208 1486 difficile
1230 1431 1280 1486 est
1329 1420 1482 1486 eeelesiae
1514 1441 1593 1485 suae
1624 1429 1795 1485 eonservet
1826 1441 1864 1484 ao
1896 1423 2081 1499 oonfirmet,
2120 1443 2187 1486 una
2225 1443 2297 1486 oum

313 1510 479 1584 eonfieere,
502 1508 528 1571 si
551 1516 587 1570 tu
607 1507 702 1571 modo
724 1505 866 1571 adiuves.
1330 1505 1482 1571 omnibus
1503 1507 1623 1571 sanetis
1643 1505 1798 1571 fratribus
1819 1508 1948 1584 nostris,
1979 1527 2060 1588 quos
2084 1526 2196 1571 omnes
2217 1506 2297 1572 mihi

397 1593 440 1658 In
462 1593 512 1656 his
533 1593 669 1656 eomitiis
692 1591 774 1655 nibil
793 1590 870 1655 dum
888 1591 1076 1655 ineheatum
1094 1601 1142 1656 est
1159 1612 1279 1655 memo·
1330 1589 1503 1675 diligenter
1520 1589 1683 1656 salutabis.
1725 1591 1800 1655 Non
1817 1612 1950 1673 possum
1967 1612 2080 1656 omnes
2098 1611 2296 1669 enumerare,

312 1678 423 1744 rabile.
469 1675 598 1742 Caesari
642 1677 812 1742 ermissum
830 1689 908 1754 erat,
932 1685 969 1739 ut
990 1697 1109 1758 pauoos
1131 1676 1280 1741 homines
1330 1685 1367 1740 tu
1386 1677 1568 1742 nominatos
1585 1683 1673 1758 puta.
1723 1677 1862 1741 Viretum
1878 1677 2001 1743 orebris
2018 1677 2297 1742 exhortationibus

312 1765 383 1848 pios
409 1771 442 1828 et
469 1783 586 1847 graves
614 1700 785 1846 deligeret,
817 1762 872 1844 qui
904 1762 1099 1826 examinatis
1132 1772 1165 1826 et
1197 1761 1279 1826 bene
1331 1762 1515 1840 sustinebis,
1543 1781 1585 1824 ne
1607 1763 1753 1826 animum
1782 1761 1919 1828 deiieiat.
1972 1761 2168 1845 Quanquam
2198 1760 2297 1844 pluri·

311 1849 480 1934 perpensis
501 1849 730 1914 eontrovereiis
752 1847 793 1912 de
814 1846 956 1912 ineunda
973 1846 1142 1912 eenoordia
1160 1845 1279 1911 delibe-
1330 1867 1422 1912 mum
1442 1847 1490 1911 fui
1510 1845 1718 1924 exhilaratus,
1747 1867 1851 1930 quum
1872 1868 1978 1930 nuper
1999 1847 2081 1912 mihi
2109 1847 2298 1914 nunciatum

313 1941 434 2010 rorent,
459 1942 492 1998 et
513 1955 595 2015 quae
616 1933 702 1997 inter
723 1955 758 1998 se
779 1933 970 1998 statuissent
991 1943 1101 2014 postea
1122 1933 1281 1997 referrent
1330 1931 1423 2011 foret,
1448 1953 1585 1996 uxorem
1606 1939 1640 1996 et
1660 1932 1894 2014 supellectilem
1916 1933 2084 1999 Genavam
2108 1942 2297 2015 asportasse.

313 2019 356 2086 ad
384 2017 521 2083 ordines.
576 2017 739 2082 Vioesimo
761 2016 812 2083 die
833 2020 955 2083 mensis
977 2018 1075 2082 huius
1098 2017 1281 2082 nominavit
1330 2017 1403 2084 Hoe
1439 2026 1568 2100 aeoepto
1600 2018 1720 2084 nuntio
1752 2020 1842 2102 eoepi
1877 2039 1948 2083 esse
1982 2019 2094 2084 minus
2133 2017 2296 2083 sollieitus.

312 2105 354 2170 ab
388 2104 584 2170 adversariis
613 2103 735 2174 lulium
771 2103 875 2186 Pliny,
908 2104 1065 2168 Ioannem
1092 2105 1278 2186 &oppetam
1331 2103 1533 2185 Ratispenae
1555 2107 1583 2167 8.
1605 2102 1758 2170 ealendas
1780 2103 1895 2169 Maiae.
1908 2103 1949 2188 ¹³)

312 2190 543 2256 Ooloniensem
560 2197 595 2254 et
611 2189 766 2253 loannem
784 2189 923 2267 Eoeium,
942 2210 962 2252 a
979 2189 1072 2253 nobis
1089 2187 1281 2272 Philippum
1948 2240 2006 2306 (Μ
2033 2243 2039 2254 .
2128 2247 2143 2304 t

314 2273 591 2354 Melaaebtdonem,
637 2275 819 2339 Martinam
858 2273 1016 2339 Baoeram
1054 2287 1087 2338 et
1125 2274 1280 2337 Ioannem
1977 2265 1996 2304 ‘⁸
2010 2263 2106 2306 ’ΠΜ
2143 2261 2215 2306 ¹¹³⁵·

315 2359 499 2425 Pinarium.
509 2359 538 2443 ⁶)
591 2359 777 2442 Prineipem
810 2379 936 2442 quoque
969 2380 1003 2423 se
1033 2357 1281 2444 designatarum

313 2443 426 2524 edixit,
449 2445 504 2528 qui
526 2446 643 2511 aetioni
672 2457 844 2528 praeesset.
855 2443 881 2528 ⁷)
925 2445 1037 2510 Nostri
1064 2445 1174 2508 habita
1202 2443 1281 2508 deli·
1419 2443 1584 2526 Scriptum
1601 2453 1653 2509 est
1668 2444 1732 2509 hue
1749 2465 1863 2526 nuper,
1886 2444 2006 2508 multas
2023 2455 2136 2528 gentes
2153 2445 2301 2510 asiatieas

312 2531 480 2596 horatione
512 2541 628 2613 rogatu
660 2529 807 2678 nostro?
847 2531 1062 2611 postularunt,
1101 2541 1140 2594 ut
1171 2529 1281 2613 plures
1333 2530 1481 2594 a'l’urea
1503 2528 1664 2595 defeeisse.
1709 2530 1822 2613 Ipsum
1839 2531 1941 2613 igitur
1957 2529 2096 2594 detineri
2113 2551 2201 2595 nune
2218 2529 2302 2594 bello

312 2623 415 2680 testes
436 2613 659 2680 adhibeantur.
704 2615 777 2680 Non
802 2637 858 2680 um
880 2617 980 2680 seitur
1001 2614 1078 2698 quid
1092 2617 1159 2680 sint
1179 2615 1281 2696 impe·
1356 2615 1466 2693 ersieo,
1488 2616 1662 2698 quominus
1683 2615 1890 2699 Hungeriam
1912 2625 2018 2680 vexet.
2062 2613 2128 2681 Sed
2157 2617 2235 2698 quia
2262 2636 2302 2680 ex

313 2701 441 2778 maturi
464 2701 527 2765 nisi
548 2699 632 2784 quod
653 2721 726 2784 spes
748 2709 798 2766 est
818 2701 912 2778 laeta,
940 2700 974 2766 id
996 2721 1091 2766 outae
1112 2702 1182 2765 fore
1207 2699 1281 2765 Cae
1368 2701 1506 2785 ungaria
1537 2701 1693 2784 seriptum
1725 2711 1784 2779 est,
1817 2701 1875 2766 vix
1908 2700 2010 2766 audeo
2042 2701 2140 2766 fidem
2170 2701 2302 2765 habere

312 2787 391 2852 aeri.
434 2785 573 2850 Interim
594 2787 700 2853 voeati
723 2797 800 2851 sunt
826 2785 874 2850 illi
904 2807 963 2852 sex
991 2785 1119 2852 deleeti:
1148 2786 1282 2852 comiter
1333 2785 1437 2868 Cupio
1466 2786 1572 2870 magis
1600 2807 1697 2869 quam
1725 2785 1828 2852 eredo.
1878 2785 1985 2852 Hodie
2013 2807 2138 2870 quoque
2165 2786 2303 2850 allatum

313 2891 427 2936 omnes
454 2871 581 2954 exeepti
609 2893 628 2936 a
660 2869 801 2951 Caesare,
833 2877 950 2936 manus
978 2871 1044 2936 illis
1071 2872 1176 2954 primo
1204 2891 1281 2936 oon-
1332 2881 1391 2950 est,
1415 2871 1609 2938 monaahum
1632 2874 1686 2954 qui
1705 2874 1799 2956 regni
1817 2873 2084 2957 gubernationem
2101 2893 2161 2956 pro
2178 2871 2303 2956 pupillo

313 2977 428 3042 gressu
450 2967 483 3021 et
504 2977 603 3039 quum
631 2955 851 3023 valedieerent
878 2967 1035 3040 porreeta.
1081 2955 1197 3024 esaar
1223 2977 1281 3039 per
1332 2966 1518 3040 susoeperat
1535 2978 1554 3022 a
1571 2960 1638 3023 suis
1656 2969 1801 3040 eaptum.
1839 2957 1954 3040 Itaque
1971 2979 2035 3022 nen
2053 2955 2205 3022 dubitant
2221 2958 2303 3041 quin

311 3043 524 3125 interpretem
541 3051 654 3108 saneta
671 3040 844 3106 admodum
866 3043 1092 3108 exhortatione
1112 3063 1192 3108 usus
1213 3053 1279 3108 est:
1331 3043 1395 3108 ista
1426 3043 1592 3108 messione
1618 3043 1714 3108 Bada
1739 3045 1774 3108 in
1807 3053 1998 3126 potestatem
2027 3042 2229 3109 Ferdiaunds'
2262 3043 2304 3108 sit

312 3147 414 3210 quum
441 3147 555 3192 eorum
581 3128 711 3210 pietate,
739 3127 896 3204 doetrina,
923 3127 1113 3210 integritate
1139 3130 1281 3194 oonfisus
1332 3137 1481 3194 ventura.
1516 3127 1682 3194 Dieuntur
1692 3129 1789 3194 multi
1799 3129 1919 3195 milites
1937 3129 1972 3192 in
1984 3149 2100 3213 agrum
2111 3127 2304 3194 Bremensis

312 3219 422 3277 tantas
460 3213 508 3277 eis
547 3221 656 3296 partes
694 3213 894 3290 mandasset,
933 3211 1166 3296 exspeotationi
1202 3233 1280 3278 suae
1332 3215 1538 3298 episcopatus
1555 3216 1736 3280 eonvenite.
1781 3213 1977 3296 Quanquam
1999 3215 2061 3297 ipsi
2082 3235 2148 3280 non
2169 3233 2253 3298 prae
2270 3232 2305 3278 ss

311 3295 508 3380 respondere
536 3297 666 3363 vellent
710 3299 826 3380 Itaque
850 3309 886 3361 ut
908 3297 1045 3382 gloriam
1066 3297 1138 3376 Dei,
1168 3319 1281 3380 paoem
1331 3299 1450 3378 ferunt,
1472 3300 1565 3365 ouius
1588 3301 1733 3382 anspieia
1753 3313 1939 3384 sequautur,
1962 3301 2168 3382 suspieentur
2189 3307 2306 3364 tamen

337 3381 485 3460 oblieam,
507 3385 653 3467 gentium
675 3383 821 3448 omnium
841 3382 981 3448 salutem
1002 3404 1082 3466 prae
1097 3383 1200 3449 oeulis
1222 3384 1279 3448 ha·
1332 3384 1426 3449 multi
1438 3385 1630 3450 Heariobum
1646 3397 1794 3452 noemam
1811 3385 2087 3452 Brunsvieeusem
2104 3405 2176 3450 esse
2194 3384 2305 3450 arehi-

310 3405 436 3541 berent
459 3488 500 3532 ne
522 3468 601 3550 quid
622 3468 799 3546 ambitioni,
828 3487 871 3532 ne
898 3467 977 3552 quid
1002 3469 1210 3552 pertinaciae,
1239 3492 1279 3534 ne
1332 3477 1468 3536 testum:
1498 3489 1574 3534 nam
1596 3471 1695 3536 iidem
1717 3481 1795 3538 sunt
1815 3471 1914 3537 duoes
1941 3492 2022 3554 quos
2050 3479 2148 3535 antea
2175 3471 2213 3534 in
2246 3489 2305 3534 uos

312 3550 391 3636 qnid
429 3552 597 3617 hominum
635 3555 760 3636 gratiae
799 3553 924 3618 darem.
984 3554 1192 3636 Responsum
1230 3564 1280 3620 est
1332 3567 1524 3621 armaverat.
1570 3555 1608 3622 Si
1626 3559 1697 3640 quis
1715 3560 1777 3623 erit
1798 3557 1966 3635 tumultus,
1985 3558 2166 3640 perieulum
2189 3567 2243 3622 est
2264 3573 2304 3621 ue

312 3637 468 3721 utrinque
490 3639 672 3720 separatim.
716 3640 815 3723 Ergo,
838 3639 924 3721 quod
946 3639 1039 3706 Deus
1061 3639 1142 3706 bene
1163 3649 1299 3719 vertat„
1330 3643 1530 3708 oeoasionem
1551 3645 1679 3727 magnis
1701 3643 1794 3709 bellis
1814 3643 1978 3726 praebeat.

335 3721 500 3806 ropediem
527 3723 649 3806 aliquid
674 3723 891 3790 inchoabitur.
946 3725 1049 3790 Porro
1076 3727 1104 3790 si
1132 3723 1280 3792 divinare

311 3743 397 3886 llost,
420 3807 498 3890 quid
519 3809 665 3873 futurum
683 3809 777 3874 multi
795 3811 1008 3892 suspieentur,
1031 3811 1143 3894 paneis
1161 3813 1277 3896 aeoipe.

310 3893 463 3961 Primum
501 3905 611 3958 autem
650 3894 820 3960 hominum
857 3896 991 3980 ingenia
1027 3917 1123 3962 nosse
1162 3918 1279 3979 operae

310 3981 451 4062 pretium
475 3989 533 4046 est.
579 3979 685 4045 Iulius
714 3980 770 4044 ille
792 3980 887 4046 homo
909 3990 960 4046 est
980 3981 1139 4048 ineundus
1161 3993 1194 4046 et
1222 4004 1279 4047 ex-

311 4065 431 4148 politus
449 4065 603 4130 humanis
620 4065 815 4149 diseiplinis:
839 4064 896 4132 sed
912 4067 946 4130 in
964 4067 1129 4151 theologia
1146 4069 1279 4134 minime
1303 4066 1306 4110 ¹
1776 4085 1851 4156 303,

312 4152 526 4228 exercitatus,
559 4148 675 4216 deinde
708 4151 895 4218 ambitiosus
922 4159 956 4216 et
987 4171 1085 4217 aurae
1117 4161 1277 4235 eaptator:
1736 4215 1747 4232 ,

313 4235 432 4318 alioqui
463 4236 562 4300 homo
592 4257 658 4302 non
689 4237 837 4320 impurae
869 4238 965 4302 vitae.
978 4239 1006 4320 ⁹)
1056 4236 1167 4318 Quum
1201 4259 1279 4323 ergo
1571 4212 1808 4282 TOSSANUS
1830 4215 2059 4283 PARELLO·

313 4321 1279 4493 saaasalietate:intertiatam
1419 4375 1563 4460 a...
1584 4378 1710 4461 aa
1736 4380 1774 4444 a
1800 4376 1928 4446 aa
1952 4380 2183 4446 aaa
2213 4383 2308 4448 a

314 4488 421 4553 tulum
443 4491 486 4554 sit
513 4492 554 4556 ab
582 4513 619 4558 ee
649 4491 913 4576 exspectandum.
961 4491 1137 4576 Oroppeme
1150 4497 1192 4578 ¹⁰)
1220 4495 1278 4559 211.
1330 4461 1449 4527 ΝΜΟ·

315 4627 519 4639 ——v————-

1389 4632 1444 4696 (le
1462 4633 1629 4704 autographo
1647 4633 1828 4688 bibliotheeae
1845 4641 1984 4703 pastorum
2002 4635 2258 4703 Nseeomensium.)

416 4709 446 4772 a)
465 4709 586 4765 Bassam
607 4721 633 4768 et
655 4714 793 4770 Genauam
809 4713 843 4767 de
858 4713 941 4768 teris
957 4712 1093 4770 Abbatiae
1110 4715 1140 4770 S.
1151 4715 1279 4772 Victoris.
1337 4739 1364 4746 -·
1378 4741 1534 4748 ----·--

414 4775 445 4844 6)
463 4777 502 4833 N.
520 4777 580 4860 ³09,
598 4799 680 4850 pssum
697 4783 824 4852 censam
840 4781 923 4836 aaa
939 4782 978 4836 nd
994 4785 1143 4852 umis.
1435 4785 1480 4852 11)
1499 4786 1544 4842 De
1559 4787 1609 4842 boo
1625 4787 2212 4844 ammausmsoetlarauaaamaam:
2234 4789 2313 4860 Quos

416 4845 447 4912 7)
465 4845 626 4903 Patrem
647 4853 704 4906 ara.
727 4851 909 4908 arcuerim
931 4851 1093 4908 eeneerds'ue
1117 4853 1279 4910 meum.
1369 4861 1423 4909 test
1440 4872 1499 4910 esse
1517 4874 1531 4910 s
1551 4871 1580 4909 es
1597 4857 1787 4926 propagandae
1811 4857 1935 4912 veritatis
1958 4875 2040 4928 qaum
2063 4859 2155 4913 ebrius
2178 4861 2314 4931 sophista

413 4915 445 4980 8)
463 4923 493 4970 at
507 4933 554 4986 my
571 4927 688 4998 reqaest
956 4989 962 5000 ι
1387 4925 1427 4978 'ns
1444 4924 1478 4978 sd
1501 4874 1568 4978 talia
1589 4927 1699 4994 negotia
1720 4925 1878 4989 adhibetur,
1923 4927 1949 4981 ui
1991 4927 2058 4980 luris
2079 4927 2145 4981 feeit
2167 4929 2315 4984 Bneehum

414 4983 445 5064 β)
463 4983 985 5070 PostwepsseopaanNtunburyem.
1032 4988 1075 5057 Os.
1099 4991 1135 5045 A.
1159 4992 1278 5060 lanea,
1351 5011 1412 5046 uam
1429 4993 1511 5048 allam
1529 4993 1693 5060 religionem.
1735 4993 1831 5065 (Gorp.
1910 5034 1918 5049 .
1942 4944 1992 5050 Ill).
2017 4993 2068 5050 185
2089 4995 2140 5051 sthi
2162 4999 2258 5054 dian
2281 4997 2317 5054 da

312 5047 805 5138 ὼΙιὼοΡΜιιιιιφῳιοωσι
825 5057 953 5113 οιάιιιαε
974 5058 1137 5116 ωιιωνόιαι
1157 5066 1185 5116 et
1209 5059 1277 5118 Ger-
1332 5010 1656 5141 laepieetfffoppero.

313 5131 423 5174 maroe
438 5127 555 5178 annam
567 5123 712 5204 ‚usum
746 5127 837 5182 Berol.
856 5125 932 5182 tata.
1434 5129 1480 5193 12)
1501 5129 1571 5185 Vade
1590 5130 1621 5184 T.
1642 5131 1675 5184 V.
1689 5145 1721 5200 p.
1739 5130 1799 5186 658.

399 5187 445 5255 10)
465 5189 543 5258 Pras.
560 5193 633 5248 sarie
649 5195 777 5250 amaea
799 5195 976 5252 Golesieasis.
1012 5195 1149 5263 (statam
1168 5198 1202 5252 Il.
1221 5198 1278 5266 ts.)
1433 5198 1479 5264 18)
1497 5198 1627 5256 saram
1643 5199 1794 5270 samara
1810 5200 1886 5256 1541.
