4942 5982
221 349 260 411 85
1002 351 1085 417 1540
1107 349 1441 417 supa-oososs.
2179 363 2226 428 86

302 535 516 619 Quanquam,
552 550 589 600 nt
630 557 744 602 aarum
779 537 899 618 fatear,
934 537 1017 602 nihil
1058 539 1195 604 istorum
1219 551 1222 571 ¹
1247 539 1330 604 velle
1352 539 1472 606 habere
1493 541 1645 620 ostendit,
1668 541 1786 607 deinde
1808 546 1908 612 totius
1939 547 2068 630 imperii
2089 550 2222 616 comitia

218 621 411 697 obstitisset,
452 622 515 687 nisi
555 623 742 688 accessisset
775 625 881 687 maius
914 622 1193 704 impedimentum.
1247 625 1463 709 Ratispcnae,
1500 628 1553 692 ubi
1587 637 1621 692 et
1652 621 1705 692 de'
1724 629 1898 712 religione,
1939 633 2025 714 quod
2061 636 2220 718 agitatum

220 706 364 790 Sparsus
384 709 471 772 enim
495 728 608 772 rumor
628 708 691 771 fuit
713 725 789 772 ante
818 706 888 772 dies
914 709 1110 791 quindecim,
1140 710 1195 791 qui
1246 710 1344 774 fuerit
1365 711 1398 774 in
1420 712 1523 794 priori
1544 723 1718 792 conventu,
1737 713 1914 781 definiatur
1935 727 1968 782 ct
1990 719 2030 783 de
2052 729 2140 784 statu
2158 723 2223 786 im-

220 797 400 858 etiamnum
423 803 610 858 constanter
640 793 751 872 durat,
784 791 949 859 Caesarem
970 794 1194 860 Wormaciam
1247 797 1327 878 perii
1351 796 1556 862 deliberetur.
1601 800 1790 868 Estautem
1812 801 1891 867 urbs
1912 803 1969 866 illa
1990 807 2130 886 pessimo
2152 807 2222 874 loco

220 877 398 946 adventare
421 878 463 944 ad
484 879 669 944 habendum
694 880 822 962 imperii
851 889 1068 956 conventum,
1098 901 1194 962 quem
1247 882 1324 958 sita,
1354 881 1439 965 quod
1465 884 1629 967 principes
1658 906 1771 951 omues
1799 888 1855 968 qui
1884 889 1972 970 pacis
2000 893 2089 955 sunt'
2107 913 2222 958 amun-

220 965 402 1050 Haganoae
434 963 620 1029 habendum
661 985 731 1030 esse
771 965 995 1030 decreverunt.
1059 965 1195 1030 Nullum
1248 967 1347 1031 tiores
1368 977 1501 1050 propter
1521 970 1649 1035 itineris
1671 971 1911 1056 longitudinem
1933 995 1970 1039 ac
1992 975 2220 1042 difficultatem

220 1051 350 1136 quidem
382 1050 488 1116 adhuc
517 1051 658 1115 edictum
689 1051 859 1124 emersitss)
890 1071 952 1133 quo
982 1049 1050 1117 dics
1075 1056 1195 1118 consti·
1248 1073 1285 1116 eo
1303 1074 1369 1117 non
1389 1055 1551 1129 accedent,
1570 1063 1603 1119 et
1614 1059 1715 1120 nostri
1735 1059 1842 1123 minus
1861 1069 1968 1124 tutum
1981 1061 2042 1125 sibi
2054 1083 2222 1129 accessum

222 1143 342 1215 tuctur,
366 1136 422 1202 sed
445 1145 601 1202 verentur
622 1137 725 1200 nostri
750 1157 789 1200 uc
813 1157 866 1202 eas
889 1147 976 1201 artes
998 1138 1089 1219 ecqui
1116 1138 1197 1202 velit
1248 1138 1390 1216 credent,
1414 1141 1498 1222 quod
1517 1151 1567 1206 est
1588 1143 1621 1206 in
1640 1143 1747 1207 medio
1764 1145 1926 1210 Bavuriae
1943 1147 2106 1226 umbilico,
2129 1149 2223 1215 cuius

221 1222 337 1306 quibus
361 1243 439 1288 usus
462 1233 511 1288 cst
533 1223 566 1286 in
590 1222 724 1288 concilio
744 1222 924 1306 Haganoae
942 1219 1107 1288 edicendo.
1143 1223 1195 1287 Ad
1249 1225 1392 1307 regionis
1422 1225 1584 1308 principes
1612 1227 1755 1294 infensos
1790 1229 1926 1310 habent,
1960 1241 1995 1296 ct
2023 1231 2153 1299 Caesari
2184 1235 2222 1298 in

221 1310 386 1374 amonim
409 1309 653 1392 angustiaseoe
676 1307 815 1391 redegit,
843 1323 881 1372 ut
906 1309 1082 1373 convenire
1110 1311 1197 1372 inter
1247 1309 1376 1375 foedere
1403 1310 1460 1374 illo
1489 1314 1611 1377 nefario
1640 1315 1836 1380 coniunctus.
1889 1316 2058 1402 Tubingae
2088 1327 2223 1386 exustas

221 1417 254 1462 sa
276 1393 318 1460 ad
342 1395 506 1476 privatam
533 1393 804 1460 consultationem
834 1403 930 1458 antea
957 1415 1023 1456 uon
1054 1403 1195 1476 possent
1248 1407 1325 1460 sunt
1351 1399 1524 1480 sexaginta
1552 1408 1676 1481 septem
1710 1400 1832 1466 domus.
1885 1403 2001 1488 Ignem
2034 1406 2075 1471 ab
2110 1406 2223 1470 inccn-

221 1479 277 1547 sie
297 1480 404 1565 igitur
424 1479 522 1544 hodie
543 1481 669 1554 timent,
692 1501 734 1542 nc
757 1479 837 1544 velit
866 1478 1108 1562 deprehendere
1134 1481 1196 1543 im·
1227 1542 1228 1545 ,
1248 1481 1360 1547 diariis
1382 1479 1563 1549 subiectum
1586 1485 1707 1565 dieunt,
1730 1486 1786 1550 sed
1810 1489 1955 1555 nescitur
1985 1491 2040 1572 qui
2063 1497 2142 1556 sunt
2161 1490 2222 1572 illi,

221 1577 360 1652 paratos.
410 1565 502 1632 Haec
531 1565 707 1630 necessitas
737 1564 894 1630 Beterras
927 1565 980 1629 hic
1007 1573 1113 1644 tenet,
1136 1587 1197 1631 nec
1248 1575 1305 1630 aut
1328 1589 1346 1632 a
1369 1587 1432 1651 qno
1454 1569 1630 1636 subornati.
1644 1573 1671 1652 θ)

220 1654 347 1737 patitur
368 1651 484 1735 pedem
507 1671 646 1715 movere.
681 1651 791 1733 Rogat
809 1651 909 1734 igitur
927 1659 959 1714 te
980 1671 1195 1734 summopere,

221 1736 352 1822 quaudo
374 1737 465 1803 vides
487 1737 579 1802 nulla
600 1757 658 1801 sua
675 1736 771 1818 culpa
788 1733 821 1799 id
839 1737 909 1800 fieri
929 1745 966 1798 ut
977 1734 1086 1800 datam
1098 1736 1195 1801 fidem

221 1846 287 1889 non
316 1831 474 1906 praestet,
505 1829 543 1887 ut
569 1843 603 1887 se
630 1831 821 1888 excusatum
849 1821 979 1886 habeas.
1024 1823 1096 1906 Ego
1118 1841 1197 1888 sane

221 1911 284 1975 hoc
304 1909 366 1974 tibi
389 1929 447 1990 pro
469 1910 538 1992 ipso
562 1907 730 1990 polliceor,
758 1927 926 1989 nunquam
955 1927 1009 1971 me
1032 1908 1197 1973 hominem

222 1995 344 2062 vidisse
367 1992 408 2058 ad
430 1993 552 2077 aliquid
575 1993 737 2076 agendum
762 1993 972 2074 paratiorem,
1000 2015 1098 2077 quam
1128 2005 1198 2058 erat
1698 2014 1770 2084 239Ι

219 2081 262 2147 ad
284 2081 348 2146 hoc
368 2081 433 2144 iter
450 2079 694 2155 conficiendum,
719 2078 782 2142 nisi
805 2079 867 2144 hcc
885 2078 1017 2143 vinculo
1035 2080 1196 2146 constrin-

261 2175 362 2232 rctnr.
408 2165 580 2232 Constabit
600 2165 682 2229 forte
705 2164 813 2243 brevi,
841 2183 1075 2246 supervacuam
1098 2166 1197 2230 luisse
1464 2151 1766 2221 MAROURTIUS
1790 2153 2007 2222 OALVINO·

218 2187 307 2318 ξθιιιιο
328 2272 450 2318 curam.
496 2249 563 2316 Sed
585 2250 663 2332 quid
685 2250 830 2314 iacerent
852 2251 953 2314 nostri
976 2250 1033 2314 ubi
1059 2252 1199 2316 audiunt

218 2339 288 2404 iam
315 2337 459 2421 hospitia
488 2336 653 2419 designari
678 2335 905 2413 Wormaciac,
935 2337 1000 2399 iam
1034 2335 1198 2402 Gaesarem
1329 2319 1461 2419 ,3¹⁰⁷le
1481 2343 1516 2388 30
1537 2323 1638 2406 ΜΝ
1658 2326 1748 2423 θηξῖθ
1765 2346 1880 2408 miani
1896 2331 1931 2391 “i
1950 2325 2098 2392 Gallim
2119 2327 2222 2392 GM·

219 2425 490 2508 appropinqnare,
514 2424 575 2488 nisi
598 2432 635 2486 ut
655 2421 774 2485 intenti
803 2419 932 2487 esseut?
977 2421 1131 2500 Interim,
1161 2431 1198 2486 nt
1248 2425 1389 2470 mmm
1424 2409 1552 2510 ardeuil·
1575 2410 1727 2475 desidem
1761 2417 1862 2476 ”wius
1894 2432 2006 2478 novam
2037 2414 2222 2478 vocationm

218 2509 283 2574 hoc
311 2531 438 2593 qnoque
467 2509 565 2585 scias,
598 2507 717 2572 Caesar
738 2507 808 2590 ipse
832 2505 1041 2584 Flandriam,
1070 2508 1196 2572 Holan·
1248 2511 1376 2573 eamque
1397 2515 1466 2558 vm
1486 2495 1628 2560 stanam
1644 2516 1705 2560 Μ
1726 2503 1861 2578 '‘illimi-

218 2594 328 2674 dium,
356 2593 586 2672 Brsbantiam,
615 2594 905 2676 Luxcmburgum,
934 2592 1083 2658 inaudita
1103 2615 1197 2676 rapa·
1600 2665 1606 2678 ,

219 2681 319 2748 citata
348 2680 490 2764 expilat,
519 2679 573 2744 vel
593 2680 702 2761 potius
732 2677 887 2762 deglubit.
940 2675 1036 2757 Quod
1063 2681 1089 2744 si
1114 2678 1196 2743 nihil
1316 2663 1371 2726 (ΠΧ
1390 2665 1557 2733 aumgrspho
1576 2665 1645 2718 Rrbl.
1665 2667 1813 2721 belnense.
1849 2667 1912 2722 eod.
1932 2667 1993 2732 405,
2011 2669 2057 2722 s⁰¹·
2077 2667 2148 2736 113-)

217 2769 286 2846 fiet,
308 2787 388 2833 voca
407 2787 466 2831 nos
484 2765 541 2830 ubi
559 2767 667 2830 visum
685 2763 800 2828 fuerit:
825 2763 969 2828 Bucerata
993 2773 1103 2828 sancte
1121 2785 1196 2846 pro·
1769 2825 1774 2834 ,

218 2854 323 2918 mittit
345 2851 438 2917 nulla
459 2849 693 2918 detrectatione
711 2851 821 2913 statim
844 2869 878 2912 sc
900 2857 1087 2913 venturum.
1123 2849 1195 2914 Iam
1331 2849 1377 2914 lut
1405 2853 1525 2934 pictate
1560 2863 1594 2918 ct
1628 2855 1809 2921 eruditione
1838 2858 2046 2924 ornatissimo
2076 2859 2147 2924 viro
2175 2859 2219 2924 D.

218 2940 255 3004 in
276 2959 329 3004 me
352 2938 537 3004 exarmando
555 2959 622 3002 non
640 2945 690 3002 eet
707 2935 793 3018 quod
814 2933 1024 3000 vehementer
1041 2935 1194 3001 laborem.
1246 2933 1363 3000 Ioanni
1386 2937 1525 3004 Oalvino
1547 2939 1640 3004 fratri
1663 2961 1721 3005 suo
1744 2943 1777 3004 in
1799 2941 1931 3008 Christo
1950 2943 2128 3010 carissimo.

216 3025 332 3108 Neque
354 3025 442 3090 enim
464 3024 555 3107 potui
578 3043 653 3088 cum
675 3022 747 3086 Deo
769 3041 931 3106 pugnare,
959 3021 1015 3102 qui
1037 3042 1090 3084 me
1112 3021 1195 3087 lecto
1956 3065 2005 3128 A,
2028 3065 2170 3128 ommi

219 3111 373 3176 affixerat
401 3131 466 3193 quo
493 3119 638 3192 tempore
666 3109 730 3172 iter
757 3104 998 3189 corripiendum
1027 3107 1098 3170 fuit.
1143 3109 1194 3172 Dc
2006 3085 2028 3146 g
2171 3115 2178 3128 ·

218 3197 388 3261 voluntate
410 3195 492 3260 nibil
516 3205 549 3260 tc
571 3194 720 3260 dubitare
742 3191 896 3276 suspicor.
942 3189 1040 3256 Certe
1058 3193 1114 3275 qui
1137 3193 1193 3257 ad·
1331 3189 1366 3258 S.
1411 3192 1606 3260 Considercs
1628 3215 1698 3275 oro,
1729 3197 1870 3262 Domine
1892 3199 1938 3262 mi
1970 3196 2111 3279 Calbim,
2140 3221 2219 3266 con-

217 3282 352 3348 fuerunt
379 3281 489 3347 sciunt
513 3281 599 3347 hauc
627 3279 864 3362 querimoniam
891 3276 1030 3343 subinde
1056 3279 1137 3342 mihi
1159 3279 1193 3342 in
1246 3276 1377 3356 sideres,
1400 3279 1542 3362 inquam,
1566 3289 1600 3344 et
1621 3301 1748 3346 summa
1776 3281 1948 3367 diligentia
1975 3285 2220 3354 animadvertas

218 3387 278 3432 ore
319 3367 436 3432 luisse:
469 3367 560 3452 Ergo
600 3365 747 3432 Furellcs
782 3383 839 3448 spe
875 3383 935 3427 sua
973 3363 1193 3430 frustrabitur.
1246 3364 1391 3429 divinam
1431 3365 1524 3430 illam
1560 3366 1798 3450 providentiam
1841 3389 1904 3450 qna
1939 3370 2088 3436 coelestis
2125 3381 2221 3454 pater

220 3451 345 3518 Verum
374 3462 407 3517 et
435 3461 467 3517 te
495 3463 528 3518 et
556 3473 609 3517 mc
635 3453 801 3534 patienter
828 3451 912 3514 ferre
940 3469 959 3512 o
983 3457 1080 3529 ortet,
1109 3448 1194 3534 quod
1246 3451 1338 3514 miris
1360 3450 1465 3516 modis
1486 3471 1564 3516 suos
1586 3453 1665 3536 agit:
1690 3462 1723 3517 et
1741 3475 1782 3518 ne
1803 3452 1903 3519 latius
1920 3456 2035 3540 vagari
2052 3456 2219 3540 insipiam,

221 3537 271 3601 ita
300 3541 467 3620 utriusque
494 3547 529 3603 et
555 3559 645 3622 spem
676 3547 709 3602 et
738 3534 934 3602 desiderium
991 3536 1121 3600 ominus
1142 3535 1191 3600 vol
1245 3535 1424 3615 recordare,
1447 3538 1588 3616 obsecro,
1611 3547 1732 3620 quanta
1754 3539 1920 3605 ferocitate
1942 3551 2015 3620 aut,
2046 3541 2074 3607 si
2104 3545 2221 3626 mavis,

221 3623 353 3688 sustulit
373 3623 427 3690 vel
449 3633 536 3690 certe
554 3623 689 3688 distulit
733 3620 914 3688 Credamus
943 3621 1051 3704 ipsum
1078 3621 1194 3686 melius
1245 3621 1451 3704 improbitate
1478 3623 1567 3689 cives
1590 3623 1801 3690 Genevenses
1826 3647 1845 3690 e
1875 3627 1994 3692 finibus
2023 3629 2091 3693 suis
2124 3637 2156 3696 te
2184 3637 2220 3696 et

219 3708 403 3793 providisse
433 3711 512 3793 qnid
541 3711 699 3792 optimum
728 3715 827 3786 essct,
857 3727 954 3789 quam
983 3727 1042 3771 nos
1064 3707 1192 3773 consul-
1245 3708 1386 3790 reliquos
1412 3709 1483 3791 pios
1510 3719 1544 3773 ct
1571 3707 1680 3775 doctos
1707 3711 1825 3776 fratres
1854 3713 2027 3796 aliquando
2054 3715 2219 3796 eiecerint,

219 3794 320 3860 tando
348 3807 383 3860 et
410 3795 634 3866 ratiocinando
663 3794 811 3859 divinare
840 3791 1050 3875 potuerimus.
1106 3793 1193 3856 Novi
1245 3815 1334 3859 nunc
1361 3805 1471 3858 autem
1500 3793 1627 3859 ardenti
1658 3794 1819 3862 desiderio
1847 3809 1879 3862 te
1907 3799 2014 3882 ipsum
2043 3811 2157 3884 optant
2184 3809 2218 3866 et

219 3881 275 3947 hic
292 3881 375 3946 nibil
395 3880 556 3961 audimus,
578 3881 640 3946 nisi
658 3879 744 3964 quod
764 3879 834 3944 Res
851 3885 885 3941 ct
904 3877 1023 3942 Caesar
1042 3879 1192 3942 certatim
1245 3878 1397 3944 maximis
1419 3881 1504 3945 votis
1526 3881 1706 3963 requirunt
1743 3883 1830 3948 Mira
1851 3895 1938 3950 certe
1960 3905 2070 3950 rerum
2092 3887 2219 3952 vicissi-

219 3967 253 4031 in
286 3968 358 4050 pios
384 3967 559 4034 saeviendo
569 3969 598 4052 ⁴)
630 3966 754 4030 idolum
791 3963 873 4029 illud
907 3963 1093 4028 Romanum
1132 3962 1192 4028 sibi
1246 3963 1337 4040 tudo,
1368 3959 1466 4048 quam
1495 3985 1560 4030 non
1589 3965 1780 4044 humanam,
1812 3968 1868 4035 sed
1890 3991 2023 4053 prorsus
2045 3971 2219 4038 coelestem

220 4051 381 4118 demereri
410 4053 551 4118 student.
602 4052 718 4136 Nuper
746 4051 800 4116 hic
828 4050 892 4113 luit
919 4047 1027 4114 Vasco
1050 4047 1192 4131 quidam,
1244 4057 1278 4113 et
1295 4050 1441 4114 divium
1462 4071 1586 4116 censeo.
1622 4053 1765 4119 Proinde
1786 4055 1887 4119 frater
1909 4065 2018 4120 nostor
2032 4056 2220 4124 Guilielmue

218 4158 359 4222 magnus
382 4139 434 4205 vir
454 4149 493 4203 nt
514 4139 690 4224 apparebat
717 4137 873 4220 (quinque
902 4134 990 4198 enim
1012 4154 1110 4217 equos
1132 4133 1192 4198 du·
1243 4135 1344 4201 nullis
1372 4141 1509 4220 parcens
1537 4137 1704 4204 laboribus
1732 4139 1775 4203 ad
1806 4149 1839 4204 te
1861 4161 1896 4206 se
1918 4141 2033 4222 recipit
2056 4153 2091 4204 ut
2114 4163 2155 4207 ox
2177 4163 2217 4210 co

219 4223 336 4308 cebet),
360 4246 419 4308 per
439 4246 537 4308 quem
550 4225 689 4307 Reginae
711 4221 826 4304 scripsi
846 4220 1120 4303 vehementerque
1135 4220 1191 4286 ob·
1244 4221 1338 4305 plene
1366 4221 1532 4306 intelligas
1558 4245 1626 4288 rem
1662 4233 1700 4289 ut
1731 4233 1788 4290 est
1833 4225 1947 4308 Ipsum
1974 4225 2076 4308 igitur
2103 4227 2218 4296 audias

218 4315 358 4376 testatus
387 4332 459 4376 sum
489 4333 531 4375 nc
558 4314 593 4375 in
614 4319 708 4374 tanta
729 4307 905 4374 afflictione
928 4315 1077 4370 cessaret.
1123 4306 1191 4370 Ριι-
1243 4329 1375 4374 noemae
1392 4315 1451 4386 cst,
1469 4329 1637 4374 assensum
1655 4308 1838 4392 praebendo
1856 4311 1923 4374 suis
1942 4311 2064 4376 sanctis
2081 4315 2216 4382 monitis

217 4393 301 4461 blice
323 4395 404 4461 nihil
427 4416 598 4479 possumus
620 4394 716 4460 rebus
739 4393 819 4458 adeo
844 4390 958 4457 dubiis.
1006 4389 1192 4468 obcecant
1243 4402 1277 4458 et
1298 4393 1448 4460 consiliis.
1492 4393 1616 4460 Divina
1638 4417 1754 4478 nempe
1773 4404 1823 4460 cst
1843 4395 1922 4461 haec
1943 4397 2078 4462 vocatio.
2123 4397 2215 4467 (lave

217 4481 348 4559 audisti,
370 4481 594 4548 Wormaciam
622 4482 686 4545 iter
712 4476 868 4556 intendit,
898 4475 955 4542 sed
985 4498 1049 4542 non
1072 4497 1192 4560 magna
1242 4479 1406 4562 igiturne
1431 4478 1604 4546 dementes:
1634 4481 1751 4564 alioqui
1774 4481 1862 4557 scito,
1884 4487 1916 4544 te
1939 4501 2004 4546 non
2027 4484 2215 4553 hominibus

215 4565 475 4652 festinationet)
536 4567 743 4634 conventum
783 4572 893 4628 tamen
933 4563 1117 4647 principum
1156 4583 1191 4628 88
1242 4563 1300 4629 sed
1326 4565 1457 4648 spiritui
1481 4573 1593 4631 sancto
1621 4565 1815 4630 reluctatum
1839 4565 1946 4631 fuisse.
1991 4567 2127 4647 Videas,
2157 4572 2215 4637 ob-

242 4705 422 4715 ,,,,-,,
1241 4657 1353 4728 testor,
1376 4659 1410 4715 et
1430 4651 1538 4716 animo
1560 4671 1676 4716 sereno
1698 4651 1861 4724 revolvas.
1892 4659 2051 4736 quantum
2077 4655 2214 4736 fructus,

319 4787 351 4854 3,
370 4789 431 4844 ,M
447 4791 503 4842 m
524 4789 670 4858 flamm
686 4787 713 4842 a·
727 4786 769 4841 28·
784 4785 840 4842 Oc,
856 4785 976 4840 ,mm
993 4791 1019 4840 e,
1035 4801 1053 4838 a
1074 4784 1191 4840 om,
1241 4743 1402 4818 quantum
1442 4736 1673 4802 aedificationis
1718 4757 1776 4819 per
1820 4757 1931 4803 omnes
1971 4738 2097 4805 Gallius
2136 4741 2214 4810 inde

218 4857 318 4914 mg„
335 4856 406 4926 M,
425 4859 593 4926 approbatur
610 4863 656 4912 „g
694 4855 814 4911 SM„
835 4853 952 4908 11.1ee.
1241 4823 1372 4922 orietur.
1417 4821 1590 4922 Ecclesia,
1605 4831 1642 4886 ut
1671 4823 1749 4922 scis,
1776 4821 1981 4889 Genevensis
2009 4825 2120 4924 magni
2142 4846 2213 4891 mo·

319 4927 349 4992 4)
369 4927 425 4980 Hic
442 4927 467 4979 ἀ.
477 4925 519 4981 20.
531 4925 602 4994 Sept.
621 4925 761 4980 Brareuis
778 4923 891 4978 edietum
899 4921 1084 4990 promutpaea-
1093 4928 1189 4975 eontra
1240 4915 1343 4972 menn
1365 4915 1423 4988 cst,
1446 4929 1540 4991 quam
1565 4929 1591 4972 8ι
1614 4915 1818 4991 contingeret
1843 4910 1884 4974 ob
1912 4917 2004 4975 bium
2029 4911 2213 4978 dissensum

213 4996 363 5062 faaatims,
382 4999 511 5049 sectarios
527 5001 552 5048 et
568 4996 723 5050 temelicos.
759 4992 913 5062 (Spoletini
928 4990 1052 5044 Annaea
1074 4990 1115 5044 ed.
1138 4989 1188 5060 08-
1244 5049 1271 5053 ,
1299 5047 1341 5054 ..
1375 5049 1416 5054 ,,

212 5080 308 5134 ,Μ’
319 5061 550 5200 dffidhqqlhrbas
582 5129 686 5186 Octobr.
711 5131 859 5185 Braaedm
886 5127 1007 5183 nondum
1035 5127 1188 5198 reliquerat,
1343 5127 1370 5194 6)
1391 5128 1499 5198 Scripta
1516 5137 1555 5184 est
1571 5145 1627 5184 aaa
1643 5145 1732 5184 mense
1752 5129 1871 5200 octobre,
1890 5137 1919 5184 at
1936 5130 2030 5184 colant
2050 5129 2213 5188 Turretinue

215 5208 241 5256 et
270 5199 446 5256 &curetum
475 5201 528 5254 sihi
562 5201 677 5268 boatum
707 5199 829 5254 imtitait
859 5197 1028 5252 chaaea'ae
1056 5204 1188 5251 naama.
1240 5203 1266 5251 et
1290 5197 1433 5264 Sialerua,
1456 5199 1504 5251 sed
1527 5204 1649 5268 uagante
1673 5197 1837 5267 Septembre,
1860 5199 1934 5268 quod
1955 5199 2038 5264 facile
2054 5201 2154 5268 efficies
2175 5217 2211 5258 se

215 5268 314 5338 (Μ.
333 5267 407 5336 198.)
1240 5267 1437 5334 computatione
1453 5266 1557 5320 ἀίινιιηι
1574 5271 1605 5320 s'a
1621 5267 1682 5336 abac
1699 5275 1773 5324 urta
1791 5269 1860 5323 sata
1876 5273 2002 5323 accurate
2018 5269 2213 5326 ιἰιάίωωπιιι.

1869 5353 1903 5407 60
