4942 5982
296 341 354 404 lll
1057 332 1318 400 EPIS'POLAE
1342 335 1511 397 ate—254
2232 335 2291 395 112

295 549 358 592 nus
382 547 440 609 per
469 523 649 607 apostolum
671 545 766 588 suum
790 529 823 588 et
851 523 931 588 alios
960 541 1025 587 non
1048 529 1133 587 esset
1155 521 1265 586 horta·
1316 521 1366 586 illi
1393 521 1577 604 praeclarae
1599 520 1794 602 reipublicae
1816 521 2045 605 imputandum
2078 521 2164 604 quod
2195 521 2291 604 pauci

294 623 356 690 tus,
379 631 439 678 nee
460 609 634 676 clementia
656 608 802 674 roborari
830 607 988 672 thronum
1011 609 1098 692 regis
1120 606 1264 685 dixisset,
1317 606 1489 690 aliqnando
1518 607 1570 671 vel
1597 607 1762 690 imperitia
1787 606 1839 672 vel
1868 608 1967 672 etiam
1997 607 2125 672 malitia
2146 617 2291 690 peccent.

294 719 353 783 ρετ
381 717 493 780 regom
522 694 818 778 sapientissimum,
846 695 873 758 si
902 693 1077 759 clementia
1105 693 1265 758 seditiosis
1317 695 1402 758 Eam
1424 693 1532 758 adhuc
1552 692 1601 756 illi
1626 693 1822 776 gravitatem
1844 701 1877 758 et
1899 693 2097 776 aequitatem
2118 693 2289 776 praestite-

295 784 429 848 daretur
446 803 544 846 causa
564 778 702 846 nocendi
720 780 933 862 potestatibus
952 779 1115 862 legitimis.
1149 777 1264 844 Cicero
1317 787 1403 856 runt,
1425 789 1462 843 ut
1483 799 1544 842 nos
1565 777 1817 861 haudquaquam
1839 777 2042 856 dubitemus,
2070 779 2117 844 sio
2129 779 2156 862 ⁷)
2179 776 2219 843 de
2241 799 2290 843 re-

293 869 446 952 spiritum
465 866 589 932 Christi
608 887 674 930 non
693 863 848 931 habebat:
872 886 911 928 ea
932 873 1042 930 tamur
1062 864 1144 942 luce,
1166 884 1265 947 quam
1317 865 1378 930 bus
1400 864 1551 930 omnibus
1571 865 1635 928 rite
1656 872 1689 928 et
1710 864 1876 928 moderate
1899 864 2086 942 doccantur,
2109 885 2163 929 eos
2185 865 2232 929 ita
2253 884 2289 930 se

296 955 458 1020 Dominus
492 952 622 1018 ethnico
660 952 768 1015 animo
806 948 973 1015 infuderat
1011 950 1266 1032 prudentissime
1317 957 1554 1033 temperaturos
1587 958 1625 1013 ut
1656 949 1803 1014 futurum
1837 949 1878 1014 ab
1906 951 1947 1015 iis
1976 971 2041 1014 uon
2071 951 2127 1027 sit,
2158 949 2199 1014 da
2226 970 2288 1032 quo

294 1040 452 1106 Romanis
475 1039 543 1103 suis
565 1037 771 1114 consulebat,
796 1057 895 1118 quum
918 1037 1074 1101 factiones
1095 1037 1132 1100 in
1154 1057 1193 1100 ea
1214 1057 1265 1100 re·
1318 1056 1516 1120 magnopere
1549 1035 1738 1118 queramini.
1790 1037 1946 1101 Attamen
1975 1045 2008 1100 et
2035 1033 2116 1100 illud
2143 1036 2288 1134 cogitan-

295 1125 424 1210 publica
444 1123 671 1200 invaluissent,
694 1129 732 1186 ut
753 1142 808 1186 eas
831 1129 987 1203 perpetua
1009 1122 1155 1186 omnium
1178 1121 1266 1185 iniu·
1318 1121 1396 1186 dum
1415 1129 1473 1199 est,
1494 1122 1674 1185 Dominum
1697 1121 1801 1186 solere
1824 1141 2060 1204 nonnunquam
2081 1142 2141 1204 per
2162 1142 2218 1186 eos
2240 1142 2289 1203 τρ-

293 1212 418 1276 riarum
442 1207 710 1275 condemnatione
733 1216 765 1271 et
786 1205 949 1272 oblivione
971 1208 1183 1288 consopirent.
1220 1207 1266 1270 Et
1317 1227 1370 1272 sos
1399 1217 1544 1272 nostram
1571 1213 1700 1271 tentare
1726 1208 1931 1290 patientiam,
1960 1227 2020 1290 ρετ
2042 1227 2122 1289 quos
2144 1205 2289 1291 singula·

294 1305 381 1363 certe
400 1293 635 1378 rempublicam
662 1294 752 1357 illam
781 1301 959 1371 servasset,
987 1292 1014 1355 si
1042 1313 1138 1356 suum
1160 1292 1265 1357 consi·
1317 1291 1406 1357 ribus
1429 1313 1488 1356 nos
1515 1291 1694 1357 cumulavit
1720 1289 1894 1358 benefieiis.
1940 1293 2035 1357 Fecit
2056 1292 2219 1358 Dominus
2240 1313 2290 1358 oc-

294 1383 374 1448 lium
393 1381 539 1446 obtinere
554 1379 721 1463 potuisset.
756 1378 1054 1461 Precamuritaque
1072 1378 1164 1442 vobis
1182 1377 1266 1444 hano
1317 1379 1446 1443 cesione
1468 1386 1597 1443 vestras
1624 1379 1829 1444 necessitatis
1856 1387 1894 1442 ut
1915 1389 1948 1443 et
1970 1377 2107 1443 Domini
2128 1378 2290 1443 Bernates

295 1475 440 1534 mentem
463 1487 483 1530 a
504 1464 661 1541 Domino,
684 1473 721 1528 ut
742 1471 813 1528 tum
835 1463 995 1549 publicas,
1026 1473 1096 1527 tum
1119 1463 1266 1547 privatas
1317 1472 1451 1546 propter
1478 1463 1638 1528 auxilium
1666 1464 1759 1529 vobis
1787 1465 1891 1529 latum
1918 1463 2104 1529 immortale
2131 1462 2290 1530 decusat

295 1553 432 1618 iniurias
454 1550 620 1616 exsulibus
645 1551 764 1614 vestris
786 1571 828 1614 ex
850 1551 960 1614 animo
982 1549 1178 1626 condonetis,
1202 1547 1266 1613 nisi
1317 1550 1485 1632 ingentem
1518 1550 1615 1613 etiam
1646 1549 1821 1614 utilitatem
1852 1550 2071 1634 perciperent,
2100 1559 2134 1615 et
2166 1570 2224 1615 vos
2252 1569 2288 1614 eo

296 1640 363 1706 sint
384 1637 499 1720 quibus
516 1636 598 1700 eitra
615 1635 833 1700 oblacsioncm
855 1633 1075 1700 iustitiaeDei
1096 1634 1172 1698 illae
1190 1654 1265 1698 con-
1317 1634 1440 1700 auxilio
1472 1633 1664 1716 religionem
1691 1635 1939 1719 libertatemque
1971 1636 2224 1714 confirmaretis,
2257 1642 2290 1700 et

296 1724 407 1790 donari
432 1743 498 1788 non
521 1721 669 1799 debeant,
697 1730 766 1785 turc
791 1728 828 1785 ut
854 1721 924 1785 vias
947 1721 1109 1802 quaeratis
1136 1740 1266 1802 promo·
1318 1741 1395 1803 opes
1417 1741 1545 1802 quoque
1574 1740 1637 1784 non
1668 1721 1921 1788 contemnendas
1949 1722 2245 1804 consequeremini,
2271 1741 2289 1785 e

296 1810 393 1876 vendi
421 1808 494 1872 illos
521 1817 558 1872 ut
583 1827 676 1872 suam
701 1805 908 1872 insolentiam
935 1819 1033 1888 atque
1060 1806 1267 1887 iniquitatem
1319 1826 1446 1870 summo
1475 1803 1662 1870 discrimine
1694 1808 1812 1889 erepti,
1845 1809 1881 1872 in
1910 1829 1973 1891 quo
2005 1816 2055 1872 tot
2086 1808 2152 1872 iam
2185 1825 2289 1871 annos

296 1897 395 1960 etiam
418 1903 610 1977 agnoscant:
634 1891 751 1956 deinde
769 1899 807 1956 ut
823 1892 953 1974 optimis
977 1892 1102 1974 legibus
1124 1901 1157 1954 et
1177 1891 1266 1968 viris,
1319 1891 1438 1956 misere
1460 1899 1493 1954 et
1515 1890 1693 1972 periculose
1715 1894 1890 1958 conflictati
1913 1895 2019 1958 eratis.
2066 1891 2159 1958 Sicut
2179 1894 2290 1976 itaque

296 1983 353 2065 qui
375 2002 430 2046 eas
452 1981 540 2063 leges
559 1980 682 2062 optima
699 1977 763 2042 fide
781 1983 1010 2060 exsequantur,
1034 1976 1267 2060 rempublicam
1319 1985 1455 2059 utraque
1477 1977 1554 2041 urbs
1584 1975 1679 2040 alteri
1706 1975 1964 2043 instrumentum
1986 1980 2111 2044 exstitit
2132 1977 2290 2042 maximo·

297 2075 440 2132 vestram
463 2065 510 2131 sic
530 2065 667 2129 firmetis
695 2085 757 2145 quo
785 2063 922 2128 minima
948 2064 991 2127 sit
1017 2063 1113 2127 malis
1143 2063 1268 2127 civibus
1320 2084 1394 2126 rum
1417 2063 1481 2126 Dei
1503 2062 1743 2140 beneficiorum,
1766 2063 1813 2126 ita
1835 2064 1945 2128 visum
1967 2062 2207 2130 nuncDomiuo
2230 2071 2289 2141 est,

297 2151 448 2218 turbandi
471 2149 610 2216 occasio:
640 2148 777 2231 denique
799 2159 852 2227 ut,
881 2157 1051 2231 postquam
1074 2147 1205 2212 exsules
1227 2145 1268 2211 ad
1320 2157 1358 2212 ut
1380 2147 1484 2212 altera
1500 2147 1596 2212 alteri
1618 2147 1719 2213 etiam
1741 2168 1901 2232 organum
1924 2151 1966 2214 sit
1988 2149 2158 2215 cuiusdam
2174 2149 2290 2234 proba-

297 2235 535 2322 agnoscendam
564 2235 693 2318 culpam
723 2254 814 2298 suam
844 2234 1071 2318 promoveritis
1100 2241 1133 2296 ct
1166 2230 1268 2296 admi·
1320 2234 1429 2312 tionis,
1451 2232 1508 2298 scd
1528 2241 1580 2310 ut,
1610 2233 1639 2297 si
1661 2234 1746 2299 hanc
1768 2233 1948 2300 christiana
1970 2235 2146 2319 prudentia
2167 2247 2200 2300 et
2222 2256 2291 2300 mo-

297 2323 527 2389 nistrationem
549 2321 692 2386 civitatis
713 2328 841 2384 vestrae
863 2341 963 2402 quum
984 2317 1111 2402 legibus
1134 2327 1204 2382 tum
1222 2317 1268 2382 le·
1316 2319 1426 2384 destia
1447 2319 1631 2401 excipiatis,
1660 2340 1774 2384 rursus
1797 2319 1959 2385 Dominus
1986 2321 2156 2403 utriusque
2178 2322 2292 2386 minis-

298 2429 378 2494 gum
398 2407 558 2472 ministris
576 2405 821 2490 magistratibus
839 2405 1106 2482 communieritis,
1128 2405 1269 2488 petenti·
1321 2405 1402 2469 terio
1424 2403 1464 2468 ad
1483 2403 1668 2489 aagendam
1689 2404 1920 2470 sternendam
1938 2413 2109 2489 utramque
2127 2405 2292 2489 praeclare

297 2495 360 2560 bus
380 2494 511 2558 veniam
534 2491 703 2556 exsulibus
726 2490 977 2573 haudquaquam
996 2489 1132 2573 negetis,
1160 2491 1270 2570 sicque
1322 2511 1441 2555 usurus
1475 2491 1526 2555 sit
1577 2489 1651 2556 Hoc
1679 2490 1852 2556 consilium
1875 2490 1940 2556 Dei
1965 2490 2174 2576 perpendetis
2200 2504 2234 2558 et
2261 2493 2292 2558 ei

299 2602 353 2646 eos
375 2578 561 2654 restituatis,
590 2585 627 2640 ut
649 2575 874 2660 evangelicum
898 2577 932 2640 in
955 2575 1046 2641 vobis
1068 2577 1215 2639 animum
1237 2582 1271 2638 et
1321 2597 1382 2640 vos
1414 2576 1563 2660 religiose
1605 2575 1905 2657 accommodabitis,
1946 2599 2074 2660 semper
2112 2579 2292 2662 cogitantes

298 2685 415 2730 verum
447 2661 623 2746 quaerendi
656 2662 795 2727 salutem
822 2663 991 2726 hominum
1021 2660 1166 2726 studium
1195 2681 1269 2726 sen·
1321 2661 1501 2726 Dominum
1525 2683 1581 2726 eos
1603 2662 1749 2727 exaltare
1776 2663 1831 2745 qui
1855 2683 1927 2728 sese
1945 2663 2137 2744 humiliant,
2165 2677 2198 2730 et
2219 2663 2293 2730 red·

299 2751 400 2827 tient,
431 2770 513 2832 quae
541 2770 593 2812 res
622 2769 701 2812 sane
728 2747 959 2830 rempublicam
990 2747 1031 2812 ab
1057 2747 1188 2812 illorum
1215 2745 1269 2810 vel
1322 2747 1398 2813 dere
1420 2748 1609 2831 centuplum
1639 2769 1698 2830 pro
1721 2768 1758 2812 oo
1787 2747 1872 2831 quod
1900 2771 1959 2833 pro
1987 2749 2089 2833 ipsius
2116 2749 2222 2833 gloria
2241 2771 2292 2815 re-

300 2836 438 2902 aliorum
465 2834 561 2899 malis
588 2833 754 2900 conatibus
782 2834 978 2898 tutissimam
1011 2831 1132 2898 reddet.
1184 2832 1269 2896 Nam
1321 2833 1509 2916 linquimus.
1564 2833 1638 2898 Non
1672 2839 1779 2916 potest
1810 2855 1876 2899 nou
1910 2835 2087 2901 maximam
2123 2836 2292 2922 evangelio

301 2931 338 2986 ut
358 2921 431 2986 illos
452 2921 516 2984 ista
537 2925 647 2984 vestra
666 2919 854 3003 evangelica
876 2917 1090 2984 mansuetudo
1112 2939 1178 2982 non
1200 2939 1269 2982 ecr-
1320 2919 1535 3004 ignominiam
1556 2917 1725 2998 adducere,
1754 2921 1783 2984 si
1803 2920 1852 2986 ita
1870 2941 1944 2986 cum
1966 2922 2118 2986 Dominis
2139 2920 2292 2987 Bernati-

299 3007 401 3092 riget,
431 3006 593 3072 Dominus
622 3013 751 3084 tamen,
779 3005 835 3088 qui
862 3005 1029 3071 civitatem
1058 3025 1125 3069 non
1147 3003 1270 3068 frustra
1321 3004 1600 3083 busdissentiatis,
1620 3013 1653 3070 et
1670 3007 1873 3072 occasionem
1891 3006 1975 3072 detis
1992 3015 2030 3072 ut
2046 3007 2293 3074 hostosOhristi

299 3091 449 3169 custodit,
472 3091 655 3156 molitiones
676 3091 807 3155 illorum
829 3091 933 3155 malas
955 3091 1045 3155 nullo
1068 3091 1196 3173 negotio
1218 3111 1269 3154 re·
1322 3091 1458 3156 iactent:
1481 3092 1535 3156 En
1558 3091 1710 3175 spiritum
1734 3092 1812 3157 novi
1833 3093 2010 3177 evangeliil
2054 3094 2216 3159 Bernatcs
2236 3097 2292 3158 ds·

299 3179 407 3263 pellet,
430 3184 464 3243 et
485 3177 603 3242 efficiet
619 3185 656 3240 ut
677 3177 826 3242 sentiatis
848 3175 1103 3240 misericordiam
1126 3183 1270 3240 vestram
1322 3186 1449 3242 struere
1457 3187 1617 3244 conantur
1628 3199 1707 3260 quos
1725 3179 1891 3244 iactabant
1911 3178 2091 3245 seOhristo
2109 3179 2294 3246 vindicasse

299 3265 389 3330 omni
411 3261 519 3328 studio
539 3263 729 3346 praestitam
751 3263 843 3328 vobis
865 3281 1033 3344 nunquam
1054 3259 1160 3325 fraudi
1181 3261 1269 3325 futu-
1322 3270 1356 3327 et
1368 3283 1532 3329 servasse:
1546 3263 1733 3330 Generates
1745 3272 1899 3330 exercent
1911 3265 2118 3331 inimicitiam
2129 3287 2203 3330 cum
2214 3285 2293 3330 con·

300 3371 380 3415 ram.
424 3349 475 3414 Ea
495 3349 531 3412 in
552 3369 587 3413 re
610 3369 737 3428 eorum,
767 3369 905 3431 quorum
933 3347 1017 3410 ratio
1039 3345 1190 3411 habenda
1211 3353 1269 3424 est,
1322 3349 1465 3414 sortibus
1477 3349 1639 3432 evangelii
1653 3351 1714 3428 sui,
1733 3370 1871 3432 cumque
1882 3350 1923 3416 iis
1941 3371 2000 3433 per
2017 3373 2097 3434 quos
2114 3349 2292 3416 seGhristo

300 3455 380 3519 quos
401 3432 508 3500 adhuc
529 3434 617 3498 intra
641 3434 770 3498 moenia
792 3445 902 3498 vestra
921 3431 1065 3521 habetis,
1094 3431 1215 3497 amicos
1237 3441 1271 3495 ct
1322 3435 1491 3498 restitutos
1513 3434 1746 3518 gloriabantur.
1792 3436 1935 3502 Proinde
1957 3437 1984 3502 si
2006 3459 2106 3503 causa
2126 3437 2223 3502 huius
2246 3438 2294 3502 ol-

301 3520 498 3585 necessarios
519 3519 651 3584 illorum
668 3518 899 3596 exsulantium,
922 3539 1002 3600 quos
1020 3517 1190 3582 clementia
1206 3517 1271 3581 ista
1321 3518 1476 3584 fendiouli
1497 3520 1682 3603 depellendi
1709 3527 1743 3585 et
1769 3523 1987 3587 necessariam
2008 3523 2096 3588 inter
2116 3523 2175 3588 has
2197 3522 2294 3590 urbes

302 3606 349 3670 sic
371 3603 460 3670 vobis
482 3603 684 3682 devincietis,
714 3612 805 3668 utet
827 3604 887 3686 ipsi
910 3603 1113 3686 invigilaturi
1139 3603 1206 3667 sint
1228 3625 1269 3668 ne
1321 3605 1499 3670 amicitiem
1520 3604 1683 3671 retinendi
1705 3616 1738 3672 et
1760 3606 1973 3673 confirmandi
2004 3608 2126 3692 aliquid
2155 3607 2195 3674 de
2222 3609 2293 3674 iure

302 3689 381 3774 quid
403 3690 453 3754 sui
471 3710 565 3771 porro
583 3695 725 3772 peccent,
748 3708 871 3771 proque
892 3709 927 3753 se
945 3690 1042 3752 etiam
1066 3689 1126 3754 hcc
1148 3689 1183 3752 in
1202 3691 1269 3753 suis
1321 3699 1430 3756 vestro
1463 3691 1652 3770 conceditis,
1685 3690 1719 3756 id
1748 3691 1881 3759 indubie
1909 3694 2073 3760 Dominus
2104 3695 2293 3778 centuplum

302 3785 432 3858 accepto
455 3795 475 3838 a
496 3774 587 3839 vobis
608 3774 765 3839 beneficio
794 3775 956 3857 permitti,
987 3783 1153 3857 praestare
1182 3775 1269 3840 cives
1321 3777 1422 3842 etiam
1442 3775 1496 3842 hic
1519 3777 1682 3861 rependet
1725 3778 1811 3843 Nam
1834 3787 1870 3844 ut
1888 3781 2048 3846 Dominus
2071 3788 2119 3846 tot
2139 3801 2197 3847 vos
2220 3781 2293 3846 vin·

301 3860 462 3927 fideliores
474 3867 508 3922 et
517 3859 779 3942 obsequentiores
797 3857 922 3925 dabunt
939 3880 1078 3942 operam.
1089 3861 1118 3940 ὁ)
1144 3860 1269 3925 Eodem
1321 3863 1402 3932 culis
1425 3872 1556 3928 sanctae
1574 3865 1813 3931 coniunctionis
1831 3867 2008 3944 coniunxit,
2030 3868 2077 3931 ita
2096 3865 2178 3930 nihil
2196 3867 2294 3933 facie·

302 3945 428 4013 Ohristi
449 3943 566 4027 spiritu
588 3953 621 4008 et
642 3945 821 4010 avertenda
842 3953 946 4024 erunt,
975 3967 1056 4028 quae
1078 3966 1098 4009 a
1119 3947 1269 4030 magnili-
1322 3949 1364 4013 tis
1386 3949 1415 4012 ei
1438 3949 1564 4033 gratius
1587 3971 1686 4032 quam
1708 3951 1736 4014 si
1758 3951 1845 4017 hanc
1866 3962 2011 4017 vestram
2033 3952 2293 4018 coniunctionem

303 4034 350 4099 eis
371 4031 522 4096 Dominis
542 4030 740 4096 Bernatibus
763 4030 900 4096 molesta
921 4030 1078 4097 incidunt.
1116 4031 1270 4116 Cogitan-
1322 4034 1435 4099 colatis
1457 4043 1490 4100 et
1511 4036 1641 4100 firmam
1663 4035 1798 4102 reddere
1820 4037 1987 4103 studeatis.
2019 4039 2064 4103 Et
2086 4059 2145 4103 vae
2167 4037 2293 4104 homini

304 4117 381 4183 dum
403 4117 456 4182 hic
478 4117 550 4194 erit,
576 4114 653 4199 qnid
674 4137 732 4199 ρετ
752 4116 812 4182 hos
833 4117 926 4182 vobis
948 4115 1113 4182 Dominus
1134 4119 1270 4200 praesti·
1322 4121 1377 4204 qui
1405 4119 1602 4186 disiunxerit
1630 4143 1711 4206 quos
1738 4124 1785 4187 ita
1809 4121 1901 4188 Deus
1931 4123 2109 4189 coniunxit.
2155 4124 2210 4188 En
2231 4125 2294 4207 ipsi

305 4203 389 4268 terit.
434 4201 531 4266 Certe
565 4202 652 4266 enim
681 4223 722 4266 ex
749 4200 896 4268 faucibus
925 4203 1029 4268 leonis
1062 4203 1180 4267 honum
1213 4225 1271 4268 vos
1322 4205 1440 4271 videtis
1461 4227 1559 4288 quam
1582 4229 1648 4272 non
1669 4215 1825 4292 appareat
1850 4209 1953 4274 ullum
1975 4209 2072 4274 hodie
2092 4210 2293 4275 instrumen-

305 4288 539 4370 operaeripuit,
558 4296 659 4370 utque
676 4287 838 4371 evangelii
858 4295 892 4353 et
909 4288 998 4354 civili
1015 4288 1166 4354 libertate
1183 4289 1271 4354 frua·
1322 4301 1392 4357 tum
1416 4291 1519 4370 aliud,
1548 4313 1611 4375 quo
1633 4293 1824 4378 religionem
1845 4303 1879 4358 et
1899 4295 2084 4360 libertatem
2106 4294 2198 4361 robis
2220 4317 2293 4361 con·

305 4371 397 4450 mini,
415 4373 620 4438 horumsane
638 4373 818 4438 ministerio
836 4375 1027 4457 consequuti
1045 4375 1131 4439 estis.
1161 4373 1271 4454 Quare
1324 4398 1455 4444 servare
1483 4379 1645 4444 Dominus
1674 4380 1767 4459 velit,
1798 4401 1894 4462 quam
1921 4381 1981 4445 soli
2010 4381 2180 4447 Bernates.
2226 4379 2294 4463 Qui

307 4456 377 4532 etsi,
399 4456 648 4522 siouthomines
670 4467 754 4537 sunt,
775 4459 925 4524 etmulti
947 4460 1096 4525 homines
1119 4459 1272 4544 pleraque
1324 4463 1412 4528 enim
1436 4483 1511 4528 oum
1532 4463 1664 4530 Christo
1694 4487 1759 4531 non
1789 4466 1928 4544 faciunt,
1959 4476 2046 4530 oerte
2075 4475 2189 4532 contra
2217 4488 2294 4532 eum

307 4543 344 4606 in
364 4561 422 4605 nos
444 4543 635 4608 statuissent
657 4551 713 4608 aut
741 4551 923 4610 statuerent
944 4567 1010 4610 non
1030 4554 1097 4609 tam
1120 4545 1271 4611 humani·
1323 4551 1458 4627 faciunt,
1481 4569 1540 4614 nec
1561 4559 1698 4633 possunt
1715 4572 1782 4615 nou
1802 4572 1918 4616 nocere
1935 4551 2021 4617 velle
2039 4553 2115 4618 filiis
2126 4551 2199 4629 Dei,
2223 4553 2293 4636 qui·

307 4634 359 4692 ter
380 4645 478 4709 quam
499 4628 630 4710 cupitis,
659 4627 748 4693 haud
771 4637 881 4695 tamen
911 4630 978 4694 ulla
1000 4637 1107 4714 potest
1128 4652 1199 4696 esse
1220 4633 1271 4696 in·
1324 4655 1386 4717 que
1408 4635 1476 4698 suis
1499 4655 1629 4702 omnem
1653 4636 1844 4702 ademerunt
1868 4636 2066 4716 libertatem,
2094 4660 2192 4722 quam
2221 4647 2293 4704 tue·

306 4713 400 4790 iuria,
422 4730 503 4793 quae
520 4711 612 4777 salva
629 4713 785 4798 religione
797 4715 922 4781 Christi
943 4713 1022 4780 l'erri
1044 4726 1150 4798 queat,
1174 4739 1272 4800 quam
1323 4729 1438 4784 rentur
1460 4721 1575 4787 vobis?
1621 4720 1784 4803 Quoniam
1807 4743 1885 4786 vero
1913 4723 2086 4788 innumera
2107 4725 2194 4790 mala
2216 4723 2292 4789 iude

308 4819 374 4863 non
400 4795 517 4861 merito
543 4795 608 4860 illis
635 4799 836 4880 condonetis,
870 4800 1088 4886 cogitantibus
1096 4804 1124 4872 θ)
1151 4814 1272 4886 quanto
1323 4805 1480 4871 exsistere
1499 4819 1644 4890 possunt,
1667 4807 1695 4870 si
1714 4829 1734 4871 a
1751 4807 1903 4872 societate
1920 4809 2292 4888 resiliretisBernatum,

308 4903 366 4948 vos
395 4890 471 4948 ante
498 4879 652 4947 beneficio
679 4885 855 4951 affecerint
903 4887 975 4951 Iam
1001 4907 1066 4951 non
1094 4895 1145 4952 est
1172 4889 1271 4954 etiam
1323 4899 1435 4957 vestra
1465 4893 1612 4976 ipsorum
1649 4891 1824 4975 prudentia
1856 4893 1949 4960 facile
1986 4897 2148 4979 perspicit.
2204 4896 2252 4961 Er

1322 4976 1410 5042 unde
1432 4979 1592 5044 Dominus
1621 4985 1653 5042 et
1674 4977 1837 5059 praestitit
1864 4989 1897 5044 et
1918 4981 2129 5063 praestandas
2151 4991 2245 5047 osten
2268 4982 2294 5046 it

409 5100 514 5182 ,τηρῶ
538 5099 640 5171 Μ,
663 5101 747 5159 qm
771 5105 880 5161 „pm
905 5121 996 5175 m,
1024 5106 1072 5161 „a
1097 5110 1273 5165 mmm
1323 5084 1417 5126 suam
1444 5085 1539 5146 opem
1567 5072 1600 5128 et
1628 5082 1774 5126 summas
1802 5065 1974 5146 utilitates,
2004 5088 2042 5132 eo
2071 5077 2138 5132 toto
2162 5079 2294 5150 pectore

308 5168 628 5308 mmmm?
1426 5249 1455 5314 7)
1473 5249 1545 5318 leat:
1561 5252 1592 5303 si.
