4910 5974
280 291 342 352 681
1030 281 1292 352 uPISuOLffl
1313 286 1376 349 463
2208 281 2269 346 532

278 476 408 558 piorum
435 481 469 540 et
496 479 534 538 ut
561 479 694 558 possent
721 471 811 538 Galli
838 470 958 536 multoe
986 468 1120 552 perdere
1148 490 1249 620 quum
1299 475 1477 554 coegerunt
1496 469 1621 554 aliquot
1648 489 1777 536 amnem
1805 470 1929 536 intrare
1949 471 2012 536 et'
2165 466 2270 568 ,lapi-
2334 463 2338 473 “

279 559 421 626 Gorzam
448 558 598 623 venirent
619 557 664 640 pii
684 557 849 624 Metenees
872 563 1059 638 (antequam
1080 575 1138 638 pro
1172 575 1248 637 ega-
1299 553 1394 620 dibus
1414 553 1615 638 impetebant
1635 553 1723 622 unde
1749 555 1872 620 factum
1893 561 2007 622 estut
2049 575 2090 622 uo
2112 553 2175 620 vin
2195 561 2271 620 tou-

280 645 332 722 tie,
354 645 410 726 qui
430 643 543 710 arbitri
570 644 705 708 fuerunt
725 644 762 707 in
783 641 961 708 Dominum
982 640 1133 707 comitem
1156 640 1249 705 Gud-
1300 637 1437 722 demque
1454 640 1607 708 muheres
1623 639 1701 708 licet
1717 649 1784 706 tres
1800 640 1949 708 ferantur
1962 641 2084 706 fuerint
2100 638 2269 718 submersi,

278 730 410 808 bimam,
433 738 466 794 et
487 729 661 808 Metenees,
689 727 884 793 constitutus
906 726 1021 792 fuisset
1041 725 1249 792 concionator
1300 734 1475 792 evaserunt
1504 726 1629 810 aliquae
1655 726 1800 793 vestibus
1833 726 1980 809 expassis
2012 727 2106 810 aquis
2137 734 2270 794 evectae

279 814 378 880 Motis
405 822 443 878 nt
469 813 620 880 audirent
647 815 784 880 verbum
810 820 844 878 et
871 811 971 896 legati
999 811 1184 894 principum
1216 819 1249 876 et
1300 831 1370 878 sese
1392 812 1543 876 manibus
1566 819 1722 878 tenentes.
1767 811 1913 878 'lubicen
1936 809 2112 895 perductus
2133 811 2175 876 ad
2195 833 2269 896 por·

278 901 410 966 urbium
429 909 556 964 tantum
578 899 640 964 hoc
661 899 843 964 effecissent
865 905 901 964 ut
922 897 1060 964 verbum
1081 895 1248 980 praedica-
1300 902 1368 962 tam
1400 897 1484 962 arcis
1518 896 1626 962 effecit
1655 904 1692 961 ut
1724 905 1864 980 quatuor
1895 897 2018 964 fuerint
2051 897 2174 981 egressi
2204 919 2267 982 quo

279 993 371 1050 retur
399 995 433 1050 et
454 1006 519 1050 non
543 995 628 1050 esset
650 1004 822 1050 concessus
844 989 1122 1049 sacramentorum
1143 983 1247 1065 usus),
1298 989 1433 1065 possent
1453 981 1589 1064 colloqui
1613 1003 1688 1050 cum
1710 981 1791 1048 duce
1818 993 1944 1048 turmae
1965 983 2111 1066 equitum
2132 983 2189 1066 qui
2210 983 2269 1050 hoe

279 1071 488 1136 coniiciuntes
509 1070 628 1136 multoe
643 1068 688 1134 xad
711 1089 845 1134 coenam
866 1075 1025 1135 venturos
1045 1068 1079 1132 in
1103 1067 1154 1134 die
1175 1089 1248 1151 pas·
1299 1074 1439 1150 quatuor
1465 1067 1640 1134 voluerunt
1662 1067 1821 1144 occidere,
1851 1067 1908 1134 sed
1935 1090 1994 1152 pro
2016 1068 2173 1152 colloquio
2194 1089 2268 1153 cap-

231 1209 233 1214 .
278 1155 374 1233 chae,
404 1163 564 1238 apparant
590 1176 624 1220 se
654 1154 774 1218 milites
801 1161 835 1219 et
862 1153 959 1237 paulo
987 1163 1061 1236 post
1089 1152 1247 1219 decimam
1300 1153 1359 1218 tivi
1382 1153 1514 1218 fuerunt
1535 1152 1675 1218 abducti.
1711 1153 1803 1220 Haec
1821 1162 1871 1219 est
1887 1153 2005 1237 gallica
2023 1163 2056 1219 et
2073 1154 2183 1221 italiae
2202 1155 2268 1238 pie·

277 1250 449 1324 postquam
475 1261 575 1306 coena
601 1240 664 1304 fuit
691 1247 830 1322 peracta.
874 1237 942 1304 Sed
963 1239 1047 1304 miro
1074 1237 1194 1306 affectu
1215 1247 1249 1304 et
1300 1246 1366 1316 tae,
1395 1259 1492 1304 suum
1521 1239 1568 1304 ita
1595 1238 1802 1304 celebrarunt
1828 1239 1956 1321 pascha
2000 1239 2093 1304 Haec
2113 1248 2192 1306 eunt
2213 1240 2268 1306 hc·

276 1335 365 1392 recto
388 1325 500 1392 ordine
522 1347 595 1392 cum
622 1325 775 1392 concione
796 1323 852 1390 ubi
873 1325 1013 1408 populus
1034 1323 1186 1390 veniebat
1207 1323 1249 1390 ad
1299 1323 1387 1388 roiea
1416 1324 1509 1402 facta,
1546 1325 1663 1390 armati
1695 1324 1838 1390 inermes
1870 1325 2001 1390 consilio
2034 1323 2269 1408 oppidanorum

278 1411 453 1478 secundam
481 1411 669 1476 concionem
696 1419 732 1475 ut
759 1409 951 1493 tempestive
979 1417 1088 1494 posset
1116 1409 1248 1476 domum
1299 1409 1386 1475 cauti
1415 1418 1449 1474 et
1474 1409 1581 1493 parati
1606 1409 1754 1474 incautos
1782 1417 1815 1474 et
1841 1409 1926 1474 nihil
1954 1411 2062 1476 minue
2090 1411 2269 1495 cogitantes

278 1497 393 1574 redire,
417 1497 605 1579 priusquam
623 1496 739 1578 aliquis
761 1497 929 1579 ingressus
950 1496 1066 1560 anese
1083 1515 1190 1561 arcem
1212 1495 1248 1560 in
1299 1503 1337 1558 ut
1357 1494 1501 1560 latrones
1522 1493 1613 1559 nullo
1635 1493 1830 1560 denunciato
1852 1493 1937 1560 bello
1957 1497 2081 1580 agressi
2102 1505 2189 1562 sunt
2228 1497 2268 1562 In

278 1583 457 1665 quatiebat
474 1583 594 1656 concio,
617 1601 690 1648 ecoe
708 1581 800 1647 Galli
816 1582 951 1664 equites,
972 1579 1012 1646 de
1029 1579 1148 1664 quibus
1165 1580 1248 1646 nibil
1300 1581 1479 1646 crastinum
1499 1579 1621 1646 fecialis
1638 1582 1780 1644 mittitur
1801 1580 1855 1664 qui
1879 1579 1974 1646 valde
1996 1582 2155 1648 uemrrlus
2177 1584 2270 1666 petiit

276 1687 408 1750 prorsus
430 1667 605 1732 timebatur
622 1687 721 1748 quum
739 1666 863 1732 bellum
880 1687 945 1732 non
964 1665 1124 1731 haberent
1142 1687 1249 1750 neque
1300 1683 1407 1732 arcem
1430 1663 1505 1730 dedi
1529 1666 1672 1731 Gaivaco
1692 1667 1780 1750 regie
1801 1667 1941 1736 nomine.
1980 1667 2072 1732 Haec
2093 1677 2173 1733 sunt
2194 1668 2270 1734 belli

277 1775 352 1818 oum
379 1753 506 1818 Oomite
538 1773 643 1834 neque
676 1773 750 1818 cum
783 1752 845 1834 piis
877 1751 1090 1830 Meteneibue,
1125 1753 1249 1816 intrant
1299 1751 1373 1816 iura
1402 1750 1479 1816 dum
1506 1761 1620 1817 contra
1644 1751 1714 1834 pios
1742 1751 1922 1834 gerendum
1944 1761 2003 1830 eet,
2032 1761 2107 1836 poet
2134 1773 2269 1837 gravem

279 1837 443 1921 oppidum,
482 1839 560 1902 tuba
592 1838 681 1903 canit
717 1837 897 1916 blaseium,
936 1845 1075 1902 currunt
1112 1837 1248 1919 equites,
1298 1835 1426 1902 illatam
1454 1837 1607 1902 iniuriam
1634 1836 1781 1903 socialem
1808 1837 1947 1902 mittero.
1991 1837 2074 1918 Quis
2101 1837 2155 1902 hic
2181 1859 2269 1906 nuuc

278 1921 1248 2092 tttltfitttt‘tt‘ttttttttlttntttqttit·
1300 1920 1723 2091 tuttttttttt
1737 1921 2270 2076 ibai⁰i⁰u¹i⁸⁰bdttttp⁰ieq332

279 2092 333 2162 hic
354 2095 427 2179 pius
445 2115 545 2160 senex
566 2095 601 2158 in
619 2094 689 2158 vico
706 2092 877 2174 impetitur
894 2103 927 2158 et
941 2093 1050 2160 Iesum
1069 2059 1249 2160 invocandi
1301 2091 1474 2157 dederetur
1494 2113 1593 2176 quum
1616 2101 1711 2158 extra
1731 2113 1839 2158 arcem
1860 2102 1970 2160 esseut
1991 2101 2156 2160 eteorum
2175 2115 2270 2161 nemo

280 2178 431 2246 deiioitur
463 2181 496 2244 in
528 2189 650 2244 terram
682 2180 831 2261 cogitque
863 2199 963 2261 eques
993 2178 1097 2262 ipsius
1129 2199 1249 2260 equum
1300 2177 1456 2243 intrasset
1477 2177 1541 2242 nisi
1562 2177 1716 2260 depositis
1733 2179 1842 2243 armis.
1877 2177 1966 2259 Quid
1988 2181 2135 2262 responsi
2157 2179 2270 2246 datum

280 2266 467 2340 conculcare
490 2265 658 2340 iacentem,
681 2273 810 2328 mortuo
833 2264 940 2328 aufert
960 2264 988 2330 ei
1010 2263 1088 2346 quid
1111 2263 1250 2330 habebat
1300 2259 1400 2328 fuerit
1420 2263 1526 2330 feciali
1548 2283 1614 2328 non
1635 2265 1719 2328 novi.
1764 2263 1889 2329 Audivi
1908 2263 1993 2346 quod
2015 2264 2142 2331 dicebat
2164 2267 2270 2350 palam

279 2351 444 2433 pecuniae.
488 2349 585 2414 Miles
614 2349 801 2427 Germanus
833 2347 1009 2414 bombarda
1039 2348 1123 2416 ictus
1155 2357 1249 2414 extra
1300 2369 1408 2414 arcem
1428 2348 1579 2431 petendo:
1603 2348 1680 2432 quid
1700 2347 1821 2414 milites
1843 2350 1877 2414 in
1900 2369 1973 2416 arce
1996 2357 2177 2417 tractarent
2197 2373 2270 2417 cum

235 2511 240 2520 .
279 2455 387 2500 arcem
420 2433 499 2500 dum
530 2442 675 2500 curreret
706 2434 748 2498 ad
785 2453 894 2498 arcem
924 2435 1071 2500 moritur.
1125 2435 1248 2500 Mirum
1300 2434 1364 2515 piis
1392 2454 1493 2518 agens
1520 2433 1642 2499 crebris
1669 2435 1878 2500 concionibus
1906 2445 1939 2500 et
1967 2436 2099 2520 iugibus
2120 2439 2268 2522 precibus

281 2541 381 2602 quum
408 2521 539 2602 saepius
565 2520 601 2583 in
633 2529 775 2584 turmam
801 2520 928 2602 piorum
962 2521 1098 2586 emissae
1126 2520 1249 2586 brerint
1300 2541 1365 2584 non
1397 2519 1476 2584 adeo
1492 2520 1667 2594 ,curabam
1712 2519 1777 2584 Die
1804 2521 1961 2586 Mercurii
1989 2523 2082 2586 venit
2105 2523 2268 2588 macana

279 2605 484 2682 bombardae,
512 2604 607 2670 modo
629 2605 760 2690 fugiunt
779 2605 844 2672 huc
866 2604 961 2670 modo
981 2605 1061 2670 illuc
1080 2614 1176 2689 prout
1197 2627 1249 2670 sa-
1301 2615 1334 2670 et
1351 2625 1473 2689 magnu
1486 2605 1666 2688 sequitatue
1688 2615 1721 2670 et
1742 2626 1843 2688 quum
1860 2626 1929 2686 arx,
1951 2607 1987 2674 in
2008 2629 2073 2692 qua
2090 2617 2140 2674 eet
2156 2629 2269 2674 coeno-

280 2689 435 2774 tegebant
456 2689 501 2773 pii
522 2691 644 2756 entare
666 2689 838 2756 Gallorum
859 2697 892 2756 et
912 2689 1072 2756 Italorum
1092 2691 1194 2756 furiae
1214 2699 1250 2756 et
1300 2689 1392 2756 bium
1419 2690 1652 2756 monachorum
1691 2689 1785 2775 nost)
1814 2689 1872 2758 sed
1908 2691 2088 2776 insignium
2115 2702 2269 2762 scortato-

280 2795 397 2840 manus
424 2775 598 2840 mulierum
626 2795 755 2840 summa
785 2783 859 2840 cute
888 2776 1021 2840 fuerunt
1048 2783 1187 2842 attactae
1217 2784 1250 2841 et
1300 2797 1385 2854 rum,
1407 2776 1471 2841 sita
1488 2777 1532 2842 sit
1552 2777 1588 2840 in
1606 2775 1693 2842 valle
1710 2784 1744 2842 et
1761 2774 1905 2860 undique
1923 2777 2089 2844 montibus
2106 2781 2271 2862 saepiatur

280 2861 403 2926 circum
421 2861 528 2944 capita
545 2861 692 2926 virorum
709 2860 859 2926 volarent
880 2860 1005 2944 lapidee
1021 2883 1118 2928 nemo
1140 2870 1250 2926 tamen
1299 2871 1332 2926 et
1353 2861 1444 2928 velut
1465 2863 1572 2928 fauces
1593 2883 1672 2928 sane
1693 2871 1726 2927 et
1746 2862 1825 2946 gula
1845 2859 2013 2946 quaedam,
2042 2864 2130 2930 unde
2152 2886 2271 2930 nomen

280 2945 387 3012 laesus
415 2946 485 3011 fuit.
530 2944 777 3012 Convertuntur
807 2945 928 3012 milites
958 2946 999 3011 ad
1032 2946 1187 3030 praedam
1216 2953 1250 3012 et
1301 2945 1409 3014 Gerae
1427 2947 1578 3031 gallicum
1600 2949 1751 3026 retinent,
1773 2957 1868 3014 erant
1885 2947 2005 3014 milites
2026 2950 2062 3014 in
2083 2949 2273 3018 editioribus

281 3031 439 3116 diripiunt
469 3030 626 3114 quidquid
654 3031 827 3098 inveniunt
858 3031 943 3114 quod
975 3032 1019 3096 sit
1039 3032 1249 3100 Metensium.
1300 3032 1379 3098 locis
1401 3041 1438 3098 ut
1459 3031 1581 3118 singuli
1609 3031 1714 3100 videri
1740 3041 1874 3116 possent
1901 3055 1943 3100 ex
1965 3054 2039 3102 arce
2061 3037 2181 3102 armati
2202 3057 2271 3102 om·

277 3115 375 3199 (lepti
397 3117 587 3182 vinciuntur
603 3118 660 3200 qui
681 3124 819 3199 possunt
835 3127 911 3199 post
926 3117 1081 3200 praedam
1102 3119 1139 3182 in
1160 3115 1249 3183 aedi·
1300 3139 1360 3184 nee
1387 3119 1499 3184 omnia
1519 3118 1740 3201 occupantis·
1761 3117 1855 3202 quasi
1881 3117 1964 3184 nihil
1992 3119 2132 3188 evadere
2152 3131 2271 3206 posset

278 3201 339 3268 bue
365 3202 507 3268 inveniri
534 3207 568 3268 et
596 3211 668 3268 tum
695 3202 850 3268 mulieres
872 3211 942 3268 tum
971 3203 1097 3285 puellae
1125 3211 1250 3287 septem
1301 3203 1423 3270 Actum
1450 3203 1514 3268 fuit
1540 3225 1617 3270 cum
1641 3201 1790 3286 (dayam
1816 3201 1857 3269 de
1885 3225 1960 3272 arec
1980 3213 2014 3270 et
2034 3205 2273 3274 conditionibus

278 3286 498 3366 abducuntur,
527 3307 610 3370 quae
631 3295 762 3370 accepta
787 3286 1010 3372 redemptione
1038 3288 1251 3354 remittuntur
1301 3288 1419 3372 quibus
1440 3289 1581 3356 occurrit
1601 3289 1637 3354 in
1658 3308 1775 3377 manue
1796 3290 1892 3374 ragis.
1926 3287 1979 3356 De
1990 3289 2169 3372 Germanis
2188 3291 2274 3358 nihil

279 3373 349 3438 siue
370 3373 541 3452 iniuria,⁷)
561 3371 646 3456 quod
667 3394 767 3456 supra
787 3372 983 3439 miraculum
1004 3371 1094 3452 duco,
1117 3383 1151 3439 et
1169 3394 1251 3439 sane
1301 3383 1373 3440 erat
1393 3374 1480 3457 quod
1500 3373 1684 3458 impediret,
1706 3381 1739 3438 et
1761 3373 1898 3442 abituris
1919 3383 1953 3442 et
1973 3377 2137 3444 mansuris
2158 3379 2275 3444 offere·

278 3457 363 3524 nihil
385 3459 490 3542 magis
511 3457 624 3542 rogavi
644 3458 822 3523 Dominum
844 3478 949 3541 neque
970 3459 1041 3541 pios
1062 3467 1130 3523 tam
1152 3460 1250 3524 anxie
1301 3458 1421 3525 bantur
1442 3459 1556 3538 multa,
1578 3457 1663 3542 quod
1684 3459 1788 3541 pridie
1809 3459 1933 3526 dictum
1952 3462 2061 3528 fuerat
2082 3463 2123 3530 ab
2140 3463 2275 3547 oppida·

280 3542 439 3608 obsecrati
449 3563 563 3610 eumue
585 3549 623 3608 ut
639 3551 787 3626 poterent
804 3541 907 3610 aDeo
925 3564 1023 3627 quam
1044 3551 1082 3610 ut
1102 3545 1250 3629 integrae
1301 3545 1363 3624 nie,
1387 3567 1422 3612 ee
1443 3545 1548 3612 iussos
1570 3565 1641 3611 essa
1662 3543 1820 3628 quidquid
1841 3553 1927 3614 esset
1947 3547 2044 3614 officii
2065 3557 2274 3630 praestarent

279 3637 492 3692 servarentur
524 3650 583 3694 nec
619 3629 818 3694 cessavimus
850 3648 963 3695 omnes
995 3631 1120 3712 precari
1153 3629 1250 3698 valde
1307 3629 1345 3696 D.
1366 3629 1488 3698 Oomiti
1509 3639 1543 3696 et
1575 3629 1644 3696 suis
1675 3629 1845 3710 militibus,
1879 3653 1992 3698 verum
2014 3633 2207 3700 Metensee'
2238 3642 2276 3698 et

280 3713 387 3790 anxii,
417 3713 518 3778 donec
548 3721 694 3779 servatas
715 3713 900 3780 audivimus
922 3713 1055 3779 domum
1084 3715 1248 3782 remissas.
1300 3717 1381 3782 ulios
1402 3737 1478 3782 cum
1499 3715 1547 3782 eie
1564 3717 1592 3782 ei
1609 3715 1665 3800 qui
1682 3714 1917 3799 egrederentur
1933 3718 2019 3800 capti
2036 3717 2273 3786 detinerentur.

279 3797 412 3863 Iactura
433 3799 589 3882 pecuniae
617 3800 678 3863 fuit
704 3800 829 3882 gravis,
857 3799 915 3864 sed
936 3800 1019 3864 nihil
1047 3800 1121 3866 ideo
1142 3801 1251 3868 affecti
1300 3802 1379 3868 Ideo
1393 3800 1555 3868 &bacas
1618 3801 1884 3868 tebatMetenses
1905 3801 1963 3868 sed
1984 3824 2037 3868 me
2059 3823 2126 3870 nou
2146 3811 2275 3888 postre-

278 3883 409 3949 fuimus.
454 3883 543 3948 Dum
566 3884 645 3950 haec
667 3886 752 3949 fiunt
774 3885 809 3950 iu
830 3884 958 3970 oppido,
987 3893 1025 3950 ut
1045 3893 1118 3952 orat
1138 3886 1250 3951 multi·
1300 3908 1394 3954 mum
1415 3886 1500 3971 quod
1522 3887 1554 3953 G
1589 3887 1640 3952 lue
1659 3907 1772 3953 essem
1817 3885 1977 3954 Germani
1997 3909 2100 3972 quum
2120 3900 2194 3973 poet
2214 3911 2278 3956 ex·

279 3968 357 4033 tudo
386 3967 528 4033 militum
560 3969 680 4052 passim
712 3991 825 4053 sparsa
856 3987 1054 4054 persequens
1086 3971 1250 4055 fugientes
1302 3974 1485 4040 cursionem
1507 3971 1656 4057 gallicam
1678 3973 1843 4038 Meteneee
1865 3973 2027 4056 cepissent
2047 3973 2082 4040 in
2104 3995 2214 4042 arcem
2235 3983 2280 4042 ut

278 4075 338 4137 per
360 4054 467 4134 silvas,
491 4075 549 4138 per
571 4055 641 4120 vias
659 4075 780 4134 omnes,
802 4057 1051 4139 properantibus
1069 4056 1192 4139 aliquot
1209 4055 1251 4121 ad
1301 4080 1370 4125 una
1386 4059 1539 4124 viverent
1559 4065 1593 4124 et
1609 4064 1824 4137 morerentur,
1847 4065 1884 4124 ut
1901 4057 1965 4124 dici
1981 4058 2072 4139 solet,
2094 4059 2282 4128 noluerunt

278 4149 409 4222 portum
431 4149 469 4204 ut
486 4139 674 4205 traiicereut
684 4139 865 4220 Mosellam,
883 4141 1004 4210 milites
1022 4163 1097 4208 cum
1119 4141 1251 4208 rusticis
1301 4143 1383 4210 haec
1409 4143 1584 4210 concedere
1614 4142 1671 4210 sed
1700 4151 1737 4208 ut
1763 4164 1877 4210 omnes
1905 4141 2019 4210 eadem
2039 4145 2282 4230 egrederentur

1302 4229 1500 4296 conditione:
1524 4227 1609 4314 quod
1629 4236 1797 4312 peractum
1817 4229 1882 4294 fuit
1902 4227 2081 4314 obsignatis
2101 4229 2286 4300 hincinde

1302 4315 1415 4382 literis.
1459 4313 1528 4382 Sed
1553 4335 1620 4380 nou
1648 4322 1728 4381 tunc
1755 4314 1918 4398 frigebant
1943 4335 2055 4398 preces
2076 4316 2117 4382 cb
2145 4315 2287 4386 instans

1159 4429 1185 4484 q
1203 4431 1250 4502 luy
1301 4399 1492 4485 periculum,
1523 4407 1557 4466 et
1577 4421 1616 4466 ea
1658 4421 1720 4466 uae
1745 4397 1933 4466 absentibus
1958 4399 2114 4467 uocatus
2136 4403 2288 4470 timeba-

422 4315 483 4322 0-—

280 4429 387 4490 rendrc,
405 4445 438 4480 en
452 4437 524 4484 ceste
542 4429 680 4484 meritoire
698 4429 829 4497 occasion,
846 4435 922 4484 toute
940 4429 1104 4484 l'aseietance
1141 4449 1158 4484 u
1497 4487 1503 4500 ,
1915 4486 1922 4500 ,

279 4497 364 4550 seroie
375 4498 503 4564 possible.
538 4499 575 4550 ec
592 4497 715 4551 d’autanc
733 4514 785 4567 que
804 4498 890 4552 florae
908 4500 993 4553 osuit
1009 4447 1157 4554 muncia
1192 4500 1250 4554 loos
1302 4507 1386 4564 mue,
1416 4506 1585 4552 concrones
1607 4487 1648 4552 fle
1671 4493 1728 4552 aut
1748 4493 1781 4550 et
1807 4484 1925 4568 psalma
1945 4487 2148 4552 canebantur
2169 4491 2292 4656 Ἓξ

279 4565 393 4621 d’armee
411 4573 440 4618 et
456 4567 481 4618 le
499 4567 606 4620 bastion
624 4567 658 4620 ds
675 4583 720 4620 ees
733 4567 1080 4637 nouveauxllvsngelistee,
1098 4567 1164 4622 Olea
1184 4585 1199 4622 o
1216 4569 1251 4622 de
1303 4572 1533 4638 eonveniqnqqq
1561 4571 1603 4638 fis
1624 4572 1681 4656 qui
1702 4579 1876 4638 vergantur
1903 4571 1938 4636 in
1960 4574 2089 4656 magnis
2110 4573 2201 4656 pol-10

279 4633 383 4772 aaa
394 4635 473 4756 aa:
487 4633 628 4773 ‚attat
646 4635 1123 4825 attrectaretur·
1133 4637 1252 4760 ,tta
1302 4656 1388 4740 ιιι
1417 4657 1513 4724 ιιι
1549 4655 1740 4742 ιιιιι
1771 4655 1931 4739 ιιιιι
1963 4679 2007 4724 ι
2037 4659 2211 4725 ιιιιι
2251 4667 2294 4726 ι

279 4771 387 4850 &table
405 4775 453 4824 m,
471 4771 620 4852 (pm,
632 4787 663 4850 Ρ,
682 4769 736 4850 qq)
772 4771 851 4826 Idea
873 4777 955 4828 m,
967 4771 1035 4840 p‚q
1076 4773 1252 4828 „amm
1303 4742 1459 4808 attonitos
1496 4742 1661 4808 reddebat
1712 4741 1905 4841 Iuvieerunt
1941 4763 1995 4806 me
2033 4743 2135 4827 aliqui
2175 4743 2293 4827 Galli,

280 4840 423 4962 walam
435 4839 548 4920 comae
558 4839 698 4894 Gustata
709 4839 773 4920 «138.
789 4839 845 4894 oct.
864 4839 931 4921 leta
949 4841 1045 4896 &aa
1061 4841 1101 4897 aa
1118 4841 1251 4898 Senum
1303 4849 1389 4928 uuus
1416 4849 1494 4913 prae
1513 4851 1549 4896 se
1577 4827 1701 4926 larebat
1721 4835 1894 4910 protatem,
1923 4827 2007 4929 alter
2028 4827 2293 4912 adversabatur,

316 4913 1038 5046 wgcdgteffisffffiiftggfflffixwffiwmt
1060 4979 1252 5034 ammoneret
1303 4921 1420 4980 tertrus
1452 4935 1506 4980 me
1538 4911 1737 4996 obrurgabat,
1772 4913 1929 4980 offerebat
1958 4934 2085 4998 primus
2117 4936 2294 4984 maneum

282 5045 415 5100 Msdieres
441 5045 504 5114 prbe
527 5045 552 5100 le
576 5045 823 5114 Ponti-Monesen,
849 5045 909 5100 d’od
932 5046 986 5101 l’on
1012 5045 1054 5100 dit
1080 5047 1190 5118 qu'elles
1216 5065 1251 5102 ne

281 5115 471 5168 retonru'erent
489 5130 540 5182 pas
561 5115 639 5168 telles
657 5113 767 5182 qu'ellee
789 5133 807 5185 5
832 5117 948 5172 calcient
971 5115 1062 5170 allice.
1098 5115 1252 5181 (Musae

280 5198 307 5250 p.
325 5179 384 5248 81.)
1405 5183 1435 5250 8)
1454 5184 1592 5238 nobilium.

1303 4999 1408 5064 multa
1429 5019 1528 5080 seque
1550 5005 1678 5062 tantum
1700 5017 1794 5081 posse
1817 5007 1855 5063 ut
1875 4997 1976 5065 libere
1998 5019 2109 5066 secum
2131 5019 2294 5086 agerem.
