4890 5986
306 335 365 400 131
1070 324 1334 396 mulonem
1357 331 1536 394 aee-267
2249 331 2306 394 132

306 531 386 588 tune
403 519 655 586 deliberabimus
672 539 781 585 eoram
802 519 920 584 melius
942 515 1099 600 quidnam
1117 513 1282 602 agendum
1333 515 1468 582 meliore
1489 518 1581 582 exitu
1601 536 1813 600 eempensare
1832 515 1972 582 studeat.
2015 516 2167 600 Denique
2184 516 2233 582 ita
2250 516 2307 583 tibi

305 608 358 674 811.
405 605 510 689 Vagos
530 607 610 671 istos
632 606 815 684 88888881)
838 623 919 686 8888
945 603 1039 668 88118
1066 604 1203 670 oonsilio
1224 601 1282 670 sed
1333 601 1511 682 moderare,
1535 605 1703 669 81888818
1723 603 1806 668 mihi
1827 603 1958 687 integra
1975 603 2043 668 8181
2059 624 2160 687 quum
2178 622 2307 668 venero.

305 692 374 760 sela
390 692 526 756 levitate
543 691 703 756 cursitare
713 689 886 772 intelliges,
903 710 971 754 non
982 699 1033 754 881
1044 689 1128 772 qnod
1140 689 1282 754 multum
1418 688 1460 754 In
1481 689 1652 755 voeatione
1675 689 1863 755 Genevensi
1889 689 1938 754 ita
1957 709 2031 754 sum
2052 687 2230 771 perplexus
2256 687 2306 752 881

303 777 450 844 moreris.
1333 775 1441 857 potius
1463 776 1619 840 88818888
1640 777 1758 852 animo,
1782 783 1820 839 ut
1836 775 1894 840 vix
1910 774 2048 840 audeam
2067 775 2213 858 eogitare
2230 772 2307 857 quid

391 864 443 928 De
462 862 613 946 Philippo
636 861 721 926 mihi
742 883 821 926 sane
843 859 932 925 dolet
953 859 1039 943 quod
1062 867 1129 926 tam
1153 859 1280 925 diutino
1333 859 1415 924 mibi
1437 860 1601 946 agendum
1622 862 1673 926 811
1724 858 1822 941 Quod
1843 858 2020 945 siquando
2041 861 2077 926 in
2099 860 2184 926 hane
2205 858 2307 926 88θῶ-

304 947 418 1014 8888188
440 949 625 1014 8111818188.
671 947 805 1012 1888818
828 959 878 1010 est
905 946 993 1028 pius,
1021 946 1201 1024 modestus,
1230 947 1280 1011 in·
1333 945 1490 1012 1881188888
1512 946 1688 1032 ingredior,
1708 947 1836 1011 exitum
1854 945 1982 1012 nullum
2003 945 2145 1014 1888818.
2189 945 2306 1028 118888

304 1043 406 1118 teger,
428 1033 583 1117 prudens,
607 1043 644 1098 ut
661 1034 741 1096 mihi
760 1032 897 1098 videtur.
936 1033 1054 1114 Itaque
1073 1033 1100 1097 si
1118 1033 1281 1098 Dominus
1332 1033 1525 1115 quantisper
1556 1033 1618 1098 hae
1654 1032 1820 1097 anxietate
1852 1031 2072 1116 eenstringor,
2110 1031 2194 1096 mibi
2235 1053 2307 1096 sum

304 1139 380 1185 eum
404 1121 499 1186 uobis
519 1135 636 1196 888881,
660 1120 816 1201 eptimam
839 1137 930 1200 spem
959 1117 1000 1182 de
1020 1117 1124 1200 ipsius
1147 1117 1280 1202 ingenio
1332 1118 1450 1184 merite
1476 1127 1663 1200 suspeetus,
1691 1115 1828 1200 ideoque
1854 1117 1928 1184 aliis
1956 1139 2009 1184 me
2030 1117 2213 1201 regendum
2234 1138 2307 1200 per·

305 1207 448 1288 eonoepi.
503 1203 670 1272 881818δὶ8
703 1225 778 1268 eum
818 1203 993 1286 diligenter
1032 1223 1105 1268 meo
1137 1204 1279 1269 nomine.
1332 1203 1436 1268 mitto.
1486 1203 1625 1269 Interim
1653 1225 1805 1287 rogemus
1829 1201 2013 1268 Dominum
2040 1212 2077 1268 ut
2103 1204 2194 1268 viam
2214 1201 2306 1268 nobis

304 1291 474 1369 Alterum,
508 1313 570 1374 qno
597 1291 702 1373 magis
724 1301 774 1354 881
803 1289 993 1367 destitutus,
1024 1310 1085 1374 ope
1113 1297 1147 1354 et
1168 1290 1281 1355 solatio
1333 1285 1543 1354 demonstret.
1595 1289 1693 1368 Vale,
1722 1289 1769 1354 mi
1795 1291 1905 1354 frater.
1950 1287 2068 1355 Saluta
2088 1289 2171 1354 mibi
2193 1309 2305 1356 amau·

306 1375 461 1442 debemus
488 1377 666 1442 sublevere.
719 1373 816 1456 Quod
845 1374 885 1439 de
913 1375 1026 1439 vetula
1043 1395 1174 1452 narras,
1205 1375 1282 1458 quia
1333 1374 1458 1440 tissime
1479 1395 1593 1440 888888
1615 1385 1754 1440 nestros.
1799 1375 2015 1454 Wormaeiae,
2037 1379 2085 1439 14.
2104 1373 2304 1442 Deeembris.

306 1463 443 1527 monstri
476 1461 582 1527 simile
614 1471 699 1539 erat,
732 1483 800 1526 non
833 1461 925 1543 potui
957 1461 1068 1525 statim
1095 1461 1214 1526 adduei
1242 1469 1282 1526 ut
1954 1511 2014 1578 Cal
2040 1513 2047 1526 .
2134 1519 2170 1576 tu

306 1547 482 1614 crederem.
527 1547 640 1630 Neque
664 1561 774 1612 tamen
797 1555 920 1610 temere
941 1547 1064 1610 fautum
1086 1545 1144 1612 ebs
1165 1555 1198 1611 te
1221 1568 1281 1630 pu·
2016 1533 2112 1580 ”¹¹⁰⁸
2172 1533 2221 1577 ¹¹⁸·

305 1633 415 1698 tabam
437 1631 523 1715 quod
541 1655 593 1698 me
611 1654 796 1710 monueras,
815 1653 917 1715 quum
935 1653 988 1696 888
1005 1641 1092 1696 88881
1103 1632 1281 1696 multorum

306 1718 511 1785 sermonibus
551 1717 693 1802 vulgata
755 1717 869 1800 Neque
906 1719 994 1782 88188
1035 1716 1282 1782 dissimulanter
1419 1713 1530 1796 Quum
1562 1717 1722 1782 missurus
1754 1739 1858 1783 essem
1893 1718 1954 1782 has
1990 1717 2104 1784 1118888
2144 1725 2306 1784 venerunt

305 1803 440 1870 ferenda
468 1804 561 1868 nobis
588 1812 665 1869 sunt
695 1825 777 1886 quae
809 1804 856 1868 ita
888 1803 1073 1868 rumoribus
1105 1803 1279 1878 iaetantun
1332 1799 2107 1890 81188881888881188881118818881888(1888811818.
2140 1801 2306 1870 Audenter

305 1891 434 1956 etiamsi
453 1889 598 1956 ebsenris
616 1898 650 1954 et
667 1909 783 1971 parum
801 1889 915 1954 firmis.
960 1888 1044 1953 Nam
1065 1899 1187 1954 temere
1204 1911 1280 1954 oon·
1332 1897 1419 1952 88818
1451 1887 1509 1953 abs
1542 1895 1575 1952 te
1607 1891 1729 1953 laetum
1762 1901 1834 1967 est,·
1865 1888 1952 1972 quod
1988 1909 2087 1954 ausus
2120 1911 2155 1956 88
2193 1888 2303 1954 Mart.

305 1977 382 2041 fieta
398 1975 580 2058 opprimere
598 1976 695 2040 offleii
712 1976 816 2040 nostri
833 1996 934 2057 quum
952 1974 1006 2052 811,
1024 1995 1091 2040 888
1108 1995 1281 2058 pessumus
1333 1971 1477 2057 aggredi,
1500 1974 1557 2056 qui
1578 1994 1644 2039 non
1669 1973 2024 2053 18811888818888881,
2052 1975 2174 2042 nedum
2196 1995 2304 2058 repre-

305 2083 421 2128 verum
439 2082 459 2125 8
476 2061 558 2126 18188
578 2059 770 2136 (1188888888,
794 2061 822 2124 81
840 2060 1046 2144 negligenter
1063 2061 1280 2142 praeterimus
1333 2057 1432 2122 bendi
1461 2059 1594 2143 patitur.
1647 2059 1783 2126 Gaudeo
1811 2069 1921 2126 tamen
1950 2061 2030 2126 adeo
2058 2059 2140 2128 bene
2160 2063 2303 2128 eessisse.

305 2168 343 2212 ea
371 2167 455 2230 quae
484 2155 562 2212 sunt
588 2147 623 2212 in
651 2166 707 2212 888
737 2147 894 2212 emnium.
939 2145 1036 2210 Nune
1063 2146 1120 2210 ubi
1149 2145 1280 2211 Carolus
1332 2141 1446 2209 Simus
1468 2165 1546 2228 ergo
1568 2149 1714 2211 88818811
1736 2147 1798 2211 1888
1820 2147 1924 2212 amioa
1945 2147 2220 2230 expostulatione,
2249 2169 2304 2212 ne·

304 2253 372 2298 non
400 2245 527 2296 tantum
560 2231 599 2297 de
632 2231 697 2296 illis
729 2229 859 2296 indieiis
891 2231 1054 2309 laseiviee,
1088 2253 1131 2297 ex
1163 2233 1280 2314 quibus
1331 2249 1395 2312 que
1416 2229 1555 2296 ulterius
1573 2231 1728 2296 eoelesiae
1749 2233 1943 2298 nestraeius
1953 2254 2197 2316 prosequamur.
2234 2233 2304 2300 Hee

305 2317 464 2400 suspirari
487 2317 648 2400 flagitium
676 2318 782 2400 magis
810 2337 908 2399 quam
936 2315 1081 2383 iudieere
1108 2317 1194 2394 lieet,
1223 2315 1281 2383 aed
1331 2315 1520 2399 exemplum
1542 2317 1681 2382 1881818
1698 2326 1866 2401 posterum
1880 2317 2147 2398 nosadmenebit,
2169 2319 2304 2403 nequid

305 2403 345 2470 de
364 2403 489 2486 nuptiis
506 2405 606 2468 etiam
623 2403 840 2482 eonfirmavit,
859 2403 990 2485 penitus
1007 2401 1167 2486 obstupui
1198 2403 1280 2469 Por·
1333 2400 1373 2466 de
1411 2401 1525 2466 ordine
1571 2405 1860 2485 praetermittatur.
1922 2404 1964 2470 In
2003 2404 2197 2488 coniugibus
2247 2405 2304 2472 boo

305 2497 435 2554 tentum
457 2501 507 2554 881
529 2509 608 2553 sane
627 2487 712 2571 qued
730 2489 848 2554 merite
859 2489 964 2553 saneti
975 2509 1088 2554 omnes
1099 2489 1281 2554 abominari
1332 2493 1628 2570 temperamentum
1650 2510 1782 2554 servare
1804 2497 1837 2554 18
1865 2489 1975 2568 velim,
1998 2513 2040 2556 ne
2061 2512 2104 2556 ex
2124 2491 2237 2556 stultis
2256 2493 2305 2556 in·

305 2574 434 2640 debent.
480 2572 570 2654 Quid
589 2575 676 2639 enim
694 2575 800 2658 magis
820 2573 949 2640 videtur
966 2573 1158 2654 fabulosum,
1182 2595 1281 2658 quam
1332 2573 1512 2638 8888111881
1549 2573 2305 2662 Ν8811881888,88888818811888,8888811811888

304 2681 406 2743 quum
428 2659 515 2742 apud
546 2668 658 2743 poetas
686 2659 837 2742 legimus,
867 2658 1022 2724 mulieres
1051 2661 1281 2744 sexagenarius
1332 2658 1551 2725 mulierculae.
1596 2660 1939 2728 Μο8881881811888888
1966 2671 2077 2727 noetes
2100 2661 2188 2728 demi
2208 2663 2305 2728 nimis

304 2744 412 2810 adhue
434 2745 606 2810 eatullire?
652 2745 755 2827 Atqui
777 2744 908 2812 anieula
924 2745 988 2810 ista
1005 2747 1281 2830 septuagesimum
1332 2743 1386 2809 lon
1431 2765 1540 2810 88888
1562 2753 1650 2828 8818.
1687 2745 1883 2812 Timendum
1901 2768 1979 2831 ergo
2001 2769 2043 2812 ne
2064 2747 2106 2812 ad
2128 2747 2305 2814 fallendum

305 2831 372 2896 1888
395 2831 518 2916 attigit:
541 2831 646 2896 filium
669 2830 768 2896 habet
790 2851 829 2895 88
850 2837 965 2910 881818,
988 2849 1071 2913 8888
1088 2831 1281 2900 mulieribus
1331 2843 1384 2894 tae
1407 2831 1476 2895 ium
1498 2830 1562 2895 alio
1584 2852 1619 2896 se
1641 2833 1793 2898 eenlerat.
1833 2831 1907 2900 Seis
1926 2835 2015 2898 enim
2037 2833 2114 2900 huie
2136 2834 2306 2900 hominum

304 2917 405 2982 etiem
423 2917 609 3002 eoniugatis
625 2917 725 2990 finem
735 2913 1124 2982 libidinisufferredebet.
1153 2915 1281 2984 Saltem
1333 2916 1669 3002 generiesseerrandi
1687 2919 1906 3004 privilegium.
1943 2917 2121 2986 Sturmium
2142 2919 2304 2998 admonui,

306 3003 334 3068 si
357 3003 427 3068 8188
453 3003 551 3069 alieni
578 3000 724 3068 devexae
750 3003 817 3067 iam
846 3003 964 3068 aetatis
988 3023 1023 3068 88
1045 3003 1280 3082 ooniunxisset,
1332 3003 1465 3068 tametsi
1496 3003 1644 3069 fauturus
1672 3013 1789 3088 sponte
1814 3011 1901 3084 erat,
1933 3004 2020 3088 quod
2046 3005 2142 3089 88118.
2192 3005 2305 3089 118888

304 3095 434 3238 poterat
461 3087 651 3167 obtendere,
685 3109 721 3154 se
748 3087 838 3154 aliud
865 3089 1043 3172 quaesiisse
1069 3109 1167 3172 quam
1195 3089 1281 3156 thori
1332 3087 1391 3153 illa
1407 3109 1467 3170 per
1486 3087 1696 3177 0881188881)
1716 3090 1829 3157 literas
1846 3091 1992 3175 reeipiet
2024 3091 2119 3169 Vale,
2141 3091 2306 3158 8881881888

327 3173 441 3241 8111188.
485 3175 583 3240 Nune
604 3193 736 3240 emnem
756 3193 825 3239 non
847 3179 979 3239 tantum
991 3171 1213 3240 defensionem
1224 3175 1281 3242 sed
1332 3175 1443 3240 188188.
1487 3174 1581 3242 Η888
1602 3175 1759 3256 881881188,
1781 3198 1883 3261 quum
1904 3177 2046 3244 8888188
2067 3177 2170 3246 881181
2190 3197 2305 3259 888888

305 3261 405 3326 etiam
432 3260 652 3328 exeusationis
680 3261 821 3344 speeiem
847 3260 908 3326 sibi
937 3258 1067 3325 ademit.
1122 3261 1218 3326 Belle
1247 3281 1282 3326 88
1333 3259 1559 3326 eonseendere.
1605 3261 1724 3328 Saluta
1754 3261 1837 3328 mihi
1863 3263 2058 3330 888181881888
2089 3263 2306 3330 Sebastiam

304 3346 475 3414 oensulere
496 3347 563 3412 suis
588 3346 768 3412 rationibus
795 3353 968 3430 putanmt,
995 3367 1096 3428 quum
1124 3346 1166 3412 ad
1193 3347 1282 3412 elan·
1334 3345 1558 3414 8111888188
1579 3355 1612 3412 81
1633 3348 1857 3417 81188888888.

305 3433 462 3500 eulariam
473 3431 731 3498 benedictionem
748 3432 976 3515 confugerent:
995 3429 1053 3498 sed
1070 3433 1283 3515 experientur

305 3517 401 3584 brevi
426 3517 521 3583 ambo
544 3538 643 3600 quam
664 3519 708 3582 811
728 3515 947 3600 periculosum
967 3538 1044 3584 oum
1065 3515 1138 3584 Deo
1159 3517 1282 3598 ludere.

306 3601 346 3670 Si
365 3605 432 3702 ianr
453 3605 583 3688 quaeris
604 3602 683 3703 quid
705 3603 803 3701 8111811
825 3603 875 3668 181
896 3603 948 3681 811,
978 3603 1034 3668 vix
1062 3602 1122 3668 tibi
1149 3625 1282 3688 pessum

305 3686 1283 3858 8881181888888818888888181
1723 3745 1923 3754 ····-··-

305 3861 383 3946 8818
404 3871 515 3926 tamen
537 3860 682 3946 perieulo
703 3881 769 3926 nen
790 3869 888 3939 earet,
911 3881 993 3943 8888
1011 3869 1061 3926 est
1073 3882 1281 3945 magnaean-

305 3949 404 4026 tiene,
427 3957 466 4012 ut
485 3968 526 4012 88
548 3945 733 4012 exaeerbati
754 3967 774 4011 a
795 3945 898 4024 nobis,
923 3943 1034 4019 eadem
1054 3967 1118 4029 qua
1135 3947 1284 4013 eoierunt
1782 3929 1855 3998 260-

306 4033 500 4112 temeritate,
534 4033 655 4098 maiore
688 4031 813 4116 flagitio
846 4033 1060 4115 gravioreque
1087 4031 1283 4100 offendiculo
1610 4065 1779 4135 offlam
1800 4060 2023 4134 PARELLO

308 4117 479 4184 dissiliant.
522 4119 622 4202 Ergo,
653 4117 716 4182 uisi
737 4117 913 4202 singularis
934 4117 1044 4202 aliqua
1060 4119 1283 4184 888881881888
2025 4119 2032 4134 '

309 4205 369 4354 gibi
389 4205 509 4282 feeerit,
533 4225 602 4268 non
624 4203 757 4302 8888818
779 4215 816 4268 81
837 4203 976 4303 verbnm
1003 4225 1078 4270 eum
1105 4225 1144 4270 ea
1171 4204 1280 4270 188188.
1421 4237 1520 4317 Md,
1543 4239 1680 4306 amm
1700 4261 1758 4306 sm,
1779 4239 1911 4324 hospis&
1932 4259 1994 4306 no„
2014 4261 2109 4306 mm
2130 4261 2196 4308 0330
2216 4261 2314 4322 88888

338 4311 371 4352 88
384 4311 461 4355 8888
473 4299 694 4374 opportunum
705 4289 879 4372 ahquando
892 4289 999 4368 ment,
1022 4297 1152 4356 tantum
1175 4299 1284 4390 osten·
1336 4345 1357 4388 a
1378 4344 1410 4389 3,
1430 4325 1542 4390 „ism
1589 4323 1755 4392 Ouinium
1776 4327 2053 4412 mmmm,
2083 4326 2315 4396 amm-qm

311 4374 380 4452 dae,
401 4397 473 4440 eam
490 4397 606 4460 perum
625 4395 703 4441 suae
720 4375 956 4441 existimationi
973 4385 1007 4440 et
1024 4375 1178 4442 seelesiae
1196 4375 1283 4475 aedr-
1336 4429 1398 4476 mm
1419 4409 1616 4494 amabunt·

310 4459 454 4525 litationi
467 4463 678 4540 consuluisse,
697 4461 757 4526 tibi
774 4461 919 4544 graviter
930 4459 1109 4544 displieere,
1129 4469 1284 4527 81888888-

310 4566 388 4612 nem
415 4566 485 4609 esse
513 4569 646 4629 gravem
676 4547 915 4630 honestumque
942 4547 1108 4612 hominem
1136 4547 1192 4632 qui
1217 4567 1283 4612 nen
1337 4579 1393 4644 (ΗΧ
1420 4581 1588 4651 ,uwpho
1614 4581 1678 4635 bibl.
1707 4581 1808 4637 Gom
1835 4579 1901 4636 005,
1926 4579 1976 4633 110
2009 4583 2056 4636 sol,
2082 4581 2125 4638 54,
2178 4583 2318 4640 mh„

309 4631 455 4698 maxime
478 4631 651 4714 improbet:
679 4643 712 4696 te
742 4634 839 4698 etiam
863 4653 929 4698 non
949 4631 1106 4712 dubitare,
1129 4633 1209 4716 quin
1231 4633 1286 4699 hio
1601 4652 1703 4705 nuum
1719 4651 1803 4704 habet
1819 4625 2045 4719 inseriptu'on’em.)

309 4717 394 4784 mibi
417 4715 642 4784 acerbissimus
653 4719 926 4802 tristissimusque
937 4720 1078 4784 nuneius
1089 4719 1133 4784 811
1142 4720 1283 4786 futurus.

309 4803 450 4870 Interim
472 4812 592 4880 tamen,
615 4825 657 4869 88
678 4826 811 4888 prorsus
822 4804 875 4870 vel
886 4803 1058 4890 frangatur
1069 4805 1122 4872 vel
1134 4813 1286 4890 erumpat

309 4889 346 4954 in
367 4890 540 4966 insaniam,
569 4908 609 4952 ea
635 4909 698 4972 qua
719 4891 840 4976 peteris
867 4889 1041 4956 verborum
1069 4889 1206 4958 lenitate
1235 4892 1284 4957 881

310 4977 521 5058 asperitatem
549 4973 693 5057 mitiges,
721 4987 753 5040 81
781 4977 922 5042 horteris
951 4983 989 5040 ut
1019 4976 1105 5042 male
1134 4985 1283 5060 coeptum

1956 3483 2117 3552 Calvinus
2138 3494 2222 3552 tuus.

1423 4837 1458 4906 S.
1481 4841 1604 4904 uotum
1621 4849 1749 4923 tempus
1770 4839 2031 4922 pomeridianum
2053 4861 2129 4907 eum
2151 4841 2321 4926 pertimui

1336 5097 1456 5182 frugali
1484 5117 1522 5163 ao
1553 5099 1645 5163 188881
1678 5115 1792 5162 mensa
1824 5095 1940 5162 domus
1966 5119 2058 5164 meae
2086 5099 2323 5166 88881818888

313 5265 318 5276 Ι
413 5195 443 5260 2)
461 5197 540 5252 118888
558 5197 643 5266 flying
661 5203 768 5318 reporta
793 5199 882 5253 which
906 5215 953 5252 are
971 5197 1069 5267 spread
1093 5198 1160 5252 with
1178 5199 1286 5254 888811
1337 5222 1364 5228 -

310 5271 400 5319 intent
417 5265 466 5317 but
483 5265 552 5320 18888
571 5281 645 5320 mere
663 5265 717 5319 ide
734 5265 808 5336 iolly.
1439 5265 1469 5332 3)
1488 5269 1685 5338 typographum
1705 5268 1757 5333 (N.
1775 5265 1834 5338 19‘1,
1853 5274 1907 5324 net.
1927 5267 1979 5334 14.)

1337 4925 1477 5008 quedam
1515 4925 1719 5009 anabaptista
1758 4926 1958 5008 eonsumpsi,
1994 4933 2092 5010 atque
2123 4927 2203 4994 adeo
2237 4949 2321 4993 aum
2418 4981 2419 5012 ,

1336 5012 1491 5096 fatigatus
1508 5021 1546 5076 ut
1564 5023 1596 5076 te
1617 5031 1726 5078 eoram
1737 5011 1878 5076 18818888
1889 5031 1955 5076 888
1966 5013 2138 5095 881888188.
2173 5013 2324 5081 Utinam
2418 5013 2419 5045 ¹
