4942 5982
287 267 347 331 151
1059 261 1322 331 ambronas
1345 265 1513 329 att-arc
2222 264 2282 326 152

286 459 321 519 et
343 454 426 520 serio
446 450 703 518 incumbendum
721 473 899 530 censemus,
922 472 986 535 quo
1003 459 1129 517 mature
1147 473 1259 518 occur·
1310 451 1415 535 iisque
1438 449 1517 516 adeo
1537 449 1734 535 reipublicae
1756 449 1933 516 commodis
1961 457 1995 515 et
2023 450 2224 528 necessariis,
2246 457 2283 514 ιιι

286 538 426 605 rendum
444 545 502 616 est,
525 559 567 603 ne
585 537 673 602 ullus
691 537 825 622 posthac
843 537 1045 619 relinquatur
1061 537 1259 604 turbulentis
1311 557 1374 620 quo
1395 557 1448 603 me
1469 545 1597 602 vertam
1617 537 1769 614 nesciam,
1792 557 1855 620 quo
1877 536 1984 620 potins
2005 554 2182 614 accurram,
2205 535 2284 618 quid

287 625 359 691 istis
381 631 415 688 et
436 623 567 706 tragicis
589 643 699 688 rerum
729 622 1007 690 vicissitudinibus
1035 623 1134 689 locus.
1177 623 1259 687 Fin·
1311 621 1537 708 praeleram,⁷)
1559 643 1659 705 quum
1682 644 1741 688 nee
1763 621 1851 688 solus
1872 620 1971 688 simul
1989 627 2055 685 tam
2073 621 2177 686 multa
2194 621 2284 687 obire

288 709 396 794 gendo
427 729 503 775 cera
535 717 585 774 est
617 705 773 791 quamdiu
806 708 912 773 mollis
939 717 990 774 est
1020 714 1054 773 et
1080 709 1122 773 ad
1149 709 1260 773 omnia
1313 727 1487 790 nequeam,
1520 727 1626 790 neque
1653 729 1783 773 rursum
1812 709 1894 772 citra
1922 707 2078 772 damnum
2106 705 2283 790 quidquam

288 815 425 876 sequax:
457 793 637 859 flectendae
669 814 732 876 quo
764 793 853 858 voles
885 791 1075 859 arbusculae
1104 792 1260 877 quamdiu
1313 795 1472 860 omittere.
1519 791 1624 858 Crede
1646 793 1735 873 mihi,
1758 815 1817 878 ego
1839 793 1913 877 plus
1931 791 2037 858 demes
2054 813 2189 857 manum
2207 793 2283 860 huie

287 879 415 946 flexiles
427 889 512 958 suut,
531 881 720 962 priusquam
733 878 934 962 obriguerint
944 879 1221 962 induruerintque,
1231 882 1260 962 ⁸)
1311 877 1444 944 chartae
1466 877 1605 956 admovi,
1628 879 1820 962 priusquam
1844 879 1972 944 licuerit
1989 877 2160 960 epistolam
2178 878 2284 944 absol-

288 985 368 1049 quas
386 972 497 1048 postea
514 965 646 1048 frangas
663 965 769 1047 potius
787 985 884 1048 quam
902 965 1053 1048 corrigas.
1082 965 1260 1048 Magistra-
1312 986 1397 1030 vere.
1442 963 1656 1047 Magistratus
1679 964 1859 1047 plurimum
1877 963 1969 1029 nobis
1987 963 2092 1029 defert
2109 972 2141 1029 et
2162 964 2284 1029 nostris

288 1059 342 1117 tus
364 1049 477 1115 didicit
498 1049 674 1134 prophetas
696 1050 854 1128 revereri,
876 1049 1015 1134 populus
1036 1049 1204 1135 pareret)
1227 1057 1261 1114 et
1313 1050 1465 1129 consiliis,
1484 1071 1546 1132 quo
1565 1051 1612 1128 fit,
1631 1055 1668 1114 ut
1681 1069 1840 1134 nequeam
1852 1071 1917 1116 non
1928 1049 2009 1114 mihi
2021 1049 2146 1116 felicem
2158 1050 2283 1115 exitum

288 1136 456 1201 famelicus
478 1157 567 1200 nuno
584 1133 770 1201 avidissime
791 1143 886 1200 vorat
907 1135 993 1218 quod
1016 1137 1208 1219 proponitur
1224 1137 1260 1200 in
1312 1133 1529 1285 polliceriff)>⁰
1578 1177 1580 1182 -

310 1221 426 1286 loriam
441 1221 585 1286 Domini.
626 1221 803 1304 Negotium
817 1221 1259 1304 hocnullaspatiturmoras.
1397 1220 1472 1285 Viri
1531 1220 1566 1284 ni
1583 1229 1707 1303 optant,
1730 1221 1759 1286 si
1776 1222 1848 1286 fieri
1865 1230 1981 1304 potest,
2001 1229 2039 1287 ut
2056 1221 2144 1286 viros
2161 1219 2285 1304 aliquot

288 1244 376 1372 fluia
393 1307 484 1372 oneri
499 1307 685 1390 paucissimi
704 1306 856 1372 humeros
873 1307 1056 1372 subiiciunt.
1089 1307 1162 1391 Ego
1184 1306 1261 1389 quid
1313 1306 1422 1372 doctos
1444 1305 1565 1371 isthinc
1586 1313 1694 1372 tecum
1712 1305 1863 1387 adducas,
1886 1317 1943 1373 aut
1964 1307 2080 1373 saltem
2101 1327 2203 1372 unum
2225 1306 2284 1372 ali·

288 1393 354 1458 mei
377 1391 508 1457 valeant
529 1390 670 1475 quotidie
692 1393 849 1475 experior.
894 1391 971 1457 Huc
993 1395 1135 1458 concessi
1157 1393 1261 1456 fretus
1312 1413 1408 1474 quem
1440 1393 1496 1475 qui
1525 1393 1623 1456 etiam
1656 1393 1840 1476 germaniae
1872 1393 2003 1471 calleat,
2037 1393 2189 1476 quoniam
2220 1391 2284 1458 illis

289 1499 346 1561 spe
365 1477 525 1544 adventus
542 1477 606 1542 tui:
629 1499 694 1541 non
713 1498 845 1560 possum
863 1476 918 1542 diu
936 1478 1049 1543 abesse
1069 1477 1110 1542 ab
1127 1477 1262 1544 ecclesia
1313 1477 1404 1542 deest
1414 1477 1577 1560 interpres
1589 1477 1681 1556 fidus,
1700 1478 1728 1543 si
1745 1477 1938 1562 quandoque
1953 1479 2066 1544 literas
2082 1478 2284 1562 germanicas

288 1564 518 1628 Lauscunensi
546 1565 610 1627 nisi
640 1584 732 1628 secus
759 1563 859 1627 fuerit
886 1571 1102 1647 prospectum.
1153 1562 1262 1628 Multa
1312 1563 1484 1648 accipiunt.
1529 1563 1665 1646 Nolui⁹)
1688 1564 1779 1645 prius
1796 1563 1855 1628 tibi
1873 1564 2056 1631 valedicere
2072 1583 2171 1647 quam
2188 1563 2284 1628 intel·

288 1647 369 1714 mihi
388 1656 467 1713 sunt
489 1647 675 1714 devoranda
701 1669 784 1731 quse
813 1655 871 1712 tua
896 1650 1084 1732 praesentia
1111 1647 1262 1714 redderet
1312 1648 1448 1733 ligerem
1470 1649 1525 1731 qui
1547 1649 1646 1714 creati
1669 1659 1779 1713 essent
1800 1648 1937 1733 syndici,
1966 1657 2004 1714 ut
2031 1657 2066 1714 tu
2094 1671 2130 1714 re
2156 1650 2285 1734 cognita

288 1734 491 1800 suavissima.
531 1735 717 1798 Beruenses
739 1734 806 1799 suis
827 1733 930 1798 literis
952 1755 1058 1817 neque
1080 1733 1262 1818 adegerunt
1313 1735 1434 1800 certius
1454 1733 1623 1817 colligeres
1645 1734 1721 1816 quid
1744 1734 1803 1798 tibi
1826 1734 1866 1799 de
1888 1756 1973 1800 novo
1999 1736 2193 1820 magistratu
2211 1756 2284 1818 spe-

288 1827 327 1884 ut
348 1819 413 1884 huc
435 1820 590 1898 venirem,
616 1840 721 1901 neque
743 1818 992 1902 prohibuerunt,
1015 1818 1071 1884 sed
1092 1841 1165 1885 meo
1187 1841 1261 1904 per·
1313 1819 1453 1884 randum
1481 1829 1581 1897 esset,
1612 1820 1667 1902 qui
1695 1821 1816 1902 absque
1844 1820 2065 1900 seditionibus,
2093 1820 2285 1886 factionibus

287 1904 448 1970 miserunt
477 1905 612 1970 arbitrio
645 1903 836 1970 utrumlibet
865 1905 986 1988 eligere
1018 1905 1180 1988 placeret,
1214 1907 1261 1970 ite
1313 1913 1347 1970 et
1368 1905 1436 1969 ulla
1457 1904 1642 1969 ambitionis
1670 1919 1727 1970 aut
1753 1906 1929 1972 simultatis
1951 1908 2058 1988 speeie
2079 1906 2203 1972 electus
2224 1913 2283 1986 est,

287 1997 398 2056 tamen
421 1999 458 2055 ut
479 1991 684 2054 manifestam
713 1989 830 2054 darent
857 1991 1129 2074 significationem
1155 1991 1201 2074 pii
1228 1999 1261 2056 et
1313 1991 1341 2056 si
1359 1989 1518 2056 haetenus
1536 2011 1701 2073 unquam..
1722 1991 1853 2056 Interea
1871 1993 2036 2075 insperato
2048 1993 2183 2058 advenit
2193 2013 2285 2058 socer

287 2075 437 2142 benevoli
459 2077 494 2139 in
515 2074 601 2139 hano
622 2073 791 2140 eeclesiam
812 2077 958 2154 affectus,
983 2077 1076 2142 euius
1098 2077 1260 2141 instaure-
1315 2075 1471 2155 Soeneric',
1486 2075 1526 2157 ¹⁰)
1549 2097 1621 2141 eum
1645 2096 1765 2160 genero
1786 2077 1888 2142 altero
1916 2080 1972 2161 qui
2001 2079 2100 2143 etiam
2128 2079 2222 2161 profu

288 2162 410 2226 tionem
424 2160 619 2238 desiderant,
632 2181 696 2224 non
707 2161 847 2238 ruinam,
866 2160 1020 2244 quidquid
1032 2160 1262 2227 machinentur
1313 2169 1371 2226 est.
1415 2161 1602 2226 Narrarunt
1623 2183 1688 2245 qua
1709 2163 1763 2228 via
1785 2163 1946 2229 Dominus
1965 2164 2144 2242 liberasset,
2166 2165 2223 2247 qui
2245 2183 2285 2228 us

288 2248 395 2330 capita
423 2244 582 2328 quaedam
609 2245 694 2309 male
723 2246 845 2310 feriata.
890 2245 1071 2312 Ooneessus
1100 2255 1150 2314 est
1177 2247 1261 2312 mihi
1313 2246 1420 2312 adhuc
1453 2247 1632 2312 terroribus
1665 2248 1782 2313 fratres
1798 2249 1838 2332 ¹¹)
1871 2259 2129 2315 concuterentur.
2191 2248 2285 2314 Nulli

287 2333 322 2398 in
344 2332 429 2396 hanc
451 2331 621 2397 ecclesiam
648 2331 764 2410 aditus,
792 2332 848 2397 sod
876 2333 911 2396 in
939 2339 1094 2398 semestre
1122 2341 1259 2398 tantum.
1312 2332 1450 2397 relaxati
1479 2341 1557 2398 sunt
1584 2354 1625 2397 ex
1653 2334 1808 2417 captivis,
1840 2335 1936 2399 multi
1968 2335 2136 2421 suppliciis
2166 2336 2282 2400 affecti.

289 2415 386 2498 Quod
417 2417 573 2500 temporis
606 2417 747 2498 spatium
780 2417 869 2482 hand
900 2418 979 2482 satis
1006 2425 1077 2483 tuto
1103 2420 1261 2484 conficere
1313 2416 1379 2498 Qui
1391 2427 1567 2502 supersunt
1577 2417 1674 2484 valde
1684 2419 1746 2484 sibi
1758 2427 1917 2486 metuunt.
1950 2421 2143 2500 Audivistis,
2157 2421 2282 2504 opinor,

286 2501 372 2580 lieet,
395 2502 473 2584 quin
495 2522 591 2583 saepe
613 2523 702 2567 meos
725 2503 880 2567 revisam:
903 2511 937 2568 et
958 2505 985 2568 si
1008 2505 1150 2568 maxime
1172 2513 1261 2570 totus
1313 2503 1353 2568 de
1375 2503 1526 2568 ministro
1546 2503 1603 2569 ille
1625 2504 1849 2584 Valdensium,
1873 2507 1930 2591 qui
1947 2516 2062 2590 captus
2080 2508 2120 2572 ab
2138 2507 2285 2574 hostibus

287 2587 342 2652 hie
360 2587 478 2652 affixus
496 2607 612 2664 essem,
634 2609 701 2651 nou
720 2587 942 2654 sufficeremus
959 2595 1079 2668 tamen,
1103 2597 1261 2673 quotquot
1312 2589 1401 2654 mille
1423 2588 1678 2673 quadringentas
1700 2591 1812 2656 domos
1834 2595 2007 2672 accusavit,
2030 2613 2114 2676 quac
2135 2593 2284 2660 lanienae

286 2672 340 2738 bic
358 2693 480 2750 sumus,
500 2680 611 2736 tantae
627 2672 705 2736 moli
724 2674 941 2740 sustinendae.
989 2674 1157 2740 Gonamur
1174 2675 1260 2758 quod
1312 2696 1426 2740 omnes
1440 2675 1481 2760 ¹²)
1501 2674 1670 2758 expositae
1687 2683 1773 2742 sunt.
1819 2675 1885 2743 Sed
1897 2699 1950 2742 me
1961 2686 2151 2744 recrearunt
2160 2677 2284 2744 Ferelli

286 2779 467 2842 possumus.
503 2757 610 2822 Multa
627 2759 848 2841 impetramus.
889 2758 956 2826 Sed
974 2767 1042 2825 tam
1059 2761 1164 2826 multa
1182 2769 1261 2827 sunt
1311 2760 1435 2841 literae,
1458 2761 1574 2843 quibus
1586 2781 1677 2844 spem
1689 2763 1827 2828 faciebat
1837 2765 2003 2848 optimam,
2025 2765 2094 2830 fore
2112 2771 2150 2828 ut
2161 2761 2284 2848 aliquid

286 2865 369 2928 quae
402 2842 561 2908 medicam
592 2863 727 2908 manum
759 2843 942 2927 requirant,
979 2853 1016 2910 ut
1055 2867 1121 2910 non
1153 2847 1260 2912 solum
1311 2847 1423 2911 miseri
1455 2847 1572 2912 fratres
1605 2846 1712 2912 solatii
1743 2850 1957 2932 perceperint.
2015 2850 2191 2936 Negotium
2224 2850 2284 2914 tibi

286 2928 445 3012 plurimis,
475 2927 530 2994 sed
560 2935 593 2993 et
614 2930 820 3012 peritissimis
846 2939 880 2996 ct
907 2932 1185 2998 exercitatissimis
1216 2933 1261 2998 sit
1311 2931 1568 2998 commendatius
1587 2938 1637 2998 est
1658 2953 1754 3016 quam
1775 2943 1812 2999 ut
1833 2956 1907 3000 mea
1932 2936 1976 3000 sit
2003 2933 2284 3002 commendatione

286 3014 421 3080 medicis
443 3033 534 3098 opus,
557 3013 674 3096 quibus
692 3017 720 3080 si
738 3023 774 3080 tu
793 3015 961 3084 accederes
980 3039 1149 3100 speremus
1167 3017 1259 3084 nobis
1311 3039 1401 3102 opus.
1453 3018 1609 3102 Uterque,
1635 3017 1833 3087 Uarboeelfoe
1855 3029 1888 3086 et
1920 3041 2029 3106 gener,
2063 3028 2097 3086 te
2130 3021 2282 3088 salutant.

286 3099 378 3166 salva
399 3100 468 3166 fore
490 3101 607 3164 omnia.
651 3101 775 3185 Magno
793 3104 991 3184 exspectaris
1011 3104 1157 3168 omnium
1176 3104 1259 3170 desi·
1310 3101 1473 3187 Syndieos
1502 3103 1661 3170 habemus
1690 3104 1809 3172 electos
1836 3108 1919 3173 eitra
1946 3107 2135 3188 tumultum,
2164 3127 2285 3191 magna

286 3184 383 3264 derio,
403 3185 488 3268 quod
506 3206 548 3250 ne
566 3185 678 3251 fallere
696 3187 777 3254 velis
795 3195 826 3252 te
846 3208 905 3270 per
916 3187 1087 3253 Christum
1104 3189 1257 3254 obtestor.
1311 3209 1387 3254 cum
1398 3188 1643 3272 tranquillitate,
1666 3189 2052 3274 NondumBaedierem,
2071 3192 2284 3258 Dominicum

285 3270 579 3350 Ptochodocbeum,
597 3273 828 3350 nosocomium,
848 3273 1030 3357 collegium,
1051 3281 1084 3338 et
1101 3272 1258 3357 quidquid
1311 3273 1432 3355 Dorlo,
1461 3275 1641 3341 Pernetum
1673 3276 1710 3341 de
1743 3277 1856 3344 Fossae
1888 3279 2086 3345 cebetarium
2100 3280 2142 3364 ¹¹¹)
2173 3279 2283 3345 virum

286 3355 423 3441 dignum
445 3365 494 3421 est
515 3378 594 3422 cura
610 3357 774 3440 pastorali,
796 3365 888 3423 tuam
911 3359 1044 3442 opcm¹)
1066 3360 1257 3442 efflagitant.
1310 3359 1442 3425 bonum.
1495 3357 1674 3443 Speremus
1697 3361 1835 3429 feliciter
1863 3365 1974 3430 omnia
2002 3385 2142 3431 cessura.
2187 3363 2281 3430 Vale.

373 3441 650 3526 Sammartonos⁶)
684 3443 735 3507 vir
755 3443 969 3522 doctissimus,
1002 3465 1097 3527 quem
1126 3446 1186 3510 tibi
1219 3445 1259 3510 de
1311 3444 1478 3526 Genevse,
1503 3449 1530 3509 6.
1554 3445 1702 3512 Februar
1729 3454 1820 3514 1541.
1835 3450 1874 3531 ¹⁴)

286 3527 419 3591 nominc
440 3525 554 3609 opinor
575 3549 645 3592 esse
667 3528 883 3606 notissimum,
906 3550 1008 3613 quum
1026 3529 1189 3595 intellexit
1206 3551 1258 3595 me
2089 3587 2095 3601 .

286 3611 340 3677 hie
368 3633 454 3690 esse,
488 3619 522 3675 et
549 3619 581 3676 te
607 3612 796 3696 propediem
824 3613 1058 3692 adventurum,
1088 3617 1259 3682 confestim
1800 3586 1891 3652 '⁹⁰⁰⁸
1912 3587 2032 3652 P⁰⁸⁵¹¹¹⁸
2054 3586 2198 3652 vum·

286 3697 351 3763 hnc
373 3719 408 3762 ee
430 3697 566 3780 recepit:
590 3697 642 3762 oui
665 3719 833 3780 speramus
854 3722 913 3764 nos
934 3699 1028 3766 facile
1045 3722 1259 3784 persuasuros

286 3791 324 3848 ιιι
346 3782 399 3848 hie
416 3779 531 3865 pedem
552 3783 641 3865 figat,
664 3784 720 3849 ubi
742 3785 840 3850 rebus
862 3787 930 3852 suis
951 3807 1028 3868 pros
1051 3789 1157 3852 exerit
1177 3810 1259 3853 non-

286 3867 380 3948 nihil,
402 3868 595 3951 praesertim
625 3889 763 3950 sponsae
784 3871 836 3936 eui
858 3893 924 3937 nou
946 3874 993 3936 ita
1038 3873 1139 3938 udum
1160 3873 1259 3938 fidem
1412 3853 1444 3978 g)
1461 3857 1597 3979 Kf⁰s⁰¹⁸¹¹¹
1614 3857 1651 3911 B·
1670 3856 1700 3912 Β·
1719 3855 1758 3911 Η·

287 3953 384 4020 dedit.
429 3954 560 4018 Litercs
581 3953 719 4018 fratrum
741 3956 853 4021 elassis
872 3955 1118 4036 Thononiensis,
1141 3959 1259 4042 quibus
1413 3928 1443 4056 9)
1462 3925 1885 4050 vfflffiffiffilffiffikfioff'
1904 3925 2040 3994 1111111
2059 3925 2119 3980 1111

286 4047 451 4104 testantur
472 4059 569 4122 quam
591 4047 648 4104 tua
665 4043 848 4122 praesentia
871 4063 938 4108 non
961 4043 1066 4108 solum
1088 4044 1180 4110 utilis
1202 4043 1259 4110 sed
1397 4061 1442 4124 10)
1462 4062 1571 4118 Nomen
1588 4062 1720 4119 Soenm'i
1735 4063 1767 4117 in
1789 4063 1959 4134 apographis
1981 4069 2147 4133 campum.
2182 4065 2284 4122 Inruit

286 4125 383 4190 valde
415 4125 598 4190 necessaria
629 4125 741 4190 futura
773 4127 816 4192 sit
849 4127 925 4192 huie
956 4129 1127 4208 ccclesiae,
1163 4131 1258 4195 mitto
1311 4145 1389 4199 Μ»
1405 4129 1484 4197 infra
1499 4133 1626 4187 nominor
1643 4132 1841 4188 Carbonum

286 4209 462 4275 carissimis
495 4211 560 4275 tuis
591 4211 746 4276 fratribus
779 4220 812 4278 et
843 4216 1048 4298 symmystis,
1081 4235 1162 4297 quos
1193 4237 1258 4281 non
1397 4199 1442 4265 11)
1461 4200 1492 4253 ¹¹¹
1510 4201 1612 4255 Gauio.

287 4293 474 4360 dubitamus
491 4295 699 4362 ecclesiarum
718 4297 856 4363 salutem
873 4319 1001 4382 semper
1016 4299 1155 4384 privatis
1172 4323 1258 4367 eom·
1311 4268 2282 4412 ωψῃξῗζυΐᾱ1ζωοᾚὲἕῇἓ11ὥῖἇὶἔῶᾞὲοᾛῇ,

286 4379 392 4443 modis
410 4387 442 4442 et
462 4382 630 4446 affectibus
648 4383 848 4464 praetulisse.
889 4384 961 4450 Nisi
979 4406 1055 4450 mox
1078 4385 1258 4466 adveneris,
1311 4404 1342 4461 s.
1358 4405 1405 4460 ie:
1424 4407 1512 4474 quoad
1531 4424 1636 4476 corpur.

286 4473 344 4528 aut
365 4465 434 4548 ipse
456 4485 554 4548 cogar
576 4465 724 4532 deserere
746 4479 896 4552 coeptum
923 4491 1013 4555 opus,
1044 4485 1101 4538 cut
1127 4474 1259 4556 penitus
1396 4474 1443 4540 13)
1463 4473 1538 4542 Μ
1554 4475 1604 4530 f¹00
1621 4475 1771 4530 ἀποδοίη
1787 4490 1838 4529 ⁹⁸⁰⁸
1854 4475 1983 4544 fremor,
2001 4477 2168 4548 “warda
2185 4479 2280 4558 Μ·

286 4549 446 4616 conficiar.
497 4551 559 4615 ¹llot
588 4572 625 4617 ac
654 4553 753 4619 tantis
780 4555 923 4640 undique
951 4579 1081 4640 premor
1108 4559 1257 4642 negotiis,
1309 4547 1386 4610 Μ’»
1395 4543 1478 4679 mm
1486 4544 1849 4683 afflpwfim
1862 4545 2021 4669 w
2037 4549 2115 4604 ΜΝ
2132 4553 2281 4616 ΜΝ·

388 4752 418 4818 3)
435 4754 666 4825 intumuerintqne
685 4757 722 4811 B.
739 4757 778 4813 Η.

388 4823 419 4886 4)
438 4839 536 4890 pavere
553 4823 593 4877 Η.

388 4889 418 4956 5)
436 4907 528 4944 euram
544 4893 580 4946 B.
599 4891 628 4947 S.
644 4893 683 4947 H.
1693 4921 1895 4935 -’·-·-·-

370 4959 418 5040 ,θι
436 4959 475 5014 N.
492 4958 533 5014 55.
572 4961 876 5030 comeum·
894 4966 1255 5036 corcerepropterreb'co'o-

284 5039 348 5107 aen
363 5027 487 5108 qncfaooa
498 5029 608 5084 tonderi
621 5029 688 5085 1540
695 5032 845 5087 lobertotm
852 5039 1080 5103 recuperaverat:
1097 5041 1159 5104 post
1174 5037 1257 5091 curio

286 5095 450 5177 ἅμιπηωα
467 5097 604 5166 Lugduni
619 5100 758 5168 professor
773 5101 934 5172 linquam
951 5107 1069 5172 meatu,
1087 5104 1198 5159 medem
1214 5103 1255 5159 uf·

284 5169 370 5220 nores
386 5171 459 5220 rnre
475 5167 681 5224 Iareconscltoe
696 5169 812 5225 bonores
828 5171 945 5242 ιιάεμιιω
962 5177 1002 5228 est
1019 5173 1055 5240 (r.
1074 5171 1182 5242 Hauc).
