<?xml version="1.0" encoding="UTF-8"?>
<!DOCTYPE html PUBLIC "-//W3C//DTD XHTML 1.0 Transitional//EN"
    "http://www.w3.org/TR/xhtml1/DTD/xhtml1-transitional.dtd">
<html xmlns="http://www.w3.org/1999/xhtml" xml:lang="en" lang="en">
 <head>
  <title>
</title>
<meta http-equiv="Content-Type" content="text/html;charset=utf-8" />
  <meta name='ocr-system' content='tesseract 3.04.00' />
  <meta name='ocr-capabilities' content='ocr_page ocr_carea ocr_par ocr_line ocrx_word'/>
</head>
<body>
  <div class='ocr_page' id='page_1' title='image "./ioanniscalvinio04reusgoog_0201.png"; bbox 0 0 4888 5966; ppageno 0'>
   <div class='ocr_carea' id='block_1_1' title="bbox 284 339 2280 416">
    <p class='ocr_par' dir='ltr' id='par_1_1' title="bbox 284 339 2280 416">
     <span class='ocr_line' id='line_1_1' title="bbox 284 339 2280 416; baseline -0.003 -1"><span class='ocrx_word' id='word_1_1' title='bbox 284 355 347 416; x_wconf 72' lang='lat'><strong>376</strong></span> <span class='ocrx_word' id='word_1_2' title='bbox 1040 339 1304 415; x_wconf 68' lang='lat' dir='ltr'><strong>EPISuOLAE</strong></span> <span class='ocrx_word' id='word_1_3' title='bbox 1328 349 1497 414; x_wconf 76' lang='lat' dir='ltr'><strong>sse-389</strong></span> <span class='ocrx_word' id='word_1_4' title='bbox 2219 349 2280 410; x_wconf 82' lang='grc'><strong>376</strong></span> 
     </span>
    </p>
   </div>
   <div class='ocr_carea' id='block_1_2' title="bbox 283 533 2283 1643">
    <p class='ocr_par' dir='ltr' id='par_1_2' title="bbox 283 533 2283 1643">
     <span class='ocr_line' id='line_1_2' title="bbox 283 533 2281 622; baseline -0.004 -15"><span class='ocrx_word' id='word_1_5' title='bbox 283 561 355 607; x_wconf 89' lang='lat' dir='ltr'><strong>esse</strong></span> <span class='ocrx_word' id='word_1_6' title='bbox 375 545 572 622; x_wconf 78' lang='lat' dir='ltr'><strong>speraretur.</strong></span> <span class='ocrx_word' id='word_1_7' title='bbox 616 537 744 603; x_wconf 87' lang='lat' dir='ltr'><strong>Verum</strong></span> <span class='ocrx_word' id='word_1_8' title='bbox 770 537 807 602; x_wconf 94' lang='lat' dir='ltr'><strong>in</strong></span> <span class='ocrx_word' id='word_1_9' title='bbox 834 537 904 602; x_wconf 89' lang='lat' dir='ltr'><strong>eius</strong></span> <span class='ocrx_word' id='word_1_10' title='bbox 929 536 1072 603; x_wconf 87' lang='lat' dir='ltr'><strong>adventu</strong></span> <span class='ocrx_word' id='word_1_11' title='bbox 1099 536 1257 619; x_wconf 71' lang='lat' dir='ltr'><strong>reliquiae</strong></span> <span class='ocrx_word' id='word_1_12' title='bbox 1308 554 1438 600; x_wconf 90' lang='lat' dir='ltr'><strong>oomum</strong></span> <span class='ocrx_word' id='word_1_13' title='bbox 1466 533 1661 618; x_wconf 75' lang='lat' dir='ltr'><strong>legationem</strong></span> <span class='ocrx_word' id='word_1_14' title='bbox 1684 553 1767 616; x_wconf 89' lang='lat' dir='ltr'><strong>quae</strong></span> <span class='ocrx_word' id='word_1_15' title='bbox 1795 533 1874 616; x_wconf 91' lang='lat' dir='ltr'><strong>ipsis</strong></span> <span class='ocrx_word' id='word_1_16' title='bbox 1900 533 2039 600; x_wconf 87' lang='lat' dir='ltr'><strong>oomitiis</strong></span> <span class='ocrx_word' id='word_1_17' title='bbox 2071 535 2164 616; x_wconf 90' lang='lat' dir='ltr'><strong>quasi</strong></span> <span class='ocrx_word' id='word_1_18' title='bbox 2190 553 2281 616; x_wconf 87' lang='lat' dir='ltr'><strong>speo-</strong></span> 
     </span>
     <span class='ocr_line' id='line_1_3' title="bbox 283 617 2283 704; baseline -0.003 -14"><span class='ocrx_word' id='word_1_19' title='bbox 283 625 360 690; x_wconf 90' lang='lat' dir='ltr'><strong>illae</strong></span> <span class='ocrx_word' id='word_1_20' title='bbox 381 625 589 690; x_wconf 81' lang='lat' dir='ltr'><strong>fastiosorum</strong></span> <span class='ocrx_word' id='word_1_21' title='bbox 612 624 724 688; x_wconf 91' lang='lat' dir='ltr'><strong>statim</strong></span> <span class='ocrx_word' id='word_1_22' title='bbox 745 621 835 688; x_wconf 87' lang='lat' dir='ltr'><strong>adire</strong></span> <span class='ocrx_word' id='word_1_23' title='bbox 856 621 1037 702; x_wconf 88' lang='lat' dir='ltr'><strong>hominem,</strong></span> <span class='ocrx_word' id='word_1_24' title='bbox 1067 642 1153 687; x_wconf 87' lang='lat' dir='ltr'><strong>nova</strong></span> <span class='ocrx_word' id='word_1_25' title='bbox 1173 621 1257 686; x_wconf 90' lang='lat' dir='ltr'><strong>inire</strong></span> <span class='ocrx_word' id='word_1_26' title='bbox 1308 617 1403 684; x_wconf 90' lang='lat' dir='ltr'><strong>tandi</strong></span> <span class='ocrx_word' id='word_1_27' title='bbox 1424 625 1459 684; x_wconf 91' lang='lat' dir='ltr'><strong>et</strong></span> <span class='ocrx_word' id='word_1_28' title='bbox 1479 618 1675 684; x_wconf 75' lang='lat' dir='ltr'><strong>testificandi</strong></span> <span class='ocrx_word' id='word_1_29' title='bbox 1703 639 1801 684; x_wconf 90' lang='lat' dir='ltr'><strong>eausa</strong></span> <span class='ocrx_word' id='word_1_30' title='bbox 1826 619 2008 685; x_wconf 81' lang='lat' dir='ltr'><strong>interesset.</strong></span> <span class='ocrx_word' id='word_1_31' title='bbox 2057 617 2153 684; x_wconf 87' lang='lat' dir='ltr'><strong>Intra</strong></span> <span class='ocrx_word' id='word_1_32' title='bbox 2179 619 2283 704; x_wconf 85' lang='lat' dir='ltr'><strong>igitur</strong></span> 
     </span>
     <span class='ocr_line' id='line_1_4' title="bbox 285 704 2283 792; baseline -0.004 -17"><span class='ocrx_word' id='word_1_33' title='bbox 285 709 435 786; x_wconf 78' lang='lat' dir='ltr'><strong>tonsilia,</strong></span> <span class='ocrx_word' id='word_1_34' title='bbox 475 710 583 792; x_wconf 91' lang='lat' dir='ltr'><strong>oopias</strong></span> <span class='ocrx_word' id='word_1_35' title='bbox 622 709 822 787; x_wconf 89' lang='lat' dir='ltr'><strong>instaurare,</strong></span> <span class='ocrx_word' id='word_1_36' title='bbox 861 709 1014 784; x_wconf 80' lang='lat' dir='ltr'><strong>fremere,</strong></span> <span class='ocrx_word' id='word_1_37' title='bbox 1052 705 1256 783; x_wconf 89' lang='lat' dir='ltr'><strong>tumultuari,</strong></span> <span class='ocrx_word' id='word_1_38' title='bbox 1309 725 1363 770; x_wconf 91' lang='lat' dir='ltr'><strong>eos</strong></span> <span class='ocrx_word' id='word_1_39' title='bbox 1385 725 1506 788; x_wconf 89' lang='lat' dir='ltr'><strong>pauoos</strong></span> <span class='ocrx_word' id='word_1_40' title='bbox 1528 704 1606 784; x_wconf 92' lang='lat' dir='ltr'><strong>dies,</strong></span> <span class='ocrx_word' id='word_1_41' title='bbox 1629 726 1730 788; x_wconf 91' lang='lat' dir='ltr'><strong>quum</strong></span> <span class='ocrx_word' id='word_1_42' title='bbox 1752 725 1793 769; x_wconf 84' lang='lat' dir='ltr'><strong>ex</strong></span> <span class='ocrx_word' id='word_1_43' title='bbox 1815 712 1952 788; x_wconf 90' lang='lat' dir='ltr'><strong>utraque</strong></span> <span class='ocrx_word' id='word_1_44' title='bbox 1969 711 2062 788; x_wconf 90' lang='lat' dir='ltr'><strong>parte</strong></span> <span class='ocrx_word' id='word_1_45' title='bbox 2080 705 2155 770; x_wconf 89' lang='lat' dir='ltr'><strong>leoti</strong></span> <span class='ocrx_word' id='word_1_46' title='bbox 2173 713 2283 770; x_wconf 87' lang='lat' dir='ltr'><strong>essent</strong></span> 
     </span>
     <span class='ocr_line' id='line_1_5' title="bbox 285 788 2283 877; baseline -0.002 -18"><span class='ocrx_word' id='word_1_47' title='bbox 285 815 550 877; x_wconf 91' lang='lat' dir='ltr'><strong>unumquemque</strong></span> <span class='ocrx_word' id='word_1_48' title='bbox 562 794 734 876; x_wconf 89' lang='lat' dir='ltr'><strong>appellare,</strong></span> <span class='ocrx_word' id='word_1_49' title='bbox 757 794 913 877; x_wconf 80' lang='lat' dir='ltr'><strong>suffragia</strong></span> <span class='ocrx_word' id='word_1_50' title='bbox 923 793 1047 858; x_wconf 87' lang='lat' dir='ltr'><strong>viritim</strong></span> <span class='ocrx_word' id='word_1_51' title='bbox 1058 793 1218 875; x_wconf 75' lang='lat' dir='ltr'><strong>colligere,</strong></span> <span class='ocrx_word' id='word_1_52' title='bbox 1229 789 1257 877; x_wconf 64' lang='lat' dir='ltr'><strong>l)</strong></span> <span class='ocrx_word' id='word_1_53' title='bbox 1309 790 1449 855; x_wconf 89' lang='lat' dir='ltr'><strong>duodeni</strong></span> <span class='ocrx_word' id='word_1_54' title='bbox 1477 789 1594 874; x_wconf 91' lang='lat' dir='ltr'><strong>quibus</strong></span> <span class='ocrx_word' id='word_1_55' title='bbox 1626 811 1756 856; x_wconf 90' lang='lat' dir='ltr'><strong>summa</strong></span> <span class='ocrx_word' id='word_1_56' title='bbox 1787 791 1835 854; x_wconf 89' lang='lat' dir='ltr'><strong>rei</strong></span> <span class='ocrx_word' id='word_1_57' title='bbox 1867 788 2063 855; x_wconf 88' lang='lat' dir='ltr'><strong>demandata</strong></span> <span class='ocrx_word' id='word_1_58' title='bbox 2093 791 2216 869; x_wconf 80' lang='lat' dir='ltr'><strong>fuerat,</strong></span> <span class='ocrx_word' id='word_1_59' title='bbox 2250 797 2283 855; x_wconf 90' lang='lat' dir='ltr'><strong>et</strong></span> 
     </span>
     <span class='ocr_line' id='line_1_6' title="bbox 285 874 2282 962; baseline -0.003 -17"><span class='ocrx_word' id='word_1_60' title='bbox 285 901 339 945; x_wconf 91' lang='lat' dir='ltr'><strong>eos</strong></span> <span class='ocrx_word' id='word_1_61' title='bbox 372 881 519 945; x_wconf 90' lang='lat' dir='ltr'><strong>aoerbius</strong></span> <span class='ocrx_word' id='word_1_62' title='bbox 551 880 721 962; x_wconf 87' lang='lat' dir='ltr'><strong>inerepare</strong></span> <span class='ocrx_word' id='word_1_63' title='bbox 750 879 806 961; x_wconf 92' lang='lat' dir='ltr'><strong>qui</strong></span> <span class='ocrx_word' id='word_1_64' title='bbox 841 877 1046 956; x_wconf 76' lang='lat' dir='ltr'><strong>defecerunt,</strong></span> <span class='ocrx_word' id='word_1_65' title='bbox 1083 878 1257 942; x_wconf 87' lang='lat' dir='ltr'><strong>sollieitare</strong></span> <span class='ocrx_word' id='word_1_66' title='bbox 1308 877 1399 960; x_wconf 89' lang='lat' dir='ltr'><strong>paois</strong></span> <span class='ocrx_word' id='word_1_67' title='bbox 1429 874 1630 941; x_wconf 86' lang='lat' dir='ltr'><strong>uenditiones</strong></span> <span class='ocrx_word' id='word_1_68' title='bbox 1662 877 1773 941; x_wconf 86' lang='lat' dir='ltr'><strong>variae</strong></span> <span class='ocrx_word' id='word_1_69' title='bbox 1806 875 1884 942; x_wconf 90' lang='lat' dir='ltr'><strong>hino</strong></span> <span class='ocrx_word' id='word_1_70' title='bbox 1917 884 2014 958; x_wconf 90' lang='lat' dir='ltr'><strong>atque</strong></span> <span class='ocrx_word' id='word_1_71' title='bbox 2050 875 2141 940; x_wconf 91' lang='lat' dir='ltr'><strong>illino</strong></span> <span class='ocrx_word' id='word_1_72' title='bbox 2173 881 2282 942; x_wconf 88' lang='lat' dir='ltr'><strong>essent</strong></span> 
     </span>
     <span class='ocr_line' id='line_1_7' title="bbox 284 961 2283 1045; baseline -0.001 -15"><span class='ocrx_word' id='word_1_73' title='bbox 284 965 479 1042; x_wconf 86' lang='lat' dir='ltr'><strong>Beruenses,</strong></span> <span class='ocrx_word' id='word_1_74' title='bbox 501 963 645 1029; x_wconf 87' lang='lat' dir='ltr'><strong>brevitor</strong></span> <span class='ocrx_word' id='word_1_75' title='bbox 666 965 776 1029; x_wconf 91' lang='lat' dir='ltr'><strong>omnia</strong></span> <span class='ocrx_word' id='word_1_76' title='bbox 796 964 933 1029; x_wconf 86' lang='lat' dir='ltr'><strong>miseere</strong></span> <span class='ocrx_word' id='word_1_77' title='bbox 955 984 992 1029; x_wconf 88' lang='lat' dir='ltr'><strong>ae</strong></span> <span class='ocrx_word' id='word_1_78' title='bbox 1015 963 1156 1029; x_wconf 89' lang='lat' dir='ltr'><strong>turbare.</strong></span> <span class='ocrx_word' id='word_1_79' title='bbox 1195 962 1257 1026; x_wconf 92' lang='lat' dir='ltr'><strong>Di·</strong></span> <span class='ocrx_word' id='word_1_80' title='bbox 1309 961 1501 1045; x_wconf 88' lang='lat' dir='ltr'><strong>propositae,</strong></span> <span class='ocrx_word' id='word_1_81' title='bbox 1524 962 1589 1026; x_wconf 93' lang='lat' dir='ltr'><strong>iam</strong></span> <span class='ocrx_word' id='word_1_82' title='bbox 1606 963 1694 1028; x_wconf 89' lang='lat' dir='ltr'><strong>inter</strong></span> <span class='ocrx_word' id='word_1_83' title='bbox 1710 961 2283 1043; x_wconf 77' lang='lat' dir='ltr'><strong>utrosqueoonveneratutForellue</strong></span> 
     </span>
     <span class='ocr_line' id='line_1_8' title="bbox 285 1047 2282 1132; baseline -0.002 -17"><span class='ocrx_word' id='word_1_84' title='bbox 285 1069 375 1116; x_wconf 84' lang='lat' dir='ltr'><strong>aeres</strong></span> <span class='ocrx_word' id='word_1_85' title='bbox 401 1051 544 1132; x_wconf 81' lang='lat' dir='ltr'><strong>profesto</strong></span> <span class='ocrx_word' id='word_1_86' title='bbox 572 1047 729 1114; x_wconf 82' lang='lat' dir='ltr'><strong>Satanam</strong></span> <span class='ocrx_word' id='word_1_87' title='bbox 760 1055 831 1113; x_wconf 87' lang='lat' dir='ltr'><strong>tum</strong></span> <span class='ocrx_word' id='word_1_88' title='bbox 864 1047 983 1113; x_wconf 85' lang='lat' dir='ltr'><strong>alieubi</strong></span> <span class='ocrx_word' id='word_1_89' title='bbox 1009 1055 1066 1112; x_wconf 94' lang='lat' dir='ltr'><strong>aut</strong></span> <span class='ocrx_word' id='word_1_90' title='bbox 1093 1047 1258 1132; x_wconf 83' lang='lat' dir='ltr'><strong>ergastula</strong></span> <span class='ocrx_word' id='word_1_91' title='bbox 1308 1055 1465 1130; x_wconf 87' lang='lat' dir='ltr'><strong>perpetuo</strong></span> <span class='ocrx_word' id='word_1_92' title='bbox 1487 1055 1679 1125; x_wconf 89' lang='lat' dir='ltr'><strong>remaneret,</strong></span> <span class='ocrx_word' id='word_1_93' title='bbox 1701 1067 1839 1128; x_wconf 89' lang='lat' dir='ltr'><strong>eumque</strong></span> <span class='ocrx_word' id='word_1_94' title='bbox 1860 1067 1974 1112; x_wconf 92' lang='lat' dir='ltr'><strong>omnes</strong></span> <span class='ocrx_word' id='word_1_95' title='bbox 1994 1047 2030 1110; x_wconf 92' lang='lat' dir='ltr'><strong>in</strong></span> <span class='ocrx_word' id='word_1_96' title='bbox 2048 1067 2162 1112; x_wconf 88' lang='lat' dir='ltr'><strong>verum</strong></span> <span class='ocrx_word' id='word_1_97' title='bbox 2181 1067 2219 1114; x_wconf 89' lang='lat' dir='ltr'><strong>ao</strong></span> <span class='ocrx_word' id='word_1_98' title='bbox 2236 1047 2282 1112; x_wconf 87' lang='lat' dir='ltr'><strong>le·</strong></span> 
     </span>
     <span class='ocr_line' id='line_1_9' title="bbox 284 1130 2283 1282; baseline -0.002 -82"><span class='ocrx_word' id='word_1_99' title='bbox 284 1135 438 1212; x_wconf 87' lang='lat' dir='ltr'><strong>solvisse,</strong></span> <span class='ocrx_word' id='word_1_100' title='bbox 471 1143 529 1201; x_wconf 91' lang='lat' dir='ltr'><strong>aut</strong></span> <span class='ocrx_word' id='word_1_101' title='bbox 560 1142 648 1199; x_wconf 90' lang='lat' dir='ltr'><strong>oerte</strong></span> <span class='ocrx_word' id='word_1_102' title='bbox 679 1135 846 1217; x_wconf 85' lang='lat' dir='ltr'><strong>ingentem</strong></span> <span class='ocrx_word' id='word_1_103' title='bbox 877 1153 1039 1200; x_wconf 89' lang='lat' dir='ltr'><strong>oaroerem</strong></span> <span class='ocrx_word' id='word_1_104' title='bbox 1081 1135 1256 1217; x_wconf 82' lang='lat' dir='ltr'><strong>effregisse.</strong></span> <span class='ocrx_word' id='word_1_105' title='bbox 1309 1133 1461 1282; x_wconf 43' lang='lat' dir='ltr'><strong>{dmum</strong></span> <span class='ocrx_word' id='word_1_106' title='bbox 1495 1139 1658 1216; x_wconf 79' lang='lat' dir='ltr'><strong>pastorem</strong></span> <span class='ocrx_word' id='word_1_107' title='bbox 1690 1141 1912 1216; x_wconf 84' lang='lat' dir='ltr'><strong>agnosoerent.</strong></span> <span class='ocrx_word' id='word_1_108' title='bbox 1962 1130 2030 1197; x_wconf 77' lang='lat' dir='ltr'><strong>Sed</strong></span> <span class='ocrx_word' id='word_1_109' title='bbox 2067 1151 2173 1196; x_wconf 90' lang='lat' dir='ltr'><strong>uuum</strong></span> <span class='ocrx_word' id='word_1_110' title='bbox 2199 1131 2283 1197; x_wconf 91' lang='lat' dir='ltr'><strong>illud</strong></span> 
     </span>
     <span class='ocr_line' id='line_1_10' title="bbox 284 1215 2283 1302; baseline -0.001 -17"><span class='ocrx_word' id='word_1_111' title='bbox 284 1220 463 1285; x_wconf 89' lang='lat' dir='ltr'><strong>Habebant</strong></span> <span class='ocrx_word' id='word_1_112' title='bbox 489 1221 577 1284; x_wconf 87' lang='lat' dir='ltr'><strong>enim</strong></span> <span class='ocrx_word' id='word_1_113' title='bbox 604 1219 652 1283; x_wconf 93' lang='lat' dir='ltr'><strong>illi</strong></span> <span class='ocrx_word' id='word_1_114' title='bbox 680 1218 770 1284; x_wconf 91' lang='lat' dir='ltr'><strong>huno</strong></span> <span class='ocrx_word' id='word_1_115' title='bbox 795 1220 903 1302; x_wconf 93' lang='lat' dir='ltr'><strong>ipsum</strong></span> <span class='ocrx_word' id='word_1_116' title='bbox 931 1239 1028 1302; x_wconf 91' lang='lat' dir='ltr'><strong>quem</strong></span> <span class='ocrx_word' id='word_1_117' title='bbox 1056 1219 1153 1302; x_wconf 89' lang='lat' dir='ltr'><strong>paulo</strong></span> <span class='ocrx_word' id='word_1_118' title='bbox 1181 1227 1257 1283; x_wconf 87' lang='lat' dir='ltr'><strong>aute</strong></span> <span class='ocrx_word' id='word_1_119' title='bbox 1332 1219 1449 1301; x_wconf 92' lang='lat' dir='ltr'><strong>enique</strong></span> <span class='ocrx_word' id='word_1_120' title='bbox 1470 1217 1597 1283; x_wconf 90' lang='lat' dir='ltr'><strong>obstitit</strong></span> <span class='ocrx_word' id='word_1_121' title='bbox 1638 1215 1704 1282; x_wconf 92' lang='lat' dir='ltr'><strong>uod</strong></span> <span class='ocrx_word' id='word_1_122' title='bbox 1722 1217 1927 1300; x_wconf 89' lang='lat' dir='ltr'><strong>postularent</strong></span> <span class='ocrx_word' id='word_1_123' title='bbox 1947 1217 2069 1300; x_wconf 89' lang='lat' dir='ltr'><strong>aliquot</strong></span> <span class='ocrx_word' id='word_1_124' title='bbox 2085 1239 2126 1282; x_wconf 91' lang='lat' dir='ltr'><strong>ex</strong></span> <span class='ocrx_word' id='word_1_125' title='bbox 2144 1218 2283 1283; x_wconf 85' lang='lat' dir='ltr'><strong>adversa</strong></span> 
     </span>
     <span class='ocr_line' id='line_1_11' title="bbox 285 1239 2281 1389; baseline -0.001 -18"><span class='ocrx_word' id='word_1_126' title='bbox 285 1305 543 1389; x_wconf 78' lang='lat' dir='ltr'><strong>signifioavimus</strong></span> <span class='ocrx_word' id='word_1_127' title='bbox 560 1325 693 1387; x_wconf 91' lang='lat' dir='ltr'><strong>prorsus</strong></span> <span class='ocrx_word' id='word_1_128' title='bbox 710 1305 931 1387; x_wconf 85' lang='lat' dir='ltr'><strong>impulsorem,</strong></span> <span class='ocrx_word' id='word_1_129' title='bbox 954 1303 1075 1368; x_wconf 88' lang='lat' dir='ltr'><strong>nedum</strong></span> <span class='ocrx_word' id='word_1_130' title='bbox 1085 1306 1256 1383; x_wconf 87' lang='lat' dir='ltr'><strong>fautorem,</strong></span> <span class='ocrx_word' id='word_1_131' title='bbox 1308 1312 1401 1387; x_wconf 87' lang='lat' dir='ltr'><strong>parte</strong></span> <span class='ocrx_word' id='word_1_132' title='bbox 1423 1315 1461 1368; x_wconf 92' lang='grc'><strong>61</strong></span> <span class='ocrx_word' id='word_1_133' title='bbox 1482 1239 1784 1369; x_wconf 62' lang='lat' dir='ltr'><strong>tunsionibusque</strong></span> <span class='ocrx_word' id='word_1_134' title='bbox 1805 1303 1964 1368; x_wconf 87' lang='lat' dir='ltr'><strong>interesse</strong></span> <span class='ocrx_word' id='word_1_135' title='bbox 1984 1323 2051 1367; x_wconf 91' lang='lat' dir='ltr'><strong>non</strong></span> <span class='ocrx_word' id='word_1_136' title='bbox 2079 1311 2281 1388; x_wconf 76' lang='lat' dir='ltr'><strong>tegerentur</strong></span> 
     </span>
     <span class='ocr_line' id='line_1_12' title="bbox 286 1385 2283 1474; baseline -0.001 -18"><span class='ocrx_word' id='word_1_137' title='bbox 286 1393 342 1474; x_wconf 91' lang='lat' dir='ltr'><strong>qui</strong></span> <span class='ocrx_word' id='word_1_138' title='bbox 364 1399 398 1455; x_wconf 91' lang='grc'><strong>61</strong></span> <span class='ocrx_word' id='word_1_139' title='bbox 419 1391 554 1457; x_wconf 90' lang='lat' dir='ltr'><strong>oonsilio</strong></span> <span class='ocrx_word' id='word_1_140' title='bbox 580 1397 615 1454; x_wconf 92' lang='grc'><strong>61</strong></span> <span class='ocrx_word' id='word_1_141' title='bbox 640 1391 778 1456; x_wconf 88' lang='lat' dir='ltr'><strong>eaeteris</strong></span> <span class='ocrx_word' id='word_1_142' title='bbox 807 1389 958 1455; x_wconf 91' lang='lat' dir='ltr'><strong>omuibus</strong></span> <span class='ocrx_word' id='word_1_143' title='bbox 984 1389 1089 1456; x_wconf 90' lang='lat' dir='ltr'><strong>modis</strong></span> <span class='ocrx_word' id='word_1_144' title='bbox 1114 1390 1257 1454; x_wconf 90' lang='lat' dir='ltr'><strong>latenter</strong></span> <span class='ocrx_word' id='word_1_145' title='bbox 1309 1389 1519 1454; x_wconf 76' lang='lat' dir='ltr'><strong>Tenebantur</strong></span> <span class='ocrx_word' id='word_1_146' title='bbox 1541 1389 1630 1454; x_wconf 92' lang='lat' dir='ltr'><strong>enim</strong></span> <span class='ocrx_word' id='word_1_147' title='bbox 1651 1388 1807 1472; x_wconf 78' lang='lat' dir='ltr'><strong>religione</strong></span> <span class='ocrx_word' id='word_1_148' title='bbox 1828 1387 1870 1453; x_wconf 96' lang='lat' dir='ltr'><strong>ob</strong></span> <span class='ocrx_word' id='word_1_149' title='bbox 1891 1385 2052 1471; x_wconf 89' lang='lat' dir='ltr'><strong>quoddam</strong></span> <span class='ocrx_word' id='word_1_150' title='bbox 2070 1390 2283 1454; x_wconf 87' lang='lat' dir='ltr'><strong>temerarium</strong></span> 
     </span>
     <span class='ocr_line' id='line_1_13' title="bbox 286 1473 2282 1559; baseline -0.001 -18"><span class='ocrx_word' id='word_1_151' title='bbox 286 1476 470 1542; x_wconf 87' lang='lat' dir='ltr'><strong>adiuvabat.</strong></span> <span class='ocrx_word' id='word_1_152' title='bbox 515 1476 621 1540; x_wconf 90' lang='lat' dir='ltr'><strong>Nimis</strong></span> <span class='ocrx_word' id='word_1_153' title='bbox 649 1475 785 1559; x_wconf 85' lang='lat' dir='ltr'><strong>longum</strong></span> <span class='ocrx_word' id='word_1_154' title='bbox 813 1497 850 1541; x_wconf 90' lang='lat' dir='ltr'><strong>ao</strong></span> <span class='ocrx_word' id='word_1_155' title='bbox 879 1475 1009 1540; x_wconf 86' lang='lat' dir='ltr'><strong>diffieile</strong></span> <span class='ocrx_word' id='word_1_156' title='bbox 1035 1477 1120 1540; x_wconf 79' lang='lat' dir='ltr'><strong>foret</strong></span> <span class='ocrx_word' id='word_1_157' title='bbox 1143 1476 1256 1558; x_wconf 81' lang='lat' dir='ltr'><strong>singu-</strong></span> <span class='ocrx_word' id='word_1_158' title='bbox 1308 1495 1408 1556; x_wconf 91' lang='lat' dir='ltr'><strong>super</strong></span> <span class='ocrx_word' id='word_1_159' title='bbox 1429 1475 1491 1538; x_wconf 89' lang='lat' dir='ltr'><strong>hae</strong></span> <span class='ocrx_word' id='word_1_160' title='bbox 1512 1495 1548 1538; x_wconf 89' lang='lat' dir='ltr'><strong>ro</strong></span> <span class='ocrx_word' id='word_1_161' title='bbox 1569 1473 1811 1552; x_wconf 89' lang='lat' dir='ltr'><strong>iusiurandum,</strong></span> <span class='ocrx_word' id='word_1_162' title='bbox 1844 1495 1907 1556; x_wconf 92' lang='lat' dir='ltr'><strong>quo</strong></span> <span class='ocrx_word' id='word_1_163' title='bbox 1932 1473 2007 1538; x_wconf 39' lang='lat' dir='ltr'><strong>iam*</strong></span> <span class='ocrx_word' id='word_1_164' title='bbox 2027 1473 2104 1539; x_wconf 89' lang='lat' dir='ltr'><strong>iude</strong></span> <span class='ocrx_word' id='word_1_165' title='bbox 2126 1473 2166 1539; x_wconf 91' lang='lat' dir='ltr'><strong>ab</strong></span> <span class='ocrx_word' id='word_1_166' title='bbox 2188 1475 2282 1540; x_wconf 88' lang='lat' dir='ltr'><strong>initio</strong></span> 
     </span>
     <span class='ocr_line' id='line_1_14' title="bbox 284 1557 2282 1643; baseline 0 -17"><span class='ocrx_word' id='word_1_167' title='bbox 284 1561 377 1627; x_wconf 89' lang='lat' dir='ltr'><strong>latim</strong></span> <span class='ocrx_word' id='word_1_168' title='bbox 405 1562 526 1626; x_wconf 85' lang='lat' dir='ltr'><strong>referre</strong></span> <span class='ocrx_word' id='word_1_169' title='bbox 555 1558 633 1643; x_wconf 90' lang='lat' dir='ltr'><strong>quid</strong></span> <span class='ocrx_word' id='word_1_170' title='bbox 660 1561 768 1625; x_wconf 88' lang='lat' dir='ltr'><strong>moliti</strong></span> <span class='ocrx_word' id='word_1_171' title='bbox 796 1569 914 1639; x_wconf 89' lang='lat' dir='ltr'><strong>essent,</strong></span> <span class='ocrx_word' id='word_1_172' title='bbox 943 1581 1026 1642; x_wconf 89' lang='lat' dir='ltr'><strong>quae</strong></span> <span class='ocrx_word' id='word_1_173' title='bbox 1048 1561 1183 1626; x_wconf 91' lang='lat' dir='ltr'><strong>oonsilia</strong></span> <span class='ocrx_word' id='word_1_174' title='bbox 1204 1581 1256 1626; x_wconf 89' lang='lat' dir='ltr'><strong>oe-</strong></span> <span class='ocrx_word' id='word_1_175' title='bbox 1308 1557 1544 1626; x_wconf 90' lang='lat' dir='ltr'><strong>disoordiarum</strong></span> <span class='ocrx_word' id='word_1_176' title='bbox 1567 1579 1638 1624; x_wconf 88' lang='lat' dir='ltr'><strong>sese</strong></span> <span class='ocrx_word' id='word_1_177' title='bbox 1658 1559 1798 1624; x_wconf 84' lang='lat' dir='ltr'><strong>invioem</strong></span> <span class='ocrx_word' id='word_1_178' title='bbox 1821 1559 2072 1625; x_wconf 73' lang='lat' dir='ltr'><strong>obstrinxerant.</strong></span> <span class='ocrx_word' id='word_1_179' title='bbox 2106 1560 2189 1624; x_wconf 83' lang='lat' dir='ltr'><strong>llam</strong></span> <span class='ocrx_word' id='word_1_180' title='bbox 2202 1581 2282 1626; x_wconf 86' lang='lat' dir='ltr'><strong>vero</strong></span> 
     </span>
    </p>
   </div>
   <div class='ocr_carea' id='block_1_3' title="bbox 284 1643 2282 1730">
    <p class='ocr_par' dir='ltr' id='par_1_3' title="bbox 284 1643 2282 1730">
     <span class='ocr_line' id='line_1_15' title="bbox 284 1643 2282 1730; baseline -0.001 -18"><span class='ocrx_word' id='word_1_181' title='bbox 284 1648 418 1730; x_wconf 87' lang='lat' dir='ltr'><strong>pisseut,</strong></span> <span class='ocrx_word' id='word_1_182' title='bbox 441 1654 479 1710; x_wconf 90' lang='lat' dir='ltr'><strong>ut</strong></span> <span class='ocrx_word' id='word_1_183' title='bbox 500 1643 724 1728; x_wconf 84' lang='lat' dir='ltr'><strong>supradiotum</strong></span> <span class='ocrx_word' id='word_1_184' title='bbox 745 1646 826 1710; x_wconf 92' lang='lat' dir='ltr'><strong>illud</strong></span> <span class='ocrx_word' id='word_1_185' title='bbox 849 1653 983 1712; x_wconf 88' lang='lat' dir='ltr'><strong>senatus</strong></span> <span class='ocrx_word' id='word_1_186' title='bbox 1011 1646 1197 1712; x_wconf 90' lang='lat' dir='ltr'><strong>oonsultum</strong></span> <span class='ocrx_word' id='word_1_187' title='bbox 1216 1644 1256 1710; x_wconf 92' lang='lat' dir='ltr'><strong>de</strong></span> <span class='ocrx_word' id='word_1_188' title='bbox 1308 1643 1525 1710; x_wconf 89' lang='lat' dir='ltr'><strong>oonditionem</strong></span> <span class='ocrx_word' id='word_1_189' title='bbox 1546 1645 1717 1710; x_wconf 88' lang='lat' dir='ltr'><strong>admittere</strong></span> <span class='ocrx_word' id='word_1_190' title='bbox 1738 1646 1842 1710; x_wconf 90' lang='lat' dir='ltr'><strong>nostri</strong></span> <span class='ocrx_word' id='word_1_191' title='bbox 1857 1645 2165 1728; x_wconf 86' lang='lat' dir='ltr'><strong>planareousarunt.</strong></span> <span class='ocrx_word' id='word_1_192' title='bbox 2199 1647 2282 1711; x_wconf 82' lang='lat' dir='ltr'><strong>Erat</strong></span> 
     </span>
    </p>
   </div>
   <div class='ocr_carea' id='block_1_4' title="bbox 155 1729 2280 1815">
    <p class='ocr_par' dir='ltr' id='par_1_4' title="bbox 155 1729 2280 1815">
     <span class='ocr_line' id='line_1_16' title="bbox 155 1729 2280 1815; baseline -0 -19"><span class='ocrx_word' id='word_1_193' title='bbox 155 1775 159 1782; x_wconf 92' lang='lat'>-</span> <span class='ocrx_word' id='word_1_194' title='bbox 285 1731 411 1798; x_wconf 81' lang='lat' dir='ltr'><strong>Forello</strong></span> <span class='ocrx_word' id='word_1_195' title='bbox 439 1729 610 1796; x_wconf 91' lang='lat' dir='ltr'><strong>retinendo</strong></span> <span class='ocrx_word' id='word_1_196' title='bbox 635 1739 693 1796; x_wconf 91' lang='lat' dir='ltr'><strong>aut</strong></span> <span class='ocrx_word' id='word_1_197' title='bbox 721 1731 892 1796; x_wconf 88' lang='lat' dir='ltr'><strong>tolleretur</strong></span> <span class='ocrx_word' id='word_1_198' title='bbox 924 1733 1056 1815; x_wconf 90' lang='lat' dir='ltr'><strong>penitus</strong></span> <span class='ocrx_word' id='word_1_199' title='bbox 1083 1741 1141 1796; x_wconf 90' lang='lat' dir='ltr'><strong>aut</strong></span> <span class='ocrx_word' id='word_1_200' title='bbox 1170 1741 1257 1796; x_wconf 88' lang='lat' dir='ltr'><strong>oerte</strong></span> <span class='ocrx_word' id='word_1_201' title='bbox 1308 1730 1396 1795; x_wconf 92' lang='lat' dir='ltr'><strong>enim</strong></span> <span class='ocrx_word' id='word_1_202' title='bbox 1418 1741 1530 1796; x_wconf 90' lang='lat' dir='ltr'><strong>eontra</strong></span> <span class='ocrx_word' id='word_1_203' title='bbox 1549 1729 1650 1795; x_wconf 90' lang='lat' dir='ltr'><strong>bonos</strong></span> <span class='ocrx_word' id='word_1_204' title='bbox 1674 1749 1781 1794; x_wconf 89' lang='lat' dir='ltr'><strong>mores</strong></span> <span class='ocrx_word' id='word_1_205' title='bbox 1798 1739 1833 1795; x_wconf 90' lang='lat' dir='ltr'><strong>et</strong></span> <span class='ocrx_word' id='word_1_206' title='bbox 1849 1731 2061 1796; x_wconf 80' lang='lat' dir='ltr'><strong>christianam</strong></span> <span class='ocrx_word' id='word_1_207' title='bbox 2079 1729 2280 1815; x_wconf 82' lang='lat' dir='ltr'><strong>religionem,</strong></span> 
     </span>
    </p>
   </div>
   <div class='ocr_carea' id='block_1_5' title="bbox 278 1801 2284 4290">
    <p class='ocr_par' dir='ltr' id='par_1_5' title="bbox 282 1801 2281 2754">
     <span class='ocr_line' id='line_1_17' title="bbox 283 1801 2281 1902; baseline 0.001 -21"><span class='ocrx_word' id='word_1_208' title='bbox 283 1816 528 1900; x_wconf 84' lang='lat' dir='ltr'><strong>infringeretur.</strong></span> <span class='ocrx_word' id='word_1_209' title='bbox 562 1816 615 1880; x_wconf 87' lang='lat' dir='ltr'><strong>Ad</strong></span> <span class='ocrx_word' id='word_1_210' title='bbox 631 1815 786 1880; x_wconf 87' lang='lat' dir='ltr'><strong>ultimum</strong></span> <span class='ocrx_word' id='word_1_211' title='bbox 803 1825 912 1881; x_wconf 88' lang='lat' dir='ltr'><strong>tamen</strong></span> <span class='ocrx_word' id='word_1_212' title='bbox 931 1838 991 1882; x_wconf 90' lang='lat' dir='ltr'><strong>sua</strong></span> <span class='ocrx_word' id='word_1_213' title='bbox 1011 1817 1257 1898; x_wconf 83' lang='lat' dir='ltr'><strong>importunitate</strong></span> <span class='ocrx_word' id='word_1_214' title='bbox 1309 1816 1451 1898; x_wconf 89' lang='lat' dir='ltr'><strong>adeoque</strong></span> <span class='ocrx_word' id='word_1_215' title='bbox 1467 1815 1578 1880; x_wconf 86' lang='lat' dir='ltr'><strong>futura</strong></span> <span class='ocrx_word' id='word_1_216' title='bbox 1599 1801 1878 1898; x_wconf 74' lang='lat' dir='ltr'><strong>ridebatur-quasi</strong></span> <span class='ocrx_word' id='word_1_217' title='bbox 1900 1817 2110 1881; x_wconf 84' lang='lat' dir='ltr'><strong>seminarium</strong></span> <span class='ocrx_word' id='word_1_218' title='bbox 2135 1823 2169 1880; x_wconf 91' lang='lat' dir='ltr'><strong>et</strong></span> <span class='ocrx_word' id='word_1_219' title='bbox 2190 1817 2281 1902; x_wconf 84' lang='lat' dir='ltr'><strong>origo</strong></span> 
     </span>
     <span class='ocr_line' id='line_1_18' title="bbox 283 1899 2279 1985; baseline 0 -18"><span class='ocrx_word' id='word_1_220' title='bbox 283 1903 445 1967; x_wconf 88' lang='lat' dir='ltr'><strong>Dominos</strong></span> <span class='ocrx_word' id='word_1_221' title='bbox 473 1903 660 1967; x_wconf 84' lang='lat' dir='ltr'><strong>Beruenses</strong></span> <span class='ocrx_word' id='word_1_222' title='bbox 685 1902 903 1985; x_wconf 88' lang='lat' dir='ltr'><strong>perpulerunt</strong></span> <span class='ocrx_word' id='word_1_223' title='bbox 931 1909 969 1966; x_wconf 90' lang='lat' dir='ltr'><strong>ut</strong></span> <span class='ocrx_word' id='word_1_224' title='bbox 996 1902 1120 1985; x_wconf 81' lang='lat' dir='ltr'><strong>legatos</strong></span> <span class='ocrx_word' id='word_1_225' title='bbox 1141 1923 1257 1967; x_wconf 87' lang='lat' dir='ltr'><strong>rursus</strong></span> <span class='ocrx_word' id='word_1_226' title='bbox 1308 1901 1467 1984; x_wconf 91' lang='lat' dir='ltr'><strong>quaedam</strong></span> <span class='ocrx_word' id='word_1_227' title='bbox 1505 1899 1547 1965; x_wconf 92' lang='lat' dir='ltr'><strong>ad</strong></span> <span class='ocrx_word' id='word_1_228' title='bbox 1588 1921 1675 1966; x_wconf 88' lang='lat' dir='ltr'><strong>nova</strong></span> <span class='ocrx_word' id='word_1_229' title='bbox 1716 1901 1894 1966; x_wconf 87' lang='lat' dir='ltr'><strong>sohismata</strong></span> <span class='ocrx_word' id='word_1_230' title='bbox 1931 1921 2059 1984; x_wconf 86' lang='lat' dir='ltr'><strong>semper</strong></span> <span class='ocrx_word' id='word_1_231' title='bbox 2098 1902 2279 1968; x_wconf 77' lang='lat' dir='ltr'><strong>excitanda.</strong></span> 
     </span>
     <span class='ocr_line' id='line_1_19' title="bbox 284 1985 2280 2072; baseline 0.001 -20"><span class='ocrx_word' id='word_1_232' title='bbox 284 1986 404 2072; x_wconf 68' lang='grc'><strong>611668)</strong></span> <span class='ocrx_word' id='word_1_233' title='bbox 426 1988 604 2064; x_wconf 90' lang='lat' dir='ltr'><strong>mitterent,</strong></span> <span class='ocrx_word' id='word_1_234' title='bbox 627 1988 683 2069; x_wconf 94' lang='lat' dir='ltr'><strong>qui</strong></span> <span class='ocrx_word' id='word_1_235' title='bbox 705 1987 878 2071; x_wconf 84' lang='lat' dir='ltr'><strong>diligenter</strong></span> <span class='ocrx_word' id='word_1_236' title='bbox 913 1994 1144 2071; x_wconf 84' lang='lat' dir='ltr'><strong>eognosoerent</strong></span> <span class='ocrx_word' id='word_1_237' title='bbox 1170 1987 1257 2052; x_wconf 89' lang='lat' dir='ltr'><strong>unde</strong></span> <span class='ocrx_word' id='word_1_238' title='bbox 1309 1985 1455 2050; x_wconf 71' lang='lat' dir='ltr'><strong>Tandem</strong></span> <span class='ocrx_word' id='word_1_239' title='bbox 1477 1987 1588 2070; x_wconf 80' lang='lat' dir='ltr'><strong>igitur,</strong></span> <span class='ocrx_word' id='word_1_240' title='bbox 1610 1985 1883 2069; x_wconf 89' lang='lat' dir='ltr'><strong>quemadmodum</strong></span> <span class='ocrx_word' id='word_1_241' title='bbox 1912 2007 1932 2052; x_wconf 92' lang='lat' dir='ltr'><strong>a</strong></span> <span class='ocrx_word' id='word_1_242' title='bbox 1960 1987 2183 2052; x_wconf 91' lang='lat' dir='ltr'><strong>Bernonsibus</strong></span> <span class='ocrx_word' id='word_1_243' title='bbox 2205 2009 2280 2054; x_wconf 89' lang='lat' dir='ltr'><strong>oon·</strong></span> 
     </span>
     <span class='ocr_line' id='line_1_20' title="bbox 282 2071 2280 2159; baseline 0.001 -23"><span class='ocrx_word' id='word_1_244' title='bbox 282 2074 385 2138; x_wconf 89' lang='lat' dir='ltr'><strong>istaeo</strong></span> <span class='ocrx_word' id='word_1_245' title='bbox 406 2094 491 2138; x_wconf 85' lang='lat' dir='ltr'><strong>nova</strong></span> <span class='ocrx_word' id='word_1_246' title='bbox 508 2071 605 2136; x_wconf 87' lang='lat' dir='ltr'><strong>turba</strong></span> <span class='ocrx_word' id='word_1_247' title='bbox 620 2073 814 2152; x_wconf 78' lang='lat' dir='ltr'><strong>emersisset,</strong></span> <span class='ocrx_word' id='word_1_248' title='bbox 838 2072 954 2138; x_wconf 89' lang='lat' dir='ltr'><strong>deinde</strong></span> <span class='ocrx_word' id='word_1_249' title='bbox 975 2093 1091 2138; x_wconf 90' lang='lat' dir='ltr'><strong>oausas</strong></span> <span class='ocrx_word' id='word_1_250' title='bbox 1110 2073 1258 2156; x_wconf 75' lang='lat' dir='ltr'><strong>cognitas</strong></span> <span class='ocrx_word' id='word_1_251' title='bbox 1309 2072 1459 2136; x_wconf 91' lang='lat' dir='ltr'><strong>stitutum</strong></span> <span class='ocrx_word' id='word_1_252' title='bbox 1482 2071 1598 2151; x_wconf 83' lang='lat' dir='ltr'><strong>fuerat,</strong></span> <span class='ocrx_word' id='word_1_253' title='bbox 1620 2071 1662 2135; x_wconf 89' lang='lat' dir='ltr'><strong>ad</strong></span> <span class='ocrx_word' id='word_1_254' title='bbox 1684 2071 1794 2154; x_wconf 91' lang='lat' dir='ltr'><strong>populi</strong></span> <span class='ocrx_word' id='word_1_255' title='bbox 1813 2072 1970 2157; x_wconf 82' lang='lat' dir='ltr'><strong>suffragia</strong></span> <span class='ocrx_word' id='word_1_256' title='bbox 1987 2071 2165 2138; x_wconf 88' lang='lat' dir='ltr'><strong>deventum</strong></span> <span class='ocrx_word' id='word_1_257' title='bbox 2182 2081 2242 2139; x_wconf 89' lang='lat' dir='ltr'><strong>est.</strong></span> <span class='ocrx_word' id='word_1_258' title='bbox 2253 2071 2280 2159; x_wconf 81' lang='lat'><strong>⁹)</strong></span> 
     </span>
     <span class='ocr_line' id='line_1_21' title="bbox 284 2155 2279 2242; baseline 0 -19"><span class='ocrx_word' id='word_1_259' title='bbox 284 2159 412 2224; x_wconf 89' lang='lat' dir='ltr'><strong>senatui</strong></span> <span class='ocrx_word' id='word_1_260' title='bbox 440 2156 579 2222; x_wconf 86' lang='lat' dir='ltr'><strong>fideliter</strong></span> <span class='ocrx_word' id='word_1_261' title='bbox 610 2159 852 2223; x_wconf 89' lang='lat' dir='ltr'><strong>renunoiarent.</strong></span> <span class='ocrx_word' id='word_1_262' title='bbox 901 2159 1037 2242; x_wconf 80' lang='lat' dir='ltr'><strong>Legatis</strong></span> <span class='ocrx_word' id='word_1_263' title='bbox 1065 2159 1258 2240; x_wconf 83' lang='lat' dir='ltr'><strong>gravissime</strong></span> <span class='ocrx_word' id='word_1_264' title='bbox 1308 2157 1423 2222; x_wconf 88' lang='lat' dir='ltr'><strong>Nostri</strong></span> <span class='ocrx_word' id='word_1_265' title='bbox 1456 2158 1523 2222; x_wconf 85' lang='lat' dir='ltr'><strong>lere</strong></span> <span class='ocrx_word' id='word_1_266' title='bbox 1556 2155 1690 2222; x_wconf 91' lang='lat' dir='ltr'><strong>dimidia</strong></span> <span class='ocrx_word' id='word_1_267' title='bbox 1722 2179 1763 2221; x_wconf 82' lang='lat' dir='ltr'><strong>ex</strong></span> <span class='ocrx_word' id='word_1_268' title='bbox 1795 2167 1888 2240; x_wconf 87' lang='lat' dir='ltr'><strong>parte</strong></span> <span class='ocrx_word' id='word_1_269' title='bbox 1921 2160 2102 2240; x_wconf 90' lang='lat' dir='ltr'><strong>superiores</strong></span> <span class='ocrx_word' id='word_1_270' title='bbox 2138 2158 2279 2224; x_wconf 83' lang='lat' dir='ltr'><strong>fuerunt</strong></span> 
     </span>
     <span class='ocr_line' id='line_1_22' title="bbox 285 2241 2281 2326; baseline 0 -18"><span class='ocrx_word' id='word_1_271' title='bbox 285 2243 609 2325; x_wconf 82' lang='lat' dir='ltr'><strong>constantissimeque</strong></span> <span class='ocrx_word' id='word_1_272' title='bbox 646 2263 666 2307; x_wconf 89' lang='lat' dir='ltr'><strong>a</strong></span> <span class='ocrx_word' id='word_1_273' title='bbox 699 2251 811 2308; x_wconf 88' lang='lat' dir='ltr'><strong>nostra</strong></span> <span class='ocrx_word' id='word_1_274' title='bbox 847 2250 941 2326; x_wconf 90' lang='lat' dir='ltr'><strong>parte</strong></span> <span class='ocrx_word' id='word_1_275' title='bbox 973 2265 1165 2326; x_wconf 90' lang='lat' dir='ltr'><strong>responsum</strong></span> <span class='ocrx_word' id='word_1_276' title='bbox 1198 2252 1257 2321; x_wconf 90' lang='lat' dir='ltr'><strong>est,</strong></span> <span class='ocrx_word' id='word_1_277' title='bbox 1310 2241 1467 2309; x_wconf 85' lang='lat' dir='ltr'><strong>Oonfeota</strong></span> <span class='ocrx_word' id='word_1_278' title='bbox 1478 2241 1926 2325; x_wconf 88' lang='lat' dir='ltr'><strong>reaest(quodsoliDomino</strong></span> <span class='ocrx_word' id='word_1_279' title='bbox 1943 2253 2110 2326; x_wconf 79' lang='lat' dir='ltr'><strong>arreptum</strong></span> <span class='ocrx_word' id='word_1_280' title='bbox 2128 2243 2281 2310; x_wconf 78' lang='grc'><strong>1616666-</strong></span> 
     </span>
     <span class='ocr_line' id='line_1_23' title="bbox 284 2325 2280 2413; baseline 0 -19"><span class='ocrx_word' id='word_1_281' title='bbox 284 2347 489 2411; x_wconf 89' lang='lat' dir='ltr'><strong>nequaquam</strong></span> <span class='ocrx_word' id='word_1_282' title='bbox 511 2327 545 2391; x_wconf 93' lang='lat' dir='ltr'><strong>id</strong></span> <span class='ocrx_word' id='word_1_283' title='bbox 573 2328 714 2392; x_wconf 78' lang='lat' dir='ltr'><strong>rescindi</strong></span> <span class='ocrx_word' id='word_1_284' title='bbox 744 2336 893 2411; x_wconf 87' lang='lat' dir='ltr'><strong>oportere</strong></span> <span class='ocrx_word' id='word_1_285' title='bbox 913 2329 1000 2411; x_wconf 91' lang='lat' dir='ltr'><strong>qnod</strong></span> <span class='ocrx_word' id='word_1_286' title='bbox 1024 2350 1043 2393; x_wconf 93' lang='lat' dir='ltr'><strong>a</strong></span> <span class='ocrx_word' id='word_1_287' title='bbox 1063 2337 1179 2393; x_wconf 90' lang='lat' dir='ltr'><strong>senatu</strong></span> <span class='ocrx_word' id='word_1_288' title='bbox 1200 2351 1257 2412; x_wconf 94' lang='lat' dir='ltr'><strong>po-</strong></span> <span class='ocrx_word' id='word_1_289' title='bbox 1308 2329 1438 2406; x_wconf 90' lang='lat' dir='ltr'><strong>bemus)</strong></span> <span class='ocrx_word' id='word_1_290' title='bbox 1455 2326 1536 2392; x_wconf 87' lang='lat' dir='ltr'><strong>adeo</strong></span> <span class='ocrx_word' id='word_1_291' title='bbox 1547 2325 1651 2405; x_wconf 86' lang='lat' dir='ltr'><strong>faoile,</strong></span> <span class='ocrx_word' id='word_1_292' title='bbox 1669 2328 1749 2394; x_wconf 90' lang='lat' dir='ltr'><strong>adeo</strong></span> <span class='ocrx_word' id='word_1_293' title='bbox 1761 2330 1894 2412; x_wconf 86' lang='lat' dir='ltr'><strong>paoifioe</strong></span> <span class='ocrx_word' id='word_1_294' title='bbox 1906 2328 2019 2392; x_wconf 93' lang='lat' dir='ltr'><strong>utiam</strong></span> <span class='ocrx_word' id='word_1_295' title='bbox 2030 2349 2096 2393; x_wconf 93' lang='lat' dir='ltr'><strong>non</strong></span> <span class='ocrx_word' id='word_1_296' title='bbox 2108 2337 2280 2413; x_wconf 86' lang='lat' dir='ltr'><strong>appareret</strong></span> 
     </span>
     <span class='ocr_line' id='line_1_24' title="bbox 284 2412 2280 2498; baseline 0.001 -20"><span class='ocrx_word' id='word_1_297' title='bbox 284 2415 423 2497; x_wconf 85' lang='lat' dir='ltr'><strong>poloque</strong></span> <span class='ocrx_word' id='word_1_298' title='bbox 459 2414 673 2479; x_wconf 83' lang='lat' dir='ltr'><strong>Neoeomensi</strong></span> <span class='ocrx_word' id='word_1_299' title='bbox 711 2412 856 2498; x_wconf 80' lang='lat' dir='ltr'><strong>legitime</strong></span> <span class='ocrx_word' id='word_1_300' title='bbox 894 2422 1069 2480; x_wconf 83' lang='lat' dir='ltr'><strong>oonvooato</strong></span> <span class='ocrx_word' id='word_1_301' title='bbox 1108 2414 1257 2498; x_wconf 86' lang='lat' dir='ltr'><strong>proxime</strong></span> <span class='ocrx_word' id='word_1_302' title='bbox 1308 2414 1413 2478; x_wconf 90' lang='lat' dir='ltr'><strong>ullum</strong></span> <span class='ocrx_word' id='word_1_303' title='bbox 1443 2433 1587 2497; x_wconf 90' lang='lat' dir='ltr'><strong>unquam</strong></span> <span class='ocrx_word' id='word_1_304' title='bbox 1615 2412 1786 2479; x_wconf 92' lang='lat' dir='ltr'><strong>dissidium</strong></span> <span class='ocrx_word' id='word_1_305' title='bbox 1814 2415 2041 2480; x_wconf 84' lang='lat' dir='ltr'><strong>intervenisse.</strong></span> <span class='ocrx_word' id='word_1_306' title='bbox 2086 2414 2178 2481; x_wconf 89' lang='lat' dir='ltr'><strong>Haeo</strong></span> <span class='ocrx_word' id='word_1_307' title='bbox 2200 2415 2280 2493; x_wconf 89' lang='lat' dir='ltr'><strong>ideo,</strong></span> 
     </span>
     <span class='ocr_line' id='line_1_25' title="bbox 284 2497 2281 2584; baseline 0.001 -21"><span class='ocrx_word' id='word_1_308' title='bbox 284 2507 487 2565; x_wconf 77' lang='lat' dir='ltr'><strong>transactum</strong></span> <span class='ocrx_word' id='word_1_309' title='bbox 520 2507 621 2564; x_wconf 90' lang='lat' dir='ltr'><strong>esset:</strong></span> <span class='ocrx_word' id='word_1_310' title='bbox 653 2497 737 2562; x_wconf 91' lang='lat' dir='ltr'><strong>nihil</strong></span> <span class='ocrx_word' id='word_1_311' title='bbox 769 2498 822 2564; x_wconf 92' lang='lat' dir='ltr'><strong>hio</strong></span> <span class='ocrx_word' id='word_1_312' title='bbox 854 2519 914 2565; x_wconf 90' lang='lat' dir='ltr'><strong>nee</strong></span> <span class='ocrx_word' id='word_1_313' title='bbox 947 2498 1020 2564; x_wconf 93' lang='lat' dir='ltr'><strong>dolo</strong></span> <span class='ocrx_word' id='word_1_314' title='bbox 1049 2519 1109 2566; x_wconf 89' lang='lat' dir='ltr'><strong>neo</strong></span> <span class='ocrx_word' id='word_1_315' title='bbox 1136 2501 1172 2566; x_wconf 83' lang='lat' dir='ltr'><strong>vi</strong></span> <span class='ocrx_word' id='word_1_316' title='bbox 1198 2521 1258 2565; x_wconf 91' lang='lat' dir='ltr'><strong>neo</strong></span> <span class='ocrx_word' id='word_1_317' title='bbox 1308 2498 1427 2564; x_wconf 85' lang='lat' dir='ltr'><strong>fratrea</strong></span> <span class='ocrx_word' id='word_1_318' title='bbox 1449 2499 1572 2582; x_wconf 88' lang='lat' dir='ltr'><strong>optimi,</strong></span> <span class='ocrx_word' id='word_1_319' title='bbox 1596 2498 1745 2581; x_wconf 89' lang='lat' dir='ltr'><strong>pluribus</strong></span> <span class='ocrx_word' id='word_1_320' title='bbox 1766 2500 1875 2566; x_wconf 86' lang='lat' dir='ltr'><strong>verbis</strong></span> <span class='ocrx_word' id='word_1_321' title='bbox 1897 2499 2117 2582; x_wconf 83' lang='lat' dir='ltr'><strong>exposuimus,</strong></span> <span class='ocrx_word' id='word_1_322' title='bbox 2139 2521 2182 2565; x_wconf 93' lang='lat' dir='ltr'><strong>ne</strong></span> <span class='ocrx_word' id='word_1_323' title='bbox 2204 2499 2281 2584; x_wconf 91' lang='lat' dir='ltr'><strong>quid</strong></span> 
     </span>
     <span class='ocr_line' id='line_1_26' title="bbox 285 2584 2280 2670; baseline 0.001 -20"><span class='ocrx_word' id='word_1_324' title='bbox 285 2584 369 2651; x_wconf 88' lang='lat' dir='ltr'><strong>olam</strong></span> <span class='ocrx_word' id='word_1_325' title='bbox 398 2591 506 2648; x_wconf 85' lang='lat' dir='ltr'><strong>aetum</strong></span> <span class='ocrx_word' id='word_1_326' title='bbox 534 2584 651 2649; x_wconf 86' lang='lat' dir='ltr'><strong>fuisse:</strong></span> <span class='ocrx_word' id='word_1_327' title='bbox 679 2585 790 2666; x_wconf 88' lang='lat' dir='ltr'><strong>itaque</strong></span> <span class='ocrx_word' id='word_1_328' title='bbox 819 2593 976 2667; x_wconf 89' lang='lat' dir='ltr'><strong>perpetuo</strong></span> <span class='ocrx_word' id='word_1_329' title='bbox 1004 2585 1157 2651; x_wconf 91' lang='lat' dir='ltr'><strong>standum</strong></span> <span class='ocrx_word' id='word_1_330' title='bbox 1187 2605 1277 2652; x_wconf 87' lang='lat' dir='ltr'><strong>esse·</strong></span> <span class='ocrx_word' id='word_1_331' title='bbox 1308 2584 1475 2650; x_wconf 89' lang='lat' dir='ltr'><strong>molestiae</strong></span> <span class='ocrx_word' id='word_1_332' title='bbox 1508 2585 1601 2652; x_wconf 81' lang='lat' dir='ltr'><strong>vobis</strong></span> <span class='ocrx_word' id='word_1_333' title='bbox 1638 2585 1770 2650; x_wconf 85' lang='lat' dir='ltr'><strong>afferret</strong></span> <span class='ocrx_word' id='word_1_334' title='bbox 1807 2587 1877 2650; x_wconf 89' lang='lat' dir='ltr'><strong>eius</strong></span> <span class='ocrx_word' id='word_1_335' title='bbox 1915 2585 2072 2651; x_wconf 86' lang='lat' dir='ltr'><strong>historiae</strong></span> <span class='ocrx_word' id='word_1_336' title='bbox 2110 2587 2280 2670; x_wconf 83' lang='lat' dir='ltr'><strong>ignoratio.</strong></span> 
     </span>
     <span class='ocr_line' id='line_1_27' title="bbox 283 2668 1735 2754; baseline -0.001 -20"><span class='ocrx_word' id='word_1_337' title='bbox 283 2671 325 2734; x_wconf 88' lang='lat' dir='ltr'><strong>iis</strong></span> <span class='ocrx_word' id='word_1_338' title='bbox 346 2669 450 2735; x_wconf 88' lang='lat' dir='ltr'><strong>literis</strong></span> <span class='ocrx_word' id='word_1_339' title='bbox 472 2688 554 2751; x_wconf 91' lang='lat' dir='ltr'><strong>quae</strong></span> <span class='ocrx_word' id='word_1_340' title='bbox 576 2689 680 2751; x_wconf 91' lang='lat' dir='ltr'><strong>nuper</strong></span> <span class='ocrx_word' id='word_1_341' title='bbox 701 2669 742 2733; x_wconf 92' lang='lat' dir='ltr'><strong>ad</strong></span> <span class='ocrx_word' id='word_1_342' title='bbox 764 2668 841 2734; x_wconf 93' lang='lat' dir='ltr'><strong>DD.</strong></span> <span class='ocrx_word' id='word_1_343' title='bbox 859 2671 1045 2750; x_wconf 89' lang='lat' dir='ltr'><strong>Beruenses</strong></span> <span class='ocrx_word' id='word_1_344' title='bbox 1066 2669 1194 2754; x_wconf 87' lang='lat' dir='ltr'><strong>publioe</strong></span> <span class='ocrx_word' id='word_1_345' title='bbox 1216 2692 1258 2736; x_wconf 84' lang='lat' dir='ltr'><strong>ex</strong></span> <span class='ocrx_word' id='word_1_346' title='bbox 1310 2669 1357 2716; x_wconf 76' lang='grc'><strong>-’</strong></span> <span class='ocrx_word' id='word_1_347' title='bbox 1374 2705 1415 2733; x_wconf 91' lang='grc'><strong>-.-</strong></span> <span class='ocrx_word' id='word_1_348' title='bbox 1438 2706 1735 2719; x_wconf 75' lang='grc'>-----</span> 
     </span>
    </p>

    <p class='ocr_par' dir='ltr' id='par_1_6' title="bbox 285 2753 1812 2838">
     <span class='ocr_line' id='line_1_28' title="bbox 285 2753 1812 2838; baseline -0.002 -17"><span class='ocrx_word' id='word_1_349' title='bbox 285 2763 419 2824; x_wconf 83' lang='grc'><strong>6666166</strong></span> <span class='ocrx_word' id='word_1_350' title='bbox 439 2753 587 2820; x_wconf 91' lang='lat' dir='ltr'><strong>oonsulto</strong></span> <span class='ocrx_word' id='word_1_351' title='bbox 609 2754 727 2820; x_wconf 79' lang='lat' dir='ltr'><strong>missae</strong></span> <span class='ocrx_word' id='word_1_352' title='bbox 748 2755 891 2835; x_wconf 87' lang='lat' dir='ltr'><strong>fuerant,</strong></span> <span class='ocrx_word' id='word_1_353' title='bbox 918 2756 1037 2838; x_wconf 93' lang='lat' dir='ltr'><strong>quibus</strong></span> <span class='ocrx_word' id='word_1_354' title='bbox 1059 2756 1155 2822; x_wconf 91' lang='lat' dir='ltr'><strong>rebus</strong></span> <span class='ocrx_word' id='word_1_355' title='bbox 1178 2757 1258 2822; x_wconf 88' lang='lat' dir='ltr'><strong>satis</strong></span> <span class='ocrx_word' id='word_1_356' title='bbox 1461 2805 1467 2819; x_wconf 95' lang='lat'><strong>.</strong></span> <span class='ocrx_word' id='word_1_357' title='bbox 1617 2805 1623 2820; x_wconf 95' lang='lat'><strong>.</strong></span> <span class='ocrx_word' id='word_1_358' title='bbox 1771 2805 1777 2819; x_wconf 94' lang='lat'><strong>.</strong></span> <span class='ocrx_word' id='word_1_359' title='bbox 1806 2806 1812 2818; x_wconf 94' lang='lat'><strong>.</strong></span> 
     </span>
    </p>

    <p class='ocr_par' dir='ltr' id='par_1_7' title="bbox 285 2803 2284 3608">
     <span class='ocr_line' id='line_1_29' title="bbox 285 2803 2281 2959; baseline -0.001 -52"><span class='ocrx_word' id='word_1_360' title='bbox 285 2846 452 2907; x_wconf 89' lang='lat' dir='ltr'><strong>oonstaret</strong></span> <span class='ocrx_word' id='word_1_361' title='bbox 490 2847 662 2938; x_wconf 82' lang='lat' dir='ltr'><strong>ratumque</strong></span> <span class='ocrx_word' id='word_1_362' title='bbox 698 2859 769 2905; x_wconf 88' lang='lat' dir='ltr'><strong>esse</strong></span> <span class='ocrx_word' id='word_1_363' title='bbox 808 2848 986 2924; x_wconf 86' lang='lat' dir='ltr'><strong>oporteret,</strong></span> <span class='ocrx_word' id='word_1_364' title='bbox 1021 2841 1185 2907; x_wconf 76' lang='lat' dir='ltr'><strong>Farellom</strong></span> <span class='ocrx_word' id='word_1_365' title='bbox 1217 2863 1259 2907; x_wconf 86' lang='lat' dir='ltr'><strong>ex</strong></span> <span class='ocrx_word' id='word_1_366' title='bbox 1309 2891 1362 2958; x_wconf 69' lang='lat' dir='ltr'><strong>VI</strong></span> <span class='ocrx_word' id='word_1_367' title='bbox 1383 2805 1546 2959; x_wconf 37' lang='lat' dir='ltr'><strong>&amp;fingam</strong></span> <span class='ocrx_word' id='word_1_368' title='bbox 1570 2803 1703 2956; x_wconf 35' lang='lat' dir='ltr'><strong>{fldem</strong></span> <span class='ocrx_word' id='word_1_369' title='bbox 1725 2803 1838 2956; x_wconf 54' lang='lat' dir='ltr'><strong>Pffl}</strong></span> <span class='ocrx_word' id='word_1_370' title='bbox 1861 2803 1931 2872; x_wconf 71' lang='lat'>0⁰⁴¹·</span> <span class='ocrx_word' id='word_1_371' title='bbox 1958 2807 2058 2872; x_wconf 56' lang='lat' dir='ltr'>Mart*</span> <span class='ocrx_word' id='word_1_372' title='bbox 2086 2805 2182 2874; x_wconf 54' lang='lat' dir='ltr'><strong>datm</strong></span> <span class='ocrx_word' id='word_1_373' title='bbox 2204 2828 2281 2874; x_wconf 57' lang='lat'>&#39;⁰¹¹⁰</span> 
     </span>
     <span class='ocr_line' id='line_1_30' title="bbox 285 2911 1848 3008; baseline 0.001 -16"><span class='ocrx_word' id='word_1_374' title='bbox 285 2947 445 2992; x_wconf 91' lang='lat' dir='ltr'><strong>oonsensu</strong></span> <span class='ocrx_word' id='word_1_375' title='bbox 465 2924 595 3008; x_wconf 90' lang='lat' dir='ltr'><strong>puhhoo</strong></span> <span class='ocrx_word' id='word_1_376' title='bbox 617 2931 780 2990; x_wconf 90' lang='lat' dir='ltr'><strong>retentum</strong></span> <span class='ocrx_word' id='word_1_377' title='bbox 807 2935 840 2991; x_wconf 91' lang='lat' dir='ltr'><strong>et</strong></span> <span class='ocrx_word' id='word_1_378' title='bbox 867 2929 1098 2992; x_wconf 76' lang='lat' dir='ltr'><strong>confirmatum</strong></span> <span class='ocrx_word' id='word_1_379' title='bbox 1126 2929 1259 2992; x_wconf 84' lang='grc'><strong>666616</strong></span> <span class='ocrx_word' id='word_1_380' title='bbox 1446 2941 1453 2957; x_wconf 90' lang='lat'><strong>·</strong></span> <span class='ocrx_word' id='word_1_381' title='bbox 1507 2912 1556 2975; x_wconf 63' lang='lat' dir='ltr'><strong>pr·</strong></span> <span class='ocrx_word' id='word_1_382' title='bbox 1612 2911 1735 2957; x_wconf 76' lang='lat' dir='ltr'><strong>⁰⁰⁰⁰m¹</strong></span> <span class='ocrx_word' id='word_1_383' title='bbox 1841 2941 1848 2956; x_wconf 89' lang='lat'><strong>·</strong></span> 
     </span>
     <span class='ocr_line' id='line_1_31' title="bbox 285 3009 1259 3094; baseline 0.003 -18"><span class='ocrx_word' id='word_1_384' title='bbox 285 3009 565 3076; x_wconf 88' lang='lat' dir='ltr'><strong>administratione</strong></span> <span class='ocrx_word' id='word_1_385' title='bbox 590 3009 693 3094; x_wconf 91' lang='lat' dir='ltr'><strong>ipsius</strong></span> <span class='ocrx_word' id='word_1_386' title='bbox 720 3011 949 3090; x_wconf 91' lang='lat' dir='ltr'><strong>Neoeomensis</strong></span> <span class='ocrx_word' id='word_1_387' title='bbox 975 3011 1138 3079; x_wconf 89' lang='lat' dir='ltr'><strong>eoelesiae.</strong></span> <span class='ocrx_word' id='word_1_388' title='bbox 1182 3013 1259 3080; x_wconf 89' lang='lat' dir='ltr'><strong>Hue</strong></span> 
     </span>
     <span class='ocr_line' id='line_1_32' title="bbox 286 3093 2284 3179; baseline 0.001 -18"><span class='ocrx_word' id='word_1_389' title='bbox 286 3095 483 3162; x_wconf 87' lang='lat' dir='ltr'><strong>addiderunt</strong></span> <span class='ocrx_word' id='word_1_390' title='bbox 510 3115 580 3160; x_wconf 88' lang='grc'><strong>6666</strong></span> <span class='ocrx_word' id='word_1_391' title='bbox 607 3097 752 3160; x_wconf 87' lang='lat' dir='ltr'><strong>animam</strong></span> <span class='ocrx_word' id='word_1_392' title='bbox 780 3103 814 3161; x_wconf 90' lang='lat' dir='ltr'><strong>et</strong></span> <span class='ocrx_word' id='word_1_393' title='bbox 842 3093 997 3179; x_wconf 90' lang='lat' dir='ltr'><strong>quidquid</strong></span> <span class='ocrx_word' id='word_1_394' title='bbox 1018 3098 1181 3163; x_wconf 92' lang='lat' dir='ltr'><strong>Dominus</strong></span> <span class='ocrx_word' id='word_1_395' title='bbox 1203 3098 1259 3164; x_wconf 91' lang='lat' dir='ltr'><strong>de·</strong></span> <span class='ocrx_word' id='word_1_396' title='bbox 1718 3095 1831 3161; x_wconf 85' lang='lat' dir='ltr'><strong>Vestri</strong></span> <span class='ocrx_word' id='word_1_397' title='bbox 1852 3095 1993 3161; x_wconf 88' lang='lat' dir='ltr'><strong>nominis</strong></span> <span class='ocrx_word' id='word_1_398' title='bbox 2013 3096 2234 3162; x_wconf 85' lang='lat' dir='ltr'><strong>amantissimi</strong></span> <span class='ocrx_word' id='word_1_399' title='bbox 2251 3105 2284 3163; x_wconf 86' lang='lat' dir='ltr'><strong>et</strong></span> 
     </span>
     <span class='ocr_line' id='line_1_33' title="bbox 285 3179 2282 3266; baseline 0.001 -19"><span class='ocrx_word' id='word_1_400' title='bbox 285 3181 388 3247; x_wconf 88' lang='lat' dir='ltr'><strong>disset</strong></span> <span class='ocrx_word' id='word_1_401' title='bbox 431 3182 515 3247; x_wconf 91' lang='lat' dir='ltr'><strong>otius</strong></span> <span class='ocrx_word' id='word_1_402' title='bbox 535 3181 707 3248; x_wconf 79' lang='lat' dir='ltr'><strong>relicturos</strong></span> <span class='ocrx_word' id='word_1_403' title='bbox 728 3201 828 3264; x_wconf 88' lang='lat' dir='ltr'><strong>qnam</strong></span> <span class='ocrx_word' id='word_1_404' title='bbox 849 3203 1002 3265; x_wconf 87' lang='lat' dir='ltr'><strong>passuros</strong></span> <span class='ocrx_word' id='word_1_405' title='bbox 1023 3203 1094 3248; x_wconf 88' lang='lat' dir='ltr'><strong>esse</strong></span> <span class='ocrx_word' id='word_1_406' title='bbox 1112 3191 1149 3248; x_wconf 92' lang='lat' dir='ltr'><strong>ut</strong></span> <span class='ocrx_word' id='word_1_407' title='bbox 1159 3203 1258 3249; x_wconf 88' lang='lat' dir='ltr'><strong>evan·</strong></span> <span class='ocrx_word' id='word_1_408' title='bbox 1669 3179 1711 3246; x_wconf 92' lang='lat' dir='ltr'><strong>ad</strong></span> <span class='ocrx_word' id='word_1_409' title='bbox 1743 3200 1839 3246; x_wconf 87' lang='lat' dir='ltr'><strong>omne</strong></span> <span class='ocrx_word' id='word_1_410' title='bbox 1865 3181 1900 3245; x_wconf 93' lang='lat' dir='ltr'><strong>in</strong></span> <span class='ocrx_word' id='word_1_411' title='bbox 1932 3201 1990 3248; x_wconf 84' lang='lat' dir='ltr'><strong>vos</strong></span> <span class='ocrx_word' id='word_1_412' title='bbox 2015 3181 2158 3247; x_wconf 89' lang='lat' dir='ltr'><strong>offioium</strong></span> <span class='ocrx_word' id='word_1_413' title='bbox 2188 3203 2282 3266; x_wconf 87' lang='lat' dir='ltr'><strong>para·</strong></span> 
     </span>
     <span class='ocr_line' id='line_1_34' title="bbox 286 3266 2283 3352; baseline 0.002 -21"><span class='ocrx_word' id='word_1_414' title='bbox 286 3267 370 3352; x_wconf 83' lang='lat' dir='ltr'><strong>gelio</strong></span> <span class='ocrx_word' id='word_1_415' title='bbox 423 3266 520 3332; x_wconf 89' lang='lat' dir='ltr'><strong>hristi</strong></span> <span class='ocrx_word' id='word_1_416' title='bbox 541 3275 575 3331; x_wconf 92' lang='lat' dir='ltr'><strong>et</strong></span> <span class='ocrx_word' id='word_1_417' title='bbox 595 3267 755 3334; x_wconf 85' lang='lat' dir='ltr'><strong>ministris</strong></span> <span class='ocrx_word' id='word_1_418' title='bbox 772 3269 843 3332; x_wconf 90' lang='lat' dir='ltr'><strong>eius</strong></span> <span class='ocrx_word' id='word_1_419' title='bbox 860 3275 953 3332; x_wconf 86' lang='lat' dir='ltr'><strong>tanta</strong></span> <span class='ocrx_word' id='word_1_420' title='bbox 972 3268 1165 3351; x_wconf 84' lang='lat' dir='ltr'><strong>ignominia,</strong></span> <span class='ocrx_word' id='word_1_421' title='bbox 1190 3276 1259 3333; x_wconf 93' lang='lat' dir='ltr'><strong>tam</strong></span> <span class='ocrx_word' id='word_1_422' title='bbox 1667 3266 1787 3332; x_wconf 86' lang='lat' dir='ltr'><strong>tissimi</strong></span> <span class='ocrx_word' id='word_1_423' title='bbox 1814 3267 1932 3332; x_wconf 76' lang='lat' dir='ltr'><strong>fratres</strong></span> <span class='ocrx_word' id='word_1_424' title='bbox 1960 3268 2061 3332; x_wconf 81' lang='lat' dir='ltr'><strong>vestri</strong></span> <span class='ocrx_word' id='word_1_425' title='bbox 2081 3267 2116 3331; x_wconf 92' lang='lat' dir='ltr'><strong>in</strong></span> <span class='ocrx_word' id='word_1_426' title='bbox 2139 3268 2283 3334; x_wconf 89' lang='lat' dir='ltr'><strong>Domino</strong></span> 
     </span>
     <span class='ocr_line' id='line_1_35' title="bbox 286 3352 2283 3438; baseline 0.001 -20"><span class='ocrx_word' id='word_1_427' title='bbox 286 3359 383 3418; x_wconf 85' lang='lat' dir='ltr'><strong>atrox</strong></span> <span class='ocrx_word' id='word_1_428' title='bbox 409 3352 606 3418; x_wconf 83' lang='lat' dir='ltr'><strong>contumelia</strong></span> <span class='ocrx_word' id='word_1_429' title='bbox 632 3353 734 3418; x_wconf 88' lang='lat' dir='ltr'><strong>fieret.</strong></span> <span class='ocrx_word' id='word_1_430' title='bbox 786 3353 911 3417; x_wconf 78' lang='lat' dir='ltr'><strong>Contra</strong></span> <span class='ocrx_word' id='word_1_431' title='bbox 938 3373 1016 3418; x_wconf 87' lang='lat' dir='ltr'><strong>vero</strong></span> <span class='ocrx_word' id='word_1_432' title='bbox 1040 3373 1117 3436; x_wconf 88' lang='lat' dir='ltr'><strong>pars</strong></span> <span class='ocrx_word' id='word_1_433' title='bbox 1145 3353 1258 3432; x_wconf 89' lang='lat' dir='ltr'><strong>altera,</strong></span> <span class='ocrx_word' id='word_1_434' title='bbox 1667 3371 1706 3417; x_wconf 89' lang='lat' dir='ltr'><strong>ao</strong></span> <span class='ocrx_word' id='word_1_435' title='bbox 1727 3371 1834 3438; x_wconf 85' lang='lat' dir='ltr'><strong>symm</strong></span> <span class='ocrx_word' id='word_1_436' title='bbox 1858 3357 1927 3417; x_wconf 91' lang='lat' dir='ltr'><strong>stae</strong></span> <span class='ocrx_word' id='word_1_437' title='bbox 1944 3353 2098 3419; x_wconf 88' lang='lat' dir='ltr'><strong>Deoanus</strong></span> <span class='ocrx_word' id='word_1_438' title='bbox 2113 3353 2283 3420; x_wconf 88' lang='lat' dir='ltr'><strong>aooaeteri</strong></span> 
     </span>
     <span class='ocr_line' id='line_1_36' title="bbox 285 3436 2284 3521; baseline 0.001 -18"><span class='ocrx_word' id='word_1_439' title='bbox 285 3459 388 3521; x_wconf 89' lang='lat' dir='ltr'><strong>quum</strong></span> <span class='ocrx_word' id='word_1_440' title='bbox 409 3438 476 3504; x_wconf 89' lang='lat' dir='ltr'><strong>iam</strong></span> <span class='ocrx_word' id='word_1_441' title='bbox 498 3445 596 3503; x_wconf 86' lang='lat' dir='ltr'><strong>antea</strong></span> <span class='ocrx_word' id='word_1_442' title='bbox 616 3458 651 3502; x_wconf 89' lang='lat' dir='ltr'><strong>se</strong></span> <span class='ocrx_word' id='word_1_443' title='bbox 673 3437 824 3503; x_wconf 91' lang='lat' dir='ltr'><strong>omnibus</strong></span> <span class='ocrx_word' id='word_1_444' title='bbox 846 3436 950 3503; x_wconf 90' lang='lat' dir='ltr'><strong>modis</strong></span> <span class='ocrx_word' id='word_1_445' title='bbox 967 3439 1160 3504; x_wconf 86' lang='lat' dir='ltr'><strong>inferiorem</strong></span> <span class='ocrx_word' id='word_1_446' title='bbox 1189 3459 1259 3504; x_wconf 78' lang='lat' dir='ltr'><strong>erse</strong></span> <span class='ocrx_word' id='word_1_447' title='bbox 1541 3461 1548 3472; x_wconf 89' lang='lat'><em>·</em></span> <span class='ocrx_word' id='word_1_448' title='bbox 1667 3437 1779 3504; x_wconf 87' lang='lat' dir='ltr'><strong>elassis</strong></span> <span class='ocrx_word' id='word_1_449' title='bbox 1843 3439 2040 3504; x_wconf 89' lang='lat' dir='ltr'><strong>eooomensis</strong></span> <span class='ocrx_word' id='word_1_450' title='bbox 2072 3438 2218 3505; x_wconf 87' lang='lat' dir='ltr'><strong>ministri</strong></span> <span class='ocrx_word' id='word_1_451' title='bbox 2249 3441 2284 3505; x_wconf 89' lang='lat' dir='ltr'><strong>in</strong></span> 
     </span>
     <span class='ocr_line' id='line_1_37' title="bbox 285 3521 1931 3608; baseline 0.001 -20"><span class='ocrx_word' id='word_1_452' title='bbox 285 3523 492 3606; x_wconf 88' lang='lat' dir='ltr'><strong>perspioeret,</strong></span> <span class='ocrx_word' id='word_1_453' title='bbox 515 3543 581 3587; x_wconf 88' lang='lat' dir='ltr'><strong>nou</strong></span> <span class='ocrx_word' id='word_1_454' title='bbox 601 3523 668 3587; x_wconf 92' lang='lat' dir='ltr'><strong>iam</strong></span> <span class='ocrx_word' id='word_1_455' title='bbox 690 3522 730 3587; x_wconf 90' lang='lat' dir='ltr'><strong>de</strong></span> <span class='ocrx_word' id='word_1_456' title='bbox 751 3529 881 3607; x_wconf 88' lang='lat' dir='ltr'><strong>pastore</strong></span> <span class='ocrx_word' id='word_1_457' title='bbox 906 3523 1097 3606; x_wconf 85' lang='lat' dir='ltr'><strong>expellendo</strong></span> <span class='ocrx_word' id='word_1_458' title='bbox 1124 3545 1260 3608; x_wconf 81' lang='lat' dir='ltr'><strong>magno-</strong></span> <span class='ocrx_word' id='word_1_459' title='bbox 1666 3522 1766 3588; x_wconf 84' lang='lat' dir='ltr'><strong>verbo</strong></span> <span class='ocrx_word' id='word_1_460' title='bbox 1787 3521 1931 3590; x_wconf 91' lang='lat' dir='ltr'><strong>Domini.</strong></span> 
     </span>
    </p>

    <p class='ocr_par' dir='ltr' id='par_1_8' title="bbox 285 3606 1260 3691">
     <span class='ocr_line' id='line_1_38' title="bbox 285 3606 1260 3691; baseline 0.003 -20"><span class='ocrx_word' id='word_1_461' title='bbox 285 3629 364 3691; x_wconf 91' lang='lat' dir='ltr'><strong>pere</strong></span> <span class='ocrx_word' id='word_1_462' title='bbox 390 3607 538 3674; x_wconf 91' lang='lat' dir='ltr'><strong>laborare</strong></span> <span class='ocrx_word' id='word_1_463' title='bbox 564 3606 750 3686; x_wconf 84' lang='lat' dir='ltr'><strong>videbatur,</strong></span> <span class='ocrx_word' id='word_1_464' title='bbox 779 3607 837 3673; x_wconf 92' lang='lat' dir='ltr'><strong>sed</strong></span> <span class='ocrx_word' id='word_1_465' title='bbox 863 3609 1062 3690; x_wconf 88' lang='lat' dir='ltr'><strong>querebatur</strong></span> <span class='ocrx_word' id='word_1_466' title='bbox 1088 3607 1128 3674; x_wconf 91' lang='lat' dir='ltr'><strong>de</strong></span> <span class='ocrx_word' id='word_1_467' title='bbox 1149 3611 1260 3675; x_wconf 88' lang='lat' dir='ltr'><strong>neseio</strong></span> 
     </span>
    </p>

    <p class='ocr_par' dir='ltr' id='par_1_9' title="bbox 286 3691 1260 3778">
     <span class='ocr_line' id='line_1_39' title="bbox 286 3691 1260 3778; baseline 0.002 -20"><span class='ocrx_word' id='word_1_468' title='bbox 286 3693 403 3776; x_wconf 90' lang='lat' dir='ltr'><strong>quibus</strong></span> <span class='ocrx_word' id='word_1_469' title='bbox 430 3691 540 3759; x_wconf 87' lang='lat' dir='ltr'><strong>verbis</strong></span> <span class='ocrx_word' id='word_1_470' title='bbox 571 3711 654 3775; x_wconf 90' lang='lat' dir='ltr'><strong>quae</strong></span> <span class='ocrx_word' id='word_1_471' title='bbox 683 3693 720 3756; x_wconf 93' lang='lat' dir='ltr'><strong>in</strong></span> <span class='ocrx_word' id='word_1_472' title='bbox 753 3713 850 3758; x_wconf 88' lang='lat' dir='ltr'><strong>suum</strong></span> <span class='ocrx_word' id='word_1_473' title='bbox 878 3693 1018 3760; x_wconf 87' lang='lat' dir='ltr'><strong>dedseus</strong></span> <span class='ocrx_word' id='word_1_474' title='bbox 1040 3695 1149 3778; x_wconf 90' lang='lat' dir='ltr'><strong>palam</strong></span> <span class='ocrx_word' id='word_1_475' title='bbox 1173 3695 1260 3761; x_wconf 88' lang='lat' dir='ltr'><strong>dieta</strong></span> 
     </span>
    </p>

    <p class='ocr_par' dir='ltr' id='par_1_10' title="bbox 287 3777 1897 3863">
     <span class='ocr_line' id='line_1_40' title="bbox 287 3777 1897 3863; baseline 0 -19"><span class='ocrx_word' id='word_1_476' title='bbox 287 3799 358 3844; x_wconf 91' lang='lat' dir='ltr'><strong>esse</strong></span> <span class='ocrx_word' id='word_1_477' title='bbox 379 3778 566 3843; x_wconf 86' lang='lat' dir='ltr'><strong>affirmaret.</strong></span> <span class='ocrx_word' id='word_1_478' title='bbox 616 3777 734 3860; x_wconf 87' lang='lat' dir='ltr'><strong>Itaque</strong></span> <span class='ocrx_word' id='word_1_479' title='bbox 757 3777 819 3844; x_wconf 87' lang='lat' dir='ltr'><strong>hae</strong></span> <span class='ocrx_word' id='word_1_480' title='bbox 847 3780 1053 3845; x_wconf 82' lang='lat' dir='ltr'><strong>eontentione</strong></span> <span class='ocrx_word' id='word_1_481' title='bbox 1075 3779 1117 3846; x_wconf 93' lang='lat' dir='ltr'><strong>ad</strong></span> <span class='ocrx_word' id='word_1_482' title='bbox 1136 3779 1260 3863; x_wconf 89' lang='lat' dir='ltr'><strong>aliquot</strong></span> <span class='ocrx_word' id='word_1_483' title='bbox 1693 3797 1897 3808; x_wconf 81' lang='grc'><em>··“··--</em></span> 
     </span>
    </p>

    <p class='ocr_par' dir='ltr' id='par_1_11' title="bbox 285 3862 1258 3949">
     <span class='ocr_line' id='line_1_41' title="bbox 285 3862 1258 3949; baseline 0.001 -19"><span class='ocrx_word' id='word_1_484' title='bbox 285 3863 384 3930; x_wconf 91' lang='lat' dir='ltr'><strong>horas</strong></span> <span class='ocrx_word' id='word_1_485' title='bbox 405 3862 563 3949; x_wconf 89' lang='lat' dir='ltr'><strong>produota</strong></span> <span class='ocrx_word' id='word_1_486' title='bbox 588 3863 689 3947; x_wconf 83' lang='lat' dir='ltr'><strong>legati</strong></span> <span class='ocrx_word' id='word_1_487' title='bbox 714 3883 751 3929; x_wconf 91' lang='lat' dir='ltr'><strong>rs</strong></span> <span class='ocrx_word' id='word_1_488' title='bbox 776 3865 895 3929; x_wconf 83' lang='lat' dir='ltr'><strong>infesta</strong></span> <span class='ocrx_word' id='word_1_489' title='bbox 922 3863 1054 3930; x_wconf 92' lang='lat' dir='ltr'><strong>domum</strong></span> <span class='ocrx_word' id='word_1_490' title='bbox 1079 3873 1258 3932; x_wconf 83' lang='lat' dir='ltr'><strong>revertunt</strong></span> 
     </span>
    </p>

    <p class='ocr_par' dir='ltr' id='par_1_12' title="bbox 278 3948 1260 4034">
     <span class='ocr_line' id='line_1_42' title="bbox 278 3948 1260 4034; baseline -0.002 -17"><span class='ocrx_word' id='word_1_491' title='bbox 278 3948 355 4017; x_wconf 82' lang='lat' dir='ltr'><strong>-Sed</strong></span> <span class='ocrx_word' id='word_1_492' title='bbox 393 3949 527 4015; x_wconf 90' lang='lat' dir='ltr'><strong>tandem</strong></span> <span class='ocrx_word' id='word_1_493' title='bbox 572 3950 632 4015; x_wconf 90' lang='lat' dir='ltr'><strong>sub</strong></span> <span class='ocrx_word' id='word_1_494' title='bbox 676 3950 776 4014; x_wconf 87' lang='lat' dir='ltr'><strong>finem</strong></span> <span class='ocrx_word' id='word_1_495' title='bbox 819 3951 942 4015; x_wconf 92' lang='lat' dir='ltr'><strong>mensis</strong></span> <span class='ocrx_word' id='word_1_496' title='bbox 980 3950 1127 4016; x_wconf 87' lang='lat' dir='ltr'><strong>Ianuarii</strong></span> <span class='ocrx_word' id='word_1_497' title='bbox 1164 3952 1260 4034; x_wconf 90' lang='lat' dir='ltr'><strong>pauoi</strong></span> 
     </span>
    </p>

    <p class='ocr_par' dir='ltr' id='par_1_13' title="bbox 285 4014 1837 4120">
     <span class='ocr_line' id='line_1_43' title="bbox 285 4014 1837 4120; baseline 0.001 -20"><span class='ocrx_word' id='word_1_498' title='bbox 285 4037 441 4120; x_wconf 90' lang='lat' dir='ltr'><strong>utrinque</strong></span> <span class='ocrx_word' id='word_1_499' title='bbox 474 4035 589 4101; x_wconf 90' lang='lat' dir='ltr'><strong>deleeti</strong></span> <span class='ocrx_word' id='word_1_500' title='bbox 617 4035 707 4098; x_wconf 87' lang='lat' dir='ltr'><strong>fuere</strong></span> <span class='ocrx_word' id='word_1_501' title='bbox 737 4034 793 4118; x_wconf 92' lang='lat' dir='ltr'><strong>qui</strong></span> <span class='ocrx_word' id='word_1_502' title='bbox 819 4035 965 4101; x_wconf 76' lang='lat' dir='ltr'><strong>Ber-nam</strong></span> <span class='ocrx_word' id='word_1_503' title='bbox 991 4037 1084 4119; x_wconf 87' lang='lat' dir='ltr'><strong>missi</strong></span> <span class='ocrx_word' id='word_1_504' title='bbox 1112 4044 1192 4102; x_wconf 91' lang='lat' dir='ltr'><strong>sunt</strong></span> <span class='ocrx_word' id='word_1_505' title='bbox 1219 4035 1260 4102; x_wconf 88' lang='lat' dir='ltr'><strong>de</strong></span> <span class='ocrx_word' id='word_1_506' title='bbox 1758 4014 1837 4086; x_wconf 68' lang='lat'><strong>³89·</strong></span> 
     </span>
    </p>

    <p class='ocr_par' dir='ltr' id='par_1_14' title="bbox 286 4118 2026 4219">
     <span class='ocr_line' id='line_1_44' title="bbox 286 4118 2026 4219; baseline 0 -33"><span class='ocrx_word' id='word_1_507' title='bbox 286 4121 378 4188; x_wconf 89' lang='lat' dir='ltr'><strong>hisee</strong></span> <span class='ocrx_word' id='word_1_508' title='bbox 399 4123 497 4188; x_wconf 90' lang='lat' dir='ltr'><strong>rebus</strong></span> <span class='ocrx_word' id='word_1_509' title='bbox 518 4120 742 4202; x_wconf 88' lang='lat' dir='ltr'><strong>disoeptatum.</strong></span> <span class='ocrx_word' id='word_1_510' title='bbox 779 4118 921 4186; x_wconf 81' lang='lat' dir='ltr'><strong>Senatus</strong></span> <span class='ocrx_word' id='word_1_511' title='bbox 937 4121 1116 4188; x_wconf 86' lang='lat' dir='ltr'><strong>Beruensia</strong></span> <span class='ocrx_word' id='word_1_512' title='bbox 1140 4121 1260 4187; x_wconf 87' lang='lat' dir='ltr'><strong>auditis</strong></span> <span class='ocrx_word' id='word_1_513' title='bbox 1554 4149 1581 4218; x_wconf 83' lang='lat'>0</span> <span class='ocrx_word' id='word_1_514' title='bbox 1583 4149 1788 4219; x_wconf 67' lang='lat' dir='ltr'><strong>ALVINUS</strong></span> <span class='ocrx_word' id='word_1_515' title='bbox 1810 4149 2026 4218; x_wconf 72' lang='lat' dir='ltr'>MYCONIO</span> 
     </span>
    </p>

    <p class='ocr_par' dir='ltr' id='par_1_15' title="bbox 286 4202 2036 4290">
     <span class='ocr_line' id='line_1_45' title="bbox 286 4202 2036 4290; baseline 0.001 -19"><span class='ocrx_word' id='word_1_516' title='bbox 286 4208 456 4290; x_wconf 86' lang='lat' dir='ltr'><strong>utriusque</strong></span> <span class='ocrx_word' id='word_1_517' title='bbox 477 4207 580 4289; x_wconf 90' lang='lat' dir='ltr'><strong>partis</strong></span> <span class='ocrx_word' id='word_1_518' title='bbox 601 4205 797 4284; x_wconf 84' lang='lat' dir='ltr'><strong>rationibus,</strong></span> <span class='ocrx_word' id='word_1_519' title='bbox 825 4227 928 4289; x_wconf 92' lang='lat' dir='ltr'><strong>quum</strong></span> <span class='ocrx_word' id='word_1_520' title='bbox 956 4207 1082 4272; x_wconf 87' lang='lat' dir='ltr'><strong>videret</strong></span> <span class='ocrx_word' id='word_1_521' title='bbox 1106 4205 1164 4272; x_wconf 84' lang='lat' dir='ltr'><strong>vix</strong></span> <span class='ocrx_word' id='word_1_522' title='bbox 1185 4207 1260 4272; x_wconf 86' lang='lat' dir='ltr'><strong>lieri</strong></span> <span class='ocrx_word' id='word_1_523' title='bbox 2028 4202 2036 4218; x_wconf 89' lang='lat'>&#39;</span> 
     </span>
    </p>
   </div>
   <div class='ocr_carea' id='block_1_6' title="bbox 285 4291 2286 4494">
    <p class='ocr_par' dir='ltr' id='par_1_16' title="bbox 285 4291 2286 4494">
     <span class='ocr_line' id='line_1_46' title="bbox 285 4291 2285 4390; baseline 0 -34"><span class='ocrx_word' id='word_1_524' title='bbox 285 4311 381 4390; x_wconf 82' lang='lat' dir='ltr'><strong>posse</strong></span> <span class='ocrx_word' id='word_1_525' title='bbox 403 4301 441 4357; x_wconf 91' lang='grc'><strong>61</strong></span> <span class='ocrx_word' id='word_1_526' title='bbox 461 4293 556 4357; x_wconf 87' lang='lat' dir='ltr'><strong>aliter</strong></span> <span class='ocrx_word' id='word_1_527' title='bbox 577 4291 784 4356; x_wconf 84' lang='lat' dir='ltr'><strong>dirimeretur</strong></span> <span class='ocrx_word' id='word_1_528' title='bbox 811 4294 1051 4373; x_wconf 83' lang='lat' dir='ltr'><strong>oontrorersia,</strong></span> <span class='ocrx_word' id='word_1_529' title='bbox 1080 4293 1195 4358; x_wconf 87' lang='lat' dir='ltr'><strong>statuit</strong></span> <span class='ocrx_word' id='word_1_530' title='bbox 1222 4301 1275 4358; x_wconf 87' lang='lat' dir='ltr'><strong>nt</strong></span> <span class='ocrx_word' id='word_1_531' title='bbox 1398 4321 1530 4388; x_wconf 56' lang='lat' dir='ltr'><strong>Fam</strong></span> <span class='ocrx_word' id='word_1_532' title='bbox 1569 4327 1635 4388; x_wconf 51' lang='lat' dir='ltr'><strong>espa</strong></span> <span class='ocrx_word' id='word_1_533' title='bbox 1655 4343 1715 4389; x_wconf 59' lang='grc' dir='ltr'><em>Μ</em></span> <span class='ocrx_word' id='word_1_534' title='bbox 1741 4323 1932 4389; x_wconf 54' lang='lat' dir='ltr'><strong><em>Gemma</em></strong></span> <span class='ocrx_word' id='word_1_535' title='bbox 1953 4327 2080 4389; x_wconf 59' lang='lat' dir='ltr'><strong>mm</strong></span> <span class='ocrx_word' id='word_1_536' title='bbox 2100 4324 2175 4390; x_wconf 51' lang='lat' dir='ltr'><strong><em>inde</em></strong></span> <span class='ocrx_word' id='word_1_537' title='bbox 2195 4343 2218 4389; x_wconf 62' lang='lat' dir='ltr'><strong><em>a</em></strong></span> <span class='ocrx_word' id='word_1_538' title='bbox 2238 4343 2285 4390; x_wconf 56' lang='lat' dir='ltr'><strong>w,</strong></span> 
     </span>
     <span class='ocr_line' id='line_1_47' title="bbox 286 4344 2286 4494; baseline 0.002 -54"><span class='ocrx_word' id='word_1_539' title='bbox 286 4397 322 4440; x_wconf 88' lang='lat' dir='ltr'><strong>rn</strong></span> <span class='ocrx_word' id='word_1_540' title='bbox 344 4377 492 4454; x_wconf 84' lang='lat' dir='ltr'><strong>eomitiis,</strong></span> <span class='ocrx_word' id='word_1_541' title='bbox 515 4397 597 4461; x_wconf 83' lang='lat' dir='ltr'><strong>quae</strong></span> <span class='ocrx_word' id='word_1_542' title='bbox 618 4375 695 4462; x_wconf 84' lang='lat' dir='ltr'><strong>inde</strong></span> <span class='ocrx_word' id='word_1_543' title='bbox 718 4375 759 4441; x_wconf 87' lang='lat' dir='ltr'><strong>ad</strong></span> <span class='ocrx_word' id='word_1_544' title='bbox 780 4385 933 4443; x_wconf 85' lang='lat' dir='ltr'><strong>ootuvum</strong></span> <span class='ocrx_word' id='word_1_545' title='bbox 950 4377 1037 4444; x_wconf 90' lang='lat' dir='ltr'><strong>diem</strong></span> <span class='ocrx_word' id='word_1_546' title='bbox 1049 4377 1258 4456; x_wconf 88' lang='lat' dir='ltr'><strong>haberentur,</strong></span> <span class='ocrx_word' id='word_1_547' title='bbox 1311 4391 1388 4474; x_wconf 41' lang='lat' dir='ltr'><strong><em>dim·</em></strong></span> <span class='ocrx_word' id='word_1_548' title='bbox 1440 4407 1491 4474; x_wconf 60' lang='lat' dir='ltr'><strong>De</strong></span> <span class='ocrx_word' id='word_1_549' title='bbox 1519 4344 1641 4494; x_wconf 41' lang='lat' dir='ltr'><strong>⁶031&amp;ss</strong></span> <span class='ocrx_word' id='word_1_550' title='bbox 1666 4411 1820 4490; x_wconf 46' lang='lat' dir='ltr'><em>mitur,</em></span> <span class='ocrx_word' id='word_1_551' title='bbox 1851 4409 1977 4476; x_wconf 52' lang='lat' dir='ltr'><strong>primm</strong></span> <span class='ocrx_word' id='word_1_552' title='bbox 2004 4415 2039 4474; x_wconf 47' lang='grc' dir='ltr'><strong>,ὤ</strong></span> <span class='ocrx_word' id='word_1_553' title='bbox 2063 4407 2125 4474; x_wconf 51' lang='lat' dir='ltr'><strong>sibi</strong></span> <span class='ocrx_word' id='word_1_554' title='bbox 2146 4416 2286 4476; x_wconf 57' lang='lat' dir='ltr'><strong>ww</strong></span> 
     </span>
    </p>
   </div>
   <div class='ocr_carea' id='block_1_7' title="bbox 287 4462 2151 4632">
    <p class='ocr_par' dir='ltr' id='par_1_17' title="bbox 287 4462 2151 4632">
     <span class='ocr_line' id='line_1_48' title="bbox 287 4462 2151 4580; baseline 0 -20"><span class='ocrx_word' id='word_1_555' title='bbox 287 4468 470 4527; x_wconf 59' lang='lat' dir='ltr'><strong>⁰⁰rt²¹⁸⁰t¹¹¹</strong></span> <span class='ocrx_word' id='word_1_556' title='bbox 497 4463 681 4561; x_wconf 54' lang='lat' dir='ltr'><strong>inffmgffi’</strong></span> <span class='ocrx_word' id='word_1_557' title='bbox 710 4471 809 4545; x_wconf 55' lang='lat' dir='ltr'><strong>“qm</strong></span> <span class='ocrx_word' id='word_1_558' title='bbox 836 4462 883 4526; x_wconf 58' lang='lat' dir='ltr'><strong>ita</strong></span> <span class='ocrx_word' id='word_1_559' title='bbox 904 4483 1041 4563; x_wconf 53' lang='lat' dir='ltr'><strong>paim</strong></span> <span class='ocrx_word' id='word_1_560' title='bbox 1061 4484 1143 4562; x_wconf 65' lang='lat'>‘1⁰⁸9</span> <span class='ocrx_word' id='word_1_561' title='bbox 1165 4482 1259 4562; x_wconf 46' lang='grc' dir='ltr'><strong>ΡΨ·</strong></span> <span class='ocrx_word' id='word_1_562' title='bbox 1310 4495 1400 4562; x_wconf 74' lang='lat' dir='ltr'><strong>uuita</strong></span> <span class='ocrx_word' id='word_1_563' title='bbox 1421 4495 1515 4575; x_wconf 74' lang='lat' dir='ltr'><strong>copo.</strong></span> <span class='ocrx_word' id='word_1_564' title='bbox 1560 4493 1702 4580; x_wconf 73' lang='lat' dir='ltr'><strong>Alberpii</strong></span> <span class='ocrx_word' id='word_1_565' title='bbox 1722 4494 1885 4561; x_wconf 76' lang='lat' dir='ltr'><strong>historiam</strong></span> <span class='ocrx_word' id='word_1_566' title='bbox 1902 4495 1974 4576; x_wconf 79' lang='lat' dir='ltr'><strong>fuae</strong></span> <span class='ocrx_word' id='word_1_567' title='bbox 1994 4495 2151 4579; x_wconf 76' lang='lat' dir='ltr'><strong>reoolliplt.</strong></span> 
     </span>
     <span class='ocr_line' id='line_1_49' title="bbox 287 4546 1260 4632; baseline 0.002 -22"><span class='ocrx_word' id='word_1_568' title='bbox 287 4546 425 4630; x_wconf 90' lang='lat' dir='ltr'><strong>polleret</strong></span> <span class='ocrx_word' id='word_1_569' title='bbox 451 4555 519 4612; x_wconf 74' lang='lat' dir='ltr'><strong>voti</strong></span> <span class='ocrx_word' id='word_1_570' title='bbox 548 4567 679 4632; x_wconf 89' lang='lat' dir='ltr'><strong>oompos</strong></span> <span class='ocrx_word' id='word_1_571' title='bbox 706 4547 904 4627; x_wconf 87' lang='lat' dir='ltr'><strong>effioeretur,</strong></span> <span class='ocrx_word' id='word_1_572' title='bbox 933 4569 997 4614; x_wconf 85' lang='lat' dir='ltr'><strong>msr</strong></span> <span class='ocrx_word' id='word_1_573' title='bbox 1018 4550 1102 4614; x_wconf 89' lang='lat' dir='ltr'><strong>forte</strong></span> <span class='ocrx_word' id='word_1_574' title='bbox 1125 4558 1260 4614; x_wconf 78' lang='lat' dir='ltr'><strong>interum</strong></span> 
     </span>
    </p>
   </div>
   <div class='ocr_carea' id='block_1_8' title="bbox 279 4631 2288 4872">
    <p class='ocr_par' dir='ltr' id='par_1_18' title="bbox 279 4631 2288 4872">
     <span class='ocr_line' id='line_1_50' title="bbox 279 4631 2285 4734; baseline 0.002 -38"><span class='ocrx_word' id='word_1_575' title='bbox 279 4631 456 4698; x_wconf 87' lang='lat' dir='ltr'><strong>meliorem</strong></span> <span class='ocrx_word' id='word_1_576' title='bbox 477 4631 664 4699; x_wconf 87' lang='lat' dir='ltr'><strong>saroiendae</strong></span> <span class='ocrx_word' id='word_1_577' title='bbox 693 4633 882 4733; x_wconf 77' lang='lat' dir='ltr'><strong>eoncordiae</strong></span> <span class='ocrx_word' id='word_1_578' title='bbox 911 4633 1071 4733; x_wconf 75' lang='lat' dir='ltr'><strong>rationem</strong></span> <span class='ocrx_word' id='word_1_579' title='bbox 1098 4635 1259 4700; x_wconf 90' lang='lat' dir='ltr'><strong>Dominus</strong></span> <span class='ocrx_word' id='word_1_580' title='bbox 1312 4665 1407 4731; x_wconf 63' lang='lat' dir='ltr'><strong>(qm</strong></span> <span class='ocrx_word' id='word_1_581' title='bbox 1430 4665 1482 4718; x_wconf 80' lang='lat' dir='ltr'><strong>sori</strong></span> <span class='ocrx_word' id='word_1_582' title='bbox 1554 4669 1727 4720; x_wconf 70' lang='lat' dir='ltr'><strong>nonoretur.</strong></span> <span class='ocrx_word' id='word_1_583' title='bbox 1768 4665 1806 4719; x_wconf 66' lang='lat' dir='ltr'><strong>L,</strong></span> <span class='ocrx_word' id='word_1_584' title='bbox 1828 4665 1881 4719; x_wconf 64' lang='lat' dir='ltr'><strong>qs„</strong></span> <span class='ocrx_word' id='word_1_585' title='bbox 1907 4667 1935 4719; x_wconf 65' lang='lat' dir='ltr'><strong>i„</strong></span> <span class='ocrx_word' id='word_1_586' title='bbox 1959 4663 2000 4718; x_wconf 63' lang='lat' dir='ltr'><strong>,q</strong></span> <span class='ocrx_word' id='word_1_587' title='bbox 2024 4664 2176 4718; x_wconf 70' lang='lat' dir='ltr'><strong>uenerem</strong></span> <span class='ocrx_word' id='word_1_588' title='bbox 2194 4682 2221 4734; x_wconf 86' lang='lat' dir='ltr'><strong>p.</strong></span> <span class='ocrx_word' id='word_1_589' title='bbox 2239 4661 2285 4730; x_wconf 52' lang='lat'><strong>45,</strong></span> 
     </span>
     <span class='ocr_line' id='line_1_51' title="bbox 281 4681 2285 4804; baseline 0.001 -21"><span class='ocrx_word' id='word_1_590' title='bbox 281 4717 483 4784; x_wconf 85' lang='lat' dir='ltr'><strong>ostenderet.</strong></span> <span class='ocrx_word' id='word_1_591' title='bbox 517 4715 612 4797; x_wconf 79' lang='lat' dir='ltr'><strong>Quod</strong></span> <span class='ocrx_word' id='word_1_592' title='bbox 623 4727 785 4802; x_wconf 86' lang='lat' dir='ltr'><strong>posterrua</strong></span> <span class='ocrx_word' id='word_1_593' title='bbox 796 4741 823 4784; x_wconf 85' lang='lat' dir='ltr'><strong>sr</strong></span> <span class='ocrx_word' id='word_1_594' title='bbox 837 4727 1047 4803; x_wconf 83' lang='lat' dir='ltr'><strong>oontrngeret,</strong></span> <span class='ocrx_word' id='word_1_595' title='bbox 1069 4718 1260 4784; x_wconf 88' lang='lat' dir='ltr'><strong>mandatum</strong></span> <span class='ocrx_word' id='word_1_596' title='bbox 1311 4735 1391 4787; x_wconf 79' lang='lat' dir='ltr'><strong>mus.</strong></span> <span class='ocrx_word' id='word_1_597' title='bbox 1414 4751 1440 4804; x_wconf 83' lang='lat' dir='ltr'><strong>p.</strong></span> <span class='ocrx_word' id='word_1_598' title='bbox 1461 4681 1523 4799; x_wconf 71' lang='grc'><strong>611,</strong></span> <span class='ocrx_word' id='word_1_599' title='bbox 1547 4735 1652 4788; x_wconf 75' lang='lat' dir='ltr'><strong>flonov.</strong></span> <span class='ocrx_word' id='word_1_600' title='bbox 1676 4751 1703 4803; x_wconf 83' lang='lat' dir='ltr'><strong>p.</strong></span> <span class='ocrx_word' id='word_1_601' title='bbox 1723 4731 1784 4800; x_wconf 81' lang='lat' dir='ltr'><strong>llo,</strong></span> <span class='ocrx_word' id='word_1_602' title='bbox 1831 4735 1921 4788; x_wconf 80' lang='lat' dir='ltr'><strong>bouet.</strong></span> <span class='ocrx_word' id='word_1_603' title='bbox 1950 4751 1977 4804; x_wconf 87' lang='lat' dir='ltr'><strong>p.</strong></span> <span class='ocrx_word' id='word_1_604' title='bbox 2004 4731 2052 4801; x_wconf 80' lang='lat'><strong>58,</strong></span> <span class='ocrx_word' id='word_1_605' title='bbox 2076 4736 2163 4787; x_wconf 79' lang='lat' dir='ltr'><strong>unse.</strong></span> <span class='ocrx_word' id='word_1_606' title='bbox 2186 4750 2215 4804; x_wconf 81' lang='lat' dir='ltr'><strong>p.</strong></span> <span class='ocrx_word' id='word_1_607' title='bbox 2239 4733 2285 4799; x_wconf 72' lang='lat'><strong>26,</strong></span> 
     </span>
     <span class='ocr_line' id='line_1_52' title="bbox 289 4799 2288 4872; baseline 0.001 -4"><span class='ocrx_word' id='word_1_608' title='bbox 289 4813 340 4868; x_wconf 90' lang='lat' dir='ltr'><strong>est</strong></span> <span class='ocrx_word' id='word_1_609' title='bbox 366 4799 642 4869; x_wconf 88' lang='lat' dir='ltr'><strong>Neoeomensibus</strong></span> <span class='ocrx_word' id='word_1_610' title='bbox 670 4814 709 4869; x_wconf 92' lang='lat' dir='ltr'><strong>ut</strong></span> <span class='ocrx_word' id='word_1_611' title='bbox 736 4804 893 4871; x_wconf 90' lang='lat' dir='ltr'><strong>nunoium</strong></span> <span class='ocrx_word' id='word_1_612' title='bbox 921 4803 961 4869; x_wconf 88' lang='lat' dir='ltr'><strong>de</strong></span> <span class='ocrx_word' id='word_1_613' title='bbox 989 4805 1051 4871; x_wconf 84' lang='lat' dir='ltr'><strong>heo</strong></span> <span class='ocrx_word' id='word_1_614' title='bbox 1079 4827 1114 4870; x_wconf 95' lang='lat' dir='ltr'><strong>re</strong></span> <span class='ocrx_word' id='word_1_615' title='bbox 1146 4806 1259 4871; x_wconf 88' lang='lat' dir='ltr'><strong>statim</strong></span> <span class='ocrx_word' id='word_1_616' title='bbox 1312 4803 1414 4857; x_wconf 72' lang='lat' dir='ltr'><strong>Gothos</strong></span> <span class='ocrx_word' id='word_1_617' title='bbox 1436 4803 1466 4856; x_wconf 87' lang='lat' dir='ltr'><strong>in</strong></span> <span class='ocrx_word' id='word_1_618' title='bbox 1489 4803 1553 4858; x_wconf 73' lang='lat' dir='ltr'><strong>edit.</strong></span> <span class='ocrx_word' id='word_1_619' title='bbox 1575 4803 1664 4858; x_wconf 81' lang='lat' dir='ltr'><strong>Berol.</strong></span> <span class='ocrx_word' id='word_1_620' title='bbox 1683 4820 1708 4871; x_wconf 74' lang='lat'><strong>1³·</strong></span> <span class='ocrx_word' id='word_1_621' title='bbox 1727 4800 1769 4869; x_wconf 78' lang='lat'><strong>51,</strong></span> <span class='ocrx_word' id='word_1_622' title='bbox 1788 4803 1901 4872; x_wconf 74' lang='lat' dir='ltr'><strong>ungues</strong></span> <span class='ocrx_word' id='word_1_623' title='bbox 1918 4803 1947 4856; x_wconf 84' lang='lat' dir='ltr'><strong>in</strong></span> <span class='ocrx_word' id='word_1_624' title='bbox 1970 4803 2034 4856; x_wconf 82' lang='lat' dir='ltr'><strong>odit</strong></span> <span class='ocrx_word' id='word_1_625' title='bbox 2051 4801 2150 4856; x_wconf 65' lang='lat' dir='ltr'><strong>fflb·</strong></span> <span class='ocrx_word' id='word_1_626' title='bbox 2169 4803 2192 4856; x_wconf 88' lang='lat'><strong>1·</strong></span> <span class='ocrx_word' id='word_1_627' title='bbox 2210 4801 2288 4870; x_wconf 69' lang='grc'><strong>9881</strong></span> 
     </span>
    </p>
   </div>
   <div class='ocr_carea' id='block_1_9' title="bbox 287 4887 2291 5040">
    <p class='ocr_par' dir='ltr' id='par_1_19' title="bbox 287 4887 2291 5040">
     <span class='ocr_line' id='line_1_53' title="bbox 287 4887 2196 4970; baseline 0.008 -16"><span class='ocrx_word' id='word_1_628' title='bbox 287 4889 434 4955; x_wconf 88' lang='lat' dir='ltr'><strong>Bernam</strong></span> <span class='ocrx_word' id='word_1_629' title='bbox 453 4888 637 4953; x_wconf 90' lang='lat' dir='ltr'><strong>mitterent:</strong></span> <span class='ocrx_word' id='word_1_630' title='bbox 660 4891 711 4954; x_wconf 92' lang='lat' dir='ltr'><strong>sin</strong></span> <span class='ocrx_word' id='word_1_631' title='bbox 733 4890 851 4970; x_wconf 87' lang='lat' dir='ltr'><strong>minus,</strong></span> <span class='ocrx_word' id='word_1_632' title='bbox 874 4899 1049 4956; x_wconf 83' lang='lat' dir='ltr'><strong>venturam</strong></span> <span class='ocrx_word' id='word_1_633' title='bbox 1070 4889 1146 4956; x_wconf 90' lang='lat' dir='ltr'><strong>inde</strong></span> <span class='ocrx_word' id='word_1_634' title='bbox 1172 4887 1260 4956; x_wconf 89' lang='lat' dir='ltr'><strong>Neo-</strong></span> <span class='ocrx_word' id='word_1_635' title='bbox 1655 4959 1661 4969; x_wconf 83' lang='lat'><strong>,</strong></span> <span class='ocrx_word' id='word_1_636' title='bbox 1877 4957 1884 4970; x_wconf 83' lang='lat'><strong>.</strong></span> <span class='ocrx_word' id='word_1_637' title='bbox 2189 4957 2196 4970; x_wconf 93' lang='lat'><strong>.</strong></span> 
     </span>
     <span class='ocr_line' id='line_1_54' title="bbox 1396 4956 2291 5040; baseline -0.003 -17"><span class='ocrx_word' id='word_1_638' title='bbox 1396 4957 1508 5038; x_wconf 81' lang='lat' dir='ltr'><strong>Quum</strong></span> <span class='ocrx_word' id='word_1_639' title='bbox 1528 4956 1592 5024; x_wconf 90' lang='lat' dir='ltr'><strong>huo</strong></span> <span class='ocrx_word' id='word_1_640' title='bbox 1613 4977 1755 5040; x_wconf 79' lang='lat' dir='ltr'><strong>primum</strong></span> <span class='ocrx_word' id='word_1_641' title='bbox 1776 4957 1988 5040; x_wconf 79' lang='lat' dir='ltr'><strong>appulissem,</strong></span> <span class='ocrx_word' id='word_1_642' title='bbox 2016 4979 2082 5022; x_wconf 93' lang='lat' dir='ltr'><strong>non</strong></span> <span class='ocrx_word' id='word_1_643' title='bbox 2106 4964 2215 5040; x_wconf 82' lang='lat' dir='ltr'><strong>potui,</strong></span> <span class='ocrx_word' id='word_1_644' title='bbox 2245 4965 2291 5020; x_wconf 89' lang='lat' dir='ltr'><strong>ut</strong></span> 
     </span>
    </p>
   </div>
   <div class='ocr_carea' id='block_1_10' title="bbox 286 5071 1817 5314">
    <p class='ocr_par' dir='ltr' id='par_1_20' title="bbox 286 5071 1817 5314">
     <span class='ocr_line' id='line_1_55' title="bbox 328 5071 1262 5188; baseline 0.003 -27"><span class='ocrx_word' id='word_1_645' title='bbox 328 5177 333 5188; x_wconf 93' lang='lat'><strong>.</strong></span> <span class='ocrx_word' id='word_1_646' title='bbox 393 5109 420 5172; x_wconf 83' lang='grc'><strong>7)</strong></span> <span class='ocrx_word' id='word_1_647' title='bbox 437 5073 477 5164; x_wconf 39' lang='lat' dir='ltr'><strong>au·</strong></span> <span class='ocrx_word' id='word_1_648' title='bbox 505 5109 619 5162; x_wconf 88' lang='lat' dir='ltr'><strong>nombre</strong></span> <span class='ocrx_word' id='word_1_649' title='bbox 645 5109 679 5162; x_wconf 90' lang='lat' dir='ltr'><strong>de</strong></span> <span class='ocrx_word' id='word_1_650' title='bbox 704 5113 828 5166; x_wconf 85' lang='lat' dir='ltr'><strong>soixante</strong></span> <span class='ocrx_word' id='word_1_651' title='bbox 850 5071 984 5178; x_wconf 32' lang='lat' dir='ltr'><strong>¹(Perrot,</strong></span> <span class='ocrx_word' id='word_1_652' title='bbox 1019 5113 1066 5166; x_wconf 77' lang='lat' dir='ltr'><strong>Vis</strong></span> <span class='ocrx_word' id='word_1_653' title='bbox 1092 5113 1125 5166; x_wconf 85' lang='lat' dir='ltr'><strong>de</strong></span> <span class='ocrx_word' id='word_1_654' title='bbox 1154 5113 1262 5178; x_wconf 74' lang='lat' dir='ltr'><strong>Forell·</strong></span> 
     </span>
     <span class='ocr_line' id='line_1_56' title="bbox 286 5175 1817 5314; baseline 0.001 -17"><span class='ocrx_word' id='word_1_655' title='bbox 286 5175 573 5312; x_wconf 43' lang='lat' dir='ltr'><strong>&amp;militib</strong></span> <span class='ocrx_word' id='word_1_656' title='bbox 592 5245 814 5304; x_wconf 70' lang='lat' dir='ltr'><strong>mouens.</strong></span> <span class='ocrx_word' id='word_1_657' title='bbox 837 5247 961 5304; x_wconf 69' lang='lat' dir='ltr'><strong>neom</strong></span> <span class='ocrx_word' id='word_1_658' title='bbox 1413 5247 1444 5314; x_wconf 87' lang='grc'><strong>6)</strong></span> <span class='ocrx_word' id='word_1_659' title='bbox 1462 5246 1643 5314; x_wconf 66' lang='lat' dir='ltr'><strong>corrupere</strong></span> <span class='ocrx_word' id='word_1_660' title='bbox 1662 5245 1718 5302; x_wconf 76' lang='grc'><strong>66.</strong></span> <span class='ocrx_word' id='word_1_661' title='bbox 1737 5245 1817 5301; x_wconf 71' lang='lat' dir='ltr'><strong>rea.</strong></span> 
     </span>
    </p>
   </div>
   <div class='ocr_carea' id='block_1_11' title="bbox 2234 5243 2432 5288">
    <p class='ocr_par' dir='ltr' id='par_1_21' title="bbox 2234 5243 2432 5288">
     <span class='ocr_line' id='line_1_57' title="bbox 2234 5243 2432 5288; baseline 0 -32"><span class='ocrx_word' id='word_1_662' title='bbox 2234 5246 2237 5256; x_wconf 76' lang='lat'><strong>.</strong></span> <span class='ocrx_word' id='word_1_663' title='bbox 2342 5257 2347 5276; x_wconf 52' lang='grc'><strong>,</strong></span> <span class='ocrx_word' id='word_1_664' title='bbox 2431 5243 2432 5288; x_wconf 26' lang='grc' dir='ltr'>ἢ</span> 
     </span>
    </p>
   </div>
   <div class='ocr_carea' id='block_1_12' title="bbox 0 0 2451 5956">
    <p class='ocr_par' dir='ltr' id='par_1_22' title="bbox 0 0 2451 5956">
     <span class='ocr_line' id='line_1_58' title="bbox 0 0 2451 5956; baseline 0 0"><span class='ocrx_word' id='word_1_665' title='bbox 0 0 2451 5956; x_wconf 95' lang='lat' dir='ltr'><strong> </strong></span> 
     </span>
    </p>
   </div>
  </div>
 </body>
</html>
