4888 5966
162 327 221 389 261
944 327 1024 390 1541
1043 325 1376 396 mL.-Aueusu.
2097 341 2162 404 262

161 511 412 595 aparentibus,
439 511 598 576 invenire.
641 511 736 578 Unm
769 512 886 577 borum
912 513 1047 578 omnino
1067 515 1134 580 fixa
1185 515 1343 582 haetenus
1365 523 1539 599 eeoupatus
1558 517 1631 596 suit,
1653 519 1775 600 partim
1792 520 1966 604 seriptione
1983 520 2162 594 admodum

161 597 326 664 sententia
347 597 431 661 istuo
452 598 565 662 venire
587 597 701 674 voluit,
725 597 808 662 alter
834 619 854 662 a
881 597 1034 664 Midmele
1055 599 1133 664 Bla-
1185 601 1884 688 neeessario,⁸)partimdomestioouegotio,
1902 627 1967 689 quo
1983 607 2160 678 hodierum

161 683 258 750 iensi
268 681 297 768 ⁴)
308 682 489 767 petebatur.
525 681 592 748 Sed
612 683 667 750 ubi
685 682 846 748 intellexit
857 683 967 748 fratris
979 685 1131 768 inopium,
1184 688 1328 770 primum
1355 687 1423 753 <lies
1454 708 1529 752 eum
1557 689 1731 771 expedivit.
1787 691 1915 756 Verum
1942 693 2075 778 scriptio
2101 697 2160 762 illa

161 778 193 834 et
214 769 304 832 furta
325 767 440 850 quibus
462 767 626 850 expilatus
647 769 720 848 fuit,
742 767 859 833 maluit
877 766 1000 834 Orbem
1022 779 1133 852 petere
1185 773 1286 852 brevi,
1307 785 1344 838 ut
1365 773 1513 854 arbitror,
1536 775 1676 853 finietur,
1700 783 1733 839 et
1753 775 1820 840 iam
1842 778 1877 840 in
1896 777 2042 862 singulas
2060 781 2159 846 hores

160 861 198 919 ut
219 875 262 918 ex
284 852 393 918 labore
409 853 535 918 viveret
551 856 669 936 potius,
691 875 788 936 quam
801 853 987 937 depressum
998 876 1132 938 prorsus
1184 867 1426 940 exspectemus,
1456 858 1536 923 dum
1557 863 1752 925 renuntient
1780 861 1979 928 Basilienses
2001 865 2159 947 quidnam

160 939 361 1022 opprimere,
399 949 513 1021 peetus
552 941 644 1022 pium
683 947 823 1004 testatus
862 947 895 1004 at
926 961 1129 1023 generosum.
1184 944 1321 1028 egerint.
1377 945 1433 1010 Me
1471 966 1549 1010 vero
1588 945 1662 1028 plus
1702 948 1823 1012 centies
1861 949 2035 1030 poenituit,
2072 951 2158 1034 quod

160 1023 266 1090 Valde
295 1025 438 1090 affioitur
463 1025 623 1090 Terrenus
652 1023 694 1089 ob
715 1024 912 1103 Feretum,⁶)
946 1027 998 1090 eui
1020 1026 1131 1092 literas
1184 1029 1366 1112 Ratispons
1400 1051 1550 1094 reversus
1585 1051 1653 1096 non
1683 1033 1794 1096 statim
1828 1032 1907 1099 illue
1934 1037 2156 1102 aoeurrissem.

159 1111 272 1176 ierunt
298 1107 390 1174 datas
421 1131 441 1174 a
468 1119 584 1174 senatu
609 1112 784 1189 Bernensi,
812 1111 929 1194 quibus
950 1131 1011 1174 sua
1032 1113 1131 1176 abitio
1183 1114 1269 1178 Nam
1292 1117 1352 1180 etsi
1369 1116 1442 1181 istie
1460 1136 1576 1198 parum
1593 1117 1769 1198 profuisset
1785 1139 1858 1182 mea
1880 1121 2080 1202 praesentia,
2103 1143 2158 1188 me

158 1217 226 1260 non
249 1195 424 1260 damnatur
445 1203 479 1259 et
500 1205 633 1262 veretur
651 1218 692 1261 ne
714 1196 832 1261 fratres
850 1196 1022 1280 Geyenses
1043 1197 1132 1262 idem
1184 1209 1294 1264 tamen
1321 1221 1444 1284 magna
1470 1201 1635 1267 anxietate
1657 1202 1839 1268 liberasset:
1869 1204 1955 1287 quod
1988 1228 2158 1290 nunquam

157 1282 289 1356 lanient,
312 1281 553 1364 approbantque
570 1283 818 1359 mercenarium,
837 1303 879 1346 ne
890 1281 996 1347 diuam
1008 1281 1130 1365 lupum,
1184 1285 1266 1350 desii
1288 1306 1358 1351 esse
1380 1286 1546 1365 sollicitus,
1569 1307 1724 1370 quorsum
1745 1309 1799 1352 ree
1824 1289 1985 1366 evaderet,
2008 1299 2043 1356 et
2059 1293 2158 1357 simul

157 1387 218 1450 pro
238 1375 379 1448 pastore.
425 1363 528 1431 Cuius
551 1367 578 1432 si
600 1375 700 1450 potes,
723 1387 778 1432 eor
799 1367 1001 1446 admonebis,
1029 1389 1071 1432 ne
1097 1370 1131 1432 in
1184 1372 1305 1450 vereri,
1335 1393 1376 1436 ne
1410 1373 1446 1435 in
1472 1373 1544 1440 istis
1573 1372 1819 1440 diffieultatibus
1848 1376 1968 1440 nostris
2001 1377 2156 1443 deessem.

158 1451 304 1516 Domino
325 1459 469 1534 peooent.
503 1451 610 1532 Quam
628 1473 745 1519 vereor
761 1473 803 1516 ne
825 1453 987 1534 praesenti
1008 1453 1132 1519 ultione
1184 1455 1252 1521 Sed
1269 1477 1321 1522 me
1344 1479 1385 1522 er
1406 1456 1509 1522 altera
1530 1465 1622 1542 parte
1644 1459 1780 1524 retinuit
1808 1459 1957 1525 diversus
1977 1463 2083 1541 timor,
2113 1483 2157 1528 ne

157 1537 221 1603 Dei
250 1537 411 1602 feriantur
438 1537 549 1614 multi,
577 1540 632 1620 qui
659 1539 706 1603 sio
732 1537 851 1602 ludunt
872 1539 908 1601 in
930 1547 997 1602 tam
1019 1549 1131 1604 saneto
1184 1541 1261 1624 quid
1292 1541 1379 1607 aliud
1412 1543 1657 1628 suspicarentur
1682 1544 1731 1608 illi
1764 1546 1867 1610 nostri
1895 1552 2021 1612 veteres
2049 1549 2155 1627 amici,

157 1623 350 1701 ministerio,
373 1622 458 1706 quod
480 1625 563 1688 faxit
584 1624 736 1690 Christus
754 1631 792 1687 ut
817 1623 916 1707 longo
937 1625 1051 1706 purius
1073 1625 1130 1689 ad·
1182 1629 1238 1708 qui
1277 1628 1384 1693 solent
1427 1628 1539 1692 omnia
1582 1630 1618 1692 in
1657 1630 1825 1695 sinistram
1862 1637 1990 1713 portem
2030 1655 2155 1716 rapere.

157 1708 365 1774 ministretur
409 1719 442 1773 et
483 1710 670 1792 reeipiatur.
731 1709 825 1773 Vale.
886 1709 1003 1775 Saluta
1048 1711 1130 1775 mihi
1183 1711 1291 1777 Simul
1313 1723 1422 1780 tamen
1445 1721 1542 1796 utque
1564 1715 1684 1798 aliquid
1706 1715 1841 1780 allatum
1863 1717 1975 1796 fuerit,
1999 1739 2063 1782 non
2086 1740 2156 1785 ees·

156 1815 271 1860 omnes
293 1795 329 1858 in
351 1793 501 1860 Domino.
545 1793 664 1860 Iubent
685 1801 719 1859 te
738 1795 843 1859 nostri
864 1815 978 1859 omnes
1002 1795 1128 1861 salvum
1181 1798 1259 1864 sabo
1282 1799 1384 1864 donee
1400 1798 1562 1865 Bueerrun
1583 1821 1710 1865 meeum
1727 1801 1895 1884 abripiam.
1940 1801 2037 1883 Quod
2054 1804 2083 1868 si
2099 1824 2153 1868 ms

156 1901 228 1946 esse
249 1901 327 1946 eum
349 1901 458 1956 uxore,
488 1887 666 1946 matertera
687 1887 721 1946 et
743 1879 816 1944 aliis
838 1880 998 1946 omnibus.
1043 1883 1128 1946 Neo-
1182 1882 1289 1949 adhue
1311 1883 1448 1964 differet,
1473 1887 1603 1951 veniam
1625 1885 1848 1965 nihilominus,
1870 1887 1986 1952 saltem
2007 1897 2046 1953 ιιι
2073 1910 2152 1956 eon-

156 1967 239 2032 eomi
264 1972 294 2030 5.
319 1967 462 2049 Augusti
488 1971 577 2031 1541.
1182 1969 1289 2034 silium
1313 1991 1355 2034 ex
1377 1993 1412 2035 re
1434 1973 1601 2055 praesenti
1628 1981 1737 2035 teeum
1769 1981 1802 2036 et
1823 1994 1897 2037 eum
1916 1973 1987 2038 aliis
2013 1976 2150 2056 sapiam.

1182 2055 1269 2120 Nam
1291 2077 1397 2139 neque
1419 2057 1600 2140 longiorem
1622 2077 1747 2122 morem
1770 2058 1892 2140 patitur
1920 2060 2074 2124 eoelesiae
2095 2081 2154 2125 ne-

1182 2143 1324 2220 oeesitas,
1347 2163 1407 2208 nee
1430 2144 1538 2224 quieto
1561 2163 1631 2208 esse
1654 2144 1762 2207 animo
1784 2164 1917 2226 possum
1945 2144 1980 2209 in
2007 2147 2071 2210 ista
2093 2144 2155 2210 du·

1181 2226 1352 2304 bitatione,
1386 2249 1447 2294 neo
1479 2247 1571 2292 meae
1610 2248 1737 2310 quoque
1777 2227 1970 2294 domesticae
2008 2231 2154 2296 rationes

1181 2311 1307 2389 ierunt,
1336 2321 1375 2378 ιιι
1404 2313 1526 2378 diutius
1554 2313 1601 2378 ita
1631 2334 1809 2396 suspensus
1832 2335 1992 2380 maneam.
2036 2313 2154 2399 Itaque

1181 2397 1216 2460 in
1240 2398 1358 2463 sobolis
1380 2419 1487 2482 nuper
1508 2397 1596 2462 edixi
1623 2420 1675 2464 me
1709 2399 1849 2482 amplius
1881 2421 1947 2464 non
1980 2401 2154 2482 lecturum,

1012 2550 1022 2568 g
1182 2483 1284 2550 donee
1307 2483 1429 2566 aliquid
1451 2487 1486 2548 in
1506 2486 1666 2550 utramvis
1684 2495 1811 2567 partem
1829 2485 2043 2550 constitutum
2061 2487 2153 2552 foret.

605 2547 678 2618 341·
1181 2568 1276 2634 Finis
1309 2569 1551 2644 comitiorum⁴)
1590 2570 1665 2635 telis
1703 2572 1779 2647 fuit,
1816 2571 1946 2654 qualem
1986 2593 2046 2656 ego
2084 2572 2155 2637 fore

423 2685 658 2754 oenus
681 2684 865 2752 ruso·
1180 2674 1309 2803 asts
1330 2653 1612 2823 ιιιιιιι
1628 2656 2155 2808 auersissima

1181 2831 1241 2902 est,
1259 2824 1311 2890 vel
1334 2825 1450 2889 saltem
1473 2826 1645 2904 nationale,
1669 2827 1697 2891 si
1718 2827 1800 2891 illud
1822 2826 1913 2893 brevi
1935 2827 2075 2894 obtineri
2096 2849 2154 2894 ne·

783 2103 934 2169 Farellus
956 2111 1043 2169 tuus.

243 2857 391 2925 Roseus
417 2859 521 2925 rediit.
572 2858 646 2940 Ipse
672 2877 775 2922 morae
804 2858 971 2938 impatiens
992 2856 1039 2921 vel
1058 2875 1129 2921 eum

157 2944 212 3010 azo
232 2945 279 3010 νει
300 2946 370 3012 m
391 2945 445 3012 ipo
464 2947 532 3010 qam
552 2945 661 3010 “dmg
708 2941 843 3008 omitia
860 2943 1008 3023 Merum
1028 2963 1063 3008 Μ
1085 2943 1130 3006 pn,
1181 2917 1286 2992 queat.
1343 2909 1432 2990 Quid
1459 2911 1546 2974 enim
1576 2911 1637 2976 hoe
1669 2911 1758 2976 aliud
1790 2919 1839 2976 est
1866 2934 1964 2996 quam
1993 2914 2153 2980 frustrari.

158 3029 247 3111 sm,
270 3049 366 3111 neque
386 3051 459 3111 3903
475 3030 584 3111 alma
605 3034 746 3109 mm
766 3029 804 3094 ge
821 3029 977 3110 promo
993 3029 1129 3094 com-ppo·
1180 2995 1488 3078 Namquodpostea
1510 2994 1655 3060 additum
1676 3005 1734 3075 est,
1754 3004 1826 3078 post
1844 2999 2077 3081 sesquiannum
2095 2998 2155 3066 ha·

160 3113 360 3182 commendat
380 3121 553 3182 magonam
572 3113 718 3198 fingam
740 3115 793 3179 cm·
820 3114 971 3179 mmmodo
998 3113 1129 3196 hospitio
1180 3079 1287 3180 banda
1313 3101 1400 3181 nova
1434 3079 1578 3181 aemilia,
1612 3081 1641 3146 ai
1673 3081 1817 3148 eonsiliis
1851 3081 1934 3148 nihil
1968 3083 2153 3181 proficitur:

156 3203 358 3284 excipiendae
374 3203 517 3284 prospici
537 3203 629 3282 cupit,
1181 3188 1325 3250 primum
1346 3165 1380 3232 ιιι
1402 3175 1452 3232 eet
1473 3188 1571 3232 nimie
1599 3165 1736 3250 longum
1758 3175 1901 3250 tempus,
1934 3168 2051 3234 deinde
2086 3190 2154 3234 non

1180 3251 1321 3318 multum
1330 3253 1398 3336 spei
1410 3251 1503 3318 nobis
1515 3251 1674 3318 dederunt
1685 3253 1862 3336 superiora,
1875 3263 2037 3335 postremo
2049 3253 2154 3318 eredi-

156 3371 240 3438 (Δῃω
260 3372 363 3440 raphon
382 3379 471 3426 mm
490 3373 517 3425 in
536 3371 607 3424 Bibl.
619 3371 720 3426 qam,
738 3369 802 3424 uod.
823 3368 880 3434 106,
899 3369 943 3422 sol.
963 3369 1128 3424 68.1bide1n
1180 3337 1245 3404 bile
1262 3347 1313 3404 eet
1326 3337 1491 3404 merorem
1506 3339 1552 3404 ita
1562 3339 1629 3404 fore
1646 3347 1717 3402 tum
1728 3348 1919 3420 oeeupatum
1932 3337 2004 3404 aliis
2019 3339 2105 3404 euris
2116 3347 2153 3404 ut

156 3439 221 3494 cod.
241 3390 313 3506 illa,
332 3441 376 3494 tol.
395 3439 412 3492 2
430 3459 454 3495 v.
478 3440 595 3494 habetur
624 3440 696 3493 aliud
724 3455 800 3492 exem
821 3439 862 3490 lar
884 3456 965 3490 manu
988 3437 1128 3492 lenvillaei
1180 3445 1201 3488 a
1218 3425 1356 3490 comitiis
1378 3425 1496 3490 habeat
1517 3423 1636 3489 iustam
1659 3427 1868 3491 vaeationem.
1913 3423 2080 3507 Quidquid
2100 3425 2151 3506 sit,

156 3513 297 3578 metm
341 3509 505 3580 Aogmpha
527 3509 679 3562 resentiora
703 3507 767 3561 cod.
809 3505 850 3572 1¹2
876 3507 921 3560 s⁰¹·
944 3503 986 3576 ⁶5,
1016 3507 1127 3560 Arehiv.
1181 3511 1327 3576 sentiunt
1354 3521 1465 3576 tamen
1493 3508 1688 3587 adversarii,
1718 3531 1752 3576 ee
1774 3531 1841 3574 non
1864 3531 2003 3593 parvum
2028 3509 2152 3576 vulnus

155 3577 240 3634 ΒΜ·
258 3579 328 3648 upp.
375 3579 407 3632 Π·
425 3596 452 3648 P·
469 3577 533 3646 409,
558 3578 656 3630 simler
673 3577 736 3630 V⁰¹·
754 3575 796 3642 ⁵⁰¹
816 3576 914 3630 Versio
932 3577 1038 3646 ⁸⁰⁸¹³⁰⁰
1055 3577 1085 3628 T.
1103 3575 1126 3641 1²
1180 3595 1350 3678 aoeepisso.
1394 3596 1439 3660 Et
1461 3593 1529 3660 dies
1551 3595 1613 3662 boe
1635 3597 1739 3680 magis
1762 3595 1948 3662 deelarabit.
1986 3593 2053 3661 Sed
2076 3595 2152 3662 nolo

582 3663 608 3715 Ρ·
626 3643 698 3710 2⁵⁴²)
1178 3680 1264 3746 hana
1302 3679 1525 3746 narrationem
1560 3679 1689 3764 longius
1722 3683 1888 3766 prosequi,
1929 3683 2006 3764 quia
2037 3691 2151 3766 potero

243 3833 273 3900 Ο
313 3836 320 3849 ,
481 3835 488 3848 ,
764 3835 770 3848 ,
1102 3831 1108 3845 ,
1179 3788 1287 3865 eoram
1316 3765 1449 3831 melius:
1478 3764 1563 3850 quod
1591 3788 1684 3852 spero
1714 3767 1900 3868 propediem
1929 3765 2059 3866 volente
2081 3767 2150 3865 Βρ-

275 3843 376 3916 Pl¹ffl⁰
398 3836 491 3900 flam
509 3856 580 3899 ³¹0⁰
608 3835 708 3900 Pelffl
729 3833 853 3908 V¹f0l⁰v
881 3833 1127 3897 Lssuflssffllenfflfl
1179 3871 1269 3916 mmo
1301 3851 1456 3916 futurum.
1511 3851 1601 3918 Haeo
1630 3859 1779 3917 metrone
1808 3867 1936 3918 errerter
1963 3852 2151 3936 quindeorm

153 3921 311 3987 ⁰⁰⁰10⁸i²³0
333 3923 453 4003 Pfflwri
475 3919 662 3986 fidflliffiifflll
684 3918 947 3985 ⁰lG0¹1⁰V⁰n⁸i⁸
971 3917 1126 3984 adffllfllfl·
1161 3957 1309 4002 vmenses
1331 3935 1417 4022 apud
1439 3957 1499 4000 nos
1514 3935 1585 4002 fuit.
1622 3935 1689 4003 sed
1699 3940 1774 4020 quia
1784 3947 1834 4004 est
1845 3939 1875 4004 ei
1884 3938 2151 4003 molestissimum

152 4007 282 4072 iratori·
1178 4023 1214 4086 in
1236 4029 1384 4088 aeterra
1406 4021 1527 4100 vivere,
1551 4021 1605 4088 ubi
1624 4045 1688 4088 non
1706 4023 1916 4107 intelligatur,
1940 4022 2056 4088 deinde
2074 4022 2151 4104 quia

239 4143 312 4208 Iam
334 4148 467 4225 quintus
489 4143 559 4208 dies
581 4143 689 4226 agitur
700 4165 741 4207 ex
752 4163 816 4224 quo
827 4141 971 4206 Bucerus
981 4138 1086 4205 rediit.
1101 4141 1125 4222 ¹)
1179 4109 1273 4172 fimet
1294 4130 1335 4174 ¹¹⁰
1357 4115 1526 4206 immam
1559 4107 1668 4173 abiem
1695 4110 1800 4207 “bagis
1828 4109 2023 4174 ‘lffltituatur
2051 4127 2151 4206 ‘luam

1179 4201 1264 4274 ante,
1294 4201 1441 4260 se1etuo
1468 4191 1614 4259 conferre
1637 4194 1760 4258 maluit.
1805 4193 1915 4258 Habet
1931 4192 2018 4258 unde
2045 4199 2148 4258 uvat.

151 4227 311 4294 N⁰¹¹dum
334 4237 444 4296 mmm
465 4249 591 4328 uigere·
604 4249 702 4293 ausus
725 4249 808 4306 Μ’
827 4235 865 4292 Ut
886 4227 996 4326 iti-uiri
1018 4227 1126 4326 iwin'
1178 4279 1230 4344 Tu
1253 4278 1348 4344 modo
1369 4299 1441 4344 eam
1462 4278 1496 4342 in
1514 4279 1706 4360 reperienda
1722 4279 1816 4343 domo
1834 4277 2010 4342 adiuvabis.
2046 4280 2149 4344 Aetas

151 4334 323 4398 goremur:
352 4325 423 4380 tum
451 4335 526 4398 qma
548 4316 689 4380 πωπω
715 4333 768 4376 me
793 4333 861 4376 non
895 4312 987 4377 &⁰¹¹⁰
1024 4332 1126 4394 ω’
1177 4364 1240 4431 hoe
1272 4371 1432 4441 meretur,
1466 4371 1499 4428 et
1530 4362 1629 4428 habat
1657 4365 1739 4430 filios
1771 4363 2027 4430 honestissimos.
2081 4363 2150 4428 Fae

151 4407 337 4478 mtumm'
361 4411 397 4466 ut
418 4401 562 4480 venirem
585 4398 740 4482 quamdiu
762 4399 1028 4480 ⁰⁰mp⁰⁵it⁰r⁰⁸²)
1058 4397 1125 4462 iffi⁰
1176 4449 1278 4534 igitur
1306 4458 1343 4514 ut
1370 4450 1491 4514 sentiat
1517 4471 1625 4514 meum
1651 4449 1966 4515 commendationem
1991 4449 2053 4514 sibi
2075 4471 2150 4532 pro·

151 4493 280 4562 essent,
311 4485 451 4569 nequid
477 4484 566 4551 aliud
588 4507 684 4570 agere
714 4483 911 4548 videremur:
948 4493 1018 4548 tum
1040 4481 1125 4566 quod
1176 4535 1283 4602 sume·
1338 4535 1446 4613 Haeo,
1478 4556 1560 4618 quae
1594 4537 1652 4600 abs
1690 4545 1721 4600 te
1754 4535 1899 4618 requiro,
1932 4534 2148 4600 humanitatis

1176 4621 1282 4686 offioia
1303 4620 1425 4704 poteris
1449 4621 1480 4685 ei
1501 4619 1663 4700 exhibere,
1686 4629 1723 4686 ut
1744 4621 1866 4702 opinor,
1890 4621 1971 4686 eitra
1992 4639 2148 4704 magnum

257 4693 288 4757 4)
305 4697 414 4759 emm
430 4691 554 4746 rubeae
571 4692 602 4744 ²³⁸
622 4690 648 4744 S·
667 4689 769 4754 Blssss‘·
787 4688 825 4742 od
842 4689 918 4742 ΨΜ
932 4688 1125 4742 mmm
1175 4707 1366 4772 molestiam.
1412 4705 1488 4771 Non
1510 4721 1620 4772 tamen
1640 4705 1771 4772 consido
1798 4715 1836 4769 ut
1864 4727 1937 4771 eam
1963 4705 2048 4770 domi
2071 4713 2148 4770 tuae

149 4763 246 4828 ripam
257 4761 657 4896 {ipfsst'pissss‘fkssuissff‘qpm
682 4825 795 4894 Omm-
815 4823 989 4878 mmmmm?
1016 4823 1123 4888 (Hm,
1175 4791 1304 4871 habeas,
1328 4791 1385 4857 sed
1397 4799 1528 4857 tantum
1545 4803 1583 4856 ut
1606 4792 1636 4856 ei
1654 4789 1784 4856 domum
1803 4791 1945 4874 aliquam
1956 4812 2015 4874 per
2025 4791 2147 4856 amieos

150 4897 206 4952 IV.
223 4895 285 4960 92.)
1175 4878 1262 4942 iusto
1284 4878 1454 4944 locationis
1476 4879 1588 4962 pretio,
1610 4898 1776 4960 probares,
1806 4899 1846 4941 ne
1875 4877 2010 4942 haerere
2031 4873 2088 4939 diu
2110 4876 2148 4940 iu

165 4966 233 5028 341,
254 4967 283 5030 1)
305 4966 484 5019 Retirbouum
503 4966 641 5036 reliquisse
658 4965 764 5018 uidete·
782 4963 830 5016 sot
846 4961 924 5027 finem
945 4961 1020 5032 Iulii,
1043 4961 1124 5013 srmul

148 5051 211 5088 αιιιι
233 5035 449 5088 Meluncbtbone.
1178 5053 1218 5060 ,μ
1245 5053 1267 5058 -.
1280 5053 1292 5058 -
1322 5051 1379 5058 -...

254 5103 287 5168 2)
307 5104 417 5158 Arbitri
439 5103 608 5157 Basileeures
631 5101 726 5155 delita
748 5116 806 5154 erem
830 5100 996 5154 Bernotr'bus
1019 5114 1122 5166 compo·

148 5173 252 5228 mdo.
300 5169 355 5239 Qus
381 5189 402 5226 o.
425 5172 493 5225 Idus
516 5173 586 5240 Aup.
615 5169 748 5224 Generum
773 5169 939 5239 reliquerunt
961 5169 1062 5235 inferto
1085 5181 1122 5222 re.
1278 5167 1308 5233 3)
1327 5169 1404 5225 Aetia
1423 5167 1674 5233 Rarutoneettur,
1692 5167 1750 5222 nisi
1764 5167 1897 5233 fallimur.

148 5241 323 5308 6616331.
1277 5235 1307 5306 4)
1325 5237 1351 5292 d.
1369 5235 1411 5292 29.
1431 5237 1500 5292 Iulii
1516 5237 1549 5302 of.
1571 5235 1691 5293 &laidem
1707 5253 1735 5306 p.
1752 5235 1812 5291 235.
1852 5235 1881 5290 C.
1903 5233 1937 5288 R.
1956 5233 1973 5286 1
1980 5233 2010 5289 V.
2027 5232 2087 5286 626.

1890 5319 1939 5371 Π*
