4888 5966
1042 335 1120 397 1541
1144 327 1306 398 ΟΟΤΟΒ.
2097 346 2160 411 306

612 551 677 622 3⁰7
1188 518 1270 592 eius,
1299 515 1378 600 quid
1404 517 1618 616 perniciosius
1644 520 1940 622 exeegitari·qucat
1962 545 2061 606 qnam
2082 529 2161 620 reii-

678 601 687 624 ‘
1187 621 1260 668 ecre
1281 623 1337 668 eos
1358 623 1439 685 quos
1461 601 1616 669 Christus
1637 605 1731 672 nobis
1752 617 1854 671 mittit
1873 606 2083 678 administros
2105 635 2160 680 ae-

167 701 382 770 nnusnru
399 703 862 774 naununonsnnusns
877 705 1135 776 neennsmn
1188 695 1300 752 ternae
1318 687 1442 786 sarius,
1465 687 1954 790 dispensatoresrquteriorum
1971 696 2060 762 vitae
2082 697 2159 764 bea

496 807 806 876 NEOCOMENSL
1188 771 1261 838 tae?
1304 773 1415 838 Nostis
1436 773 1514 856 quid
1536 773 1689 840 aecrderrt
1708 775 1776 842 rllrs
1797 779 1855 860 qui
1876 799 1987 846 servos
2008 781 2159 850 eoelestis

1187 859 1274 942 regis
1297 858 1339 924 ad
1359 859 1490 942 nuptias
1510 869 1665 926 vocantes
1687 862 1870 927 reiecerunt
1896 885 1933 930 ae
1962 868 2159 935 contumelia

1188 943 1377 1009 affecerunt
1410 943 1482 1008 Iam
1494 943 1832 1012 FcrcllumaChristo
1854 949 1925 1032 ipso
1947 949 2059 1018 advos
2078 953 2158 1018 mis·

1187 1051 1271 1106 sum,
1293 1037 1327 1094 et
1347 1029 1489 1112 primum
1510 1051 1611 1112 quum
1632 1031 1719 1096 ultro
1740 1034 1875 1112 veniret,
1898 1043 1933 1099 et
1960 1057 2061 1118 quum
2082 1059 2159 1104 eum

1188 1135 1294 1197 nuper
1320 1113 1448 1179 solenni
1474 1121 1616 1181 atcerte
1644 1118 1852 1184 sanctissima
1874 1122 2041 1187 vocatione
2062 1143 2157 1188 revo-

1189 1201 1296 1276 castis,
1323 1200 1396 1284 quis
1419 1199 1566 1265 dubitare
1588 1202 1690 1283 possit
1711 1203 1775 1268 fide
1797 1203 1849 1268 vel
1869 1204 2073 1272 mediocriter
2095 1208 2158 1273 im·

169 1318 376 1388 (Antographeu
395 1319 491 1372 Bneeri
513 1320 606 1372 multis
630 1319 719 1374 lituris
743 1315 771 1376 e't
787 1321 977 1374 additamentis
996 1328 1136 1376 oneratum
1190 1285 1309 1350 butus?
1353 1285 1479 1384 purum,
1506 1286 1595 1386 qnim
1625 1287 1693 1386 iuli,
1710 1309 1769 1353 V⁰⁸
1799 1288 1924 1356 01111511
1951 1291 2157 1392 θῩθΠΕὲῙῙῙΠῙῙ

168 1387 255 1440 deon
275 1388 358 1441 simus
379 1404 412 1440 ει
432 1387 513 1440 Aret.
532 1388 626 1441 Tuom.
649 1393 762 1457 urgent.
786 1391 855 1459 iipp.
877 1391 974 1443 Bueeri
999 1391 1028 1443 p,
1047 1390 1082 1444 11,
1102 1391 1135 1443 N,
1187 1391 1270 1453 pure
1292 1376 1325 1434 ct
1352 1370 1581 1436 ardenussrmo
1607 1371 1715 1438 studio
1737 1395 1811 1440 eum
1839 1397 1918 1440 vera
1946 1386 2034 1442 vitae
2061 1399 2157 1444 mno-

169 1454 225 1510 151.
285 1456 389 1508 lurein
407 1457 458 1509 hee
475 1456 633 1508 difficillima
649 1457 736 1522 lectu,
762 1474 831 1526 qnae
848 1458 984 1511 asteriscis
1002 1465 1135 1524 notamus,
1187 1456 1293 1520 centia
1321 1463 1354 1519 et
1371 1457 1586 1522 sanctimonia
1604 1456 1691 1540 apud
1714 1480 1771 1524 vos
1789 1466 1823 1524 et
1840 1459 2004 1542 plantavit
2026 1469 2060 1526 cb
2080 1483 2157 1546 pro·

315 1524 359 1578 vei
376 1525 483 1592 purete
500 1525 668 1593 interpositis
685 1527 991 1596 praetermiserimus)
1188 1542 1279 1605 vexit
1305 1541 1510 1624 fructumque
1539 1541 1788 1626 haudquaquam
1818 1545 1987 1630 vulgarem
2013 1548 2158 1615 Domino

1188 1623 1275 1710 apud
1298 1647 1354 1692 vos
1376 1627 1494 1693 attulit
1528 1627 1624 1708 Quod
1645 1649 1741 1694 neme
1762 1636 1869 1712 petest
1889 1632 1952 1695 nisi
1974 1631 2157 1700 aDomine

253 1709 449 1794 Quanquam
485 1731 544 1794 per
566 1733 601 1777 se
638 1713 756 1797 ingens
788 1712 990 1780 necessitudo
1023 1722 1072 1778 est
1104 1720 1137 1779 et
1188 1710 1229 1776 ad
1251 1711 1312 1777 hoe
1334 1713 1468 1778 missus:
1491 1713 1651 1796 quomedo
1672 1714 1913 1795 praedicabunt,
1935 1717 1998 1782 nisi
2020 1719 2156 1784 mittan·

167 1795 308 1881 quodvis
335 1818 432 1862 vome
469 1797 612 1863 caritatis
645 1807 741 1881 atque
778 1799 876 1863 etiam
907 1798 1136 1864 familiaritatis
1188 1796 1263 1861 tur?
1287 1797 1333 1864 Ut
1343 1798 1464 1862 multos
1474 1799 1584 1882 itaque
1595 1799 1797 1884 paedagogos
1810 1799 1956 1867 habeatis
1973 1803 2010 1867 in
2022 1801 2155 1869 Christo

167 1883 312 1947 officium
329 1884 446 1947 merito
463 1883 602 1967 imperet
619 1884 786 1950 consensio
803 1884 978 1968 religionis,
1001 1885 1137 1950 societas
1188 1903 1254 1947 non
1281 1889 1390 1948 tamen
1418 1883 1544 1949 habetis
1571 1883 1671 1948 alium
1698 1905 1795 1967 quam
1824 1885 1911 1952 hune
1931 1897 2074 1970 patrem:
2104 1888 2158 1956 hie

167 1966 293 2033 Christi
319 1989 384 2050 qua
409 1969 502 2033 nobis
530 1969 670 2034 invicem
696 1969 842 2034 membra
871 1991 998 2048 sumus,
1026 1981 1137 2034 tamen
1187 1988 1245 2033 vos
1268 1989 1326 2050 per
1347 1969 1555 2053 evangelium
1577 1968 1710 2034 Christo
1738 1971 1959 2054 regeneravit,
1989 1972 2043 2038 hie
2066 1974 2156 2052 aluit,

166 2054 275 2118 nescio
298 2073 361 2136 que
383 2075 442 2118 nes
472 2053 629 2138 singulari
657 2053 756 2120 huius
784 2053 888 2139 ipsius
917 2057 1080 2122 societatis
1101 2057 1137 2120 in
1188 2051 1241 2119 hie
1263 2052 1304 2117 ad
1321 2053 1488 2136 praeclara
1513 2055 1716 2120 incrementa
1736 2055 1900 2134 educavit,
1924 2057 2046 2141 alitque
2068 2060 2160 2124 levet

166 2137 300 2204 Christe
324 2138 453 2204 vinculo
474 2138 644 2206 adstrictos
667 2140 756 2204 vobis
777 2141 962 2220 sentiamus,
992 2161 1030 2205 eo
1051 2139 1137 2224 quod
1188 2147 1222 2202 et
1242 2138 1393 2220 provehit
1414 2139 1520 2206 adhtm
1542 2141 1685 2204 maxima
1712 2163 1791 2206 cure
1815 2155 1848 2206 et
1874 2140 1953 2221 fide,
1982 2151 2020 2207 ιιι
2047 2143 2158 2211 nullus

166 2223 303 2290 ecelesia
324 2233 436 2289 vestra
457 2225 637 2289 ministerio
656 2224 780 2291 Fareti
800 2225 906 2291 nostri
928 2225 1005 2311 (quo
1020 2227 1056 2290 in
1079 2224 1136 2291 ad·
1189 2223 1318 2308 uspiam
1349 2223 1440 2288 illam
1471 2225 1649 2292 ecelesiam.
1711 2227 1894 2309 Loquimur
1924 2227 2008 2310 quod
2041 2249 2158 2295 verum

167 2308 304 2374 serendo
326 2317 360 2373 et
381 2309 590 2392 provehendo
617 2331 718 2394 regno
741 2309 866 2376 Christi
888 2331 947 2375 nes
975 2319 1061 2377 ecrte
1084 2333 1136 2375 ar·
1189 2309 1325 2388 seimus,
1353 2317 1511 2375 testamur
1538 2309 1625 2393 quod
1650 2311 1685 2374 in
1708 2313 1851 2376 Domino
1872 2321 2076 2395 compertum
2099 2315 2158 2379 ha·

167 2393 352 2460 dentiorcm
374 2394 499 2459 nullum
522 2396 688 2473 novimus)
717 2397 860 2480 primum
882 2396 1014 2462 Christo
1043 2397 1137 2460 resti·
1188 2396 1312 2461 bemus.
1347 2393 1436 2474 Quid
1457 2397 1557 2479 igitur
1577 2397 1612 2460 in
1636 2417 1674 2460 eo
1696 2397 1852 2479 displicet,
1875 2406 1914 2462 ut
1935 2419 2030 2481 quem
2043 2397 2158 2464 Chris·

166 2487 239 2545 tuta
261 2488 312 2545 est
337 2479 435 2562 idque
463 2487 575 2562 postea
601 2489 670 2545 tam
692 2503 769 2546 vera
797 2481 953 2548 canoniea
980 2481 1137 2547 electione
1189 2489 1251 2558 tus,
1274 2501 1341 2544 non
1362 2481 1474 2560 hemo,
1504 2479 1595 2546 vobis
1617 2481 1720 2560 misit,
1749 2489 1782 2546 et
1810 2482 1900 2548 misit
1927 2483 2159 2552 administrum

165 2573 200 2631 et
221 2571 337 2630 sancta
357 2567 527 2631 vocatione
549 2567 694 2631 omnium
705 2566 857 2631 ordinum
868 2567 1042 2650 repetierit.
1072 2567 1137 2632 Ae-
1189 2565 1306 2630 salutis
1327 2575 1471 2644 vestrae,
1500 2587 1565 2631 non
1593 2566 1665 2632 dice
1693 2567 1847 2633 reiiciatis
1876 2567 1933 2632 scd
1961 2568 2157 2635 dimittatis?

166 2649 255 2716 cedit
275 2649 340 2715 huc
361 2659 395 2715 et
415 2650 617 2732 praeclarum
645 2650 727 2716 illud
747 2652 873 2718 facinus
894 2649 980 2735 qnod
1001 2650 1137 2716 Domini
1189 2663 1226 2715 ut
1242 2657 1369 2732 patrem
1386 2653 1641 2733 regenerationis
1658 2663 1795 2730 vestrae,
1819 2673 1885 2717 non
1903 2653 1973 2719 dico
1990 2654 2158 2736 abdicetis,

166 2736 285 2820 spiritu
303 2735 518 2801 succurrendo
535 2737 919 2802 ecelesiacGenevatium
938 2738 972 2801 in
990 2743 1137 2801 extremo
1188 2735 1245 2800 sed
1267 2735 1351 2818 eripi
1378 2736 1471 2801 vobis
1509 2737 1703 2819 patiamini?
1758 2739 1947 2803 Mutavitne
1976 2737 2159 2807 doctrinam

167 2821 356 2886 discrimine
372 2821 534 2887 laboranti
552 2821 754 2906 designastis.
789 2822 845 2888 Sic
862 2841 939 2907 ergo
956 2821 1137 2888 coniunctis
1188 2829 1221 2885 et
1248 2819 1334 2903 quod
1360 2820 1396 2884 in
1424 2821 1566 2885 Domino
1594 2822 1777 2888 aedificavit
1804 2845 1891 2890 nune
1918 2823 2073 2904 destruit,
2101 2831 2160 2892 aut

167 2904 307 2971 addictis
330 2907 420 2972 vohis
447 2907 483 2971 in
504 2905 646 2972 Domino
667 2929 735 2971 non
756 2915 894 2990 possunt
914 2927 979 2972 non
1001 2928 1136 2990 magno·
1189 2905 1275 2989 quod
1297 2905 1459 2970 destruxit
1479 2927 1568 2972 nunc
1589 2905 1796 2972 reaedificat?
1842 2911 1889 2974 At
1909 2930 2008 2991 quum
2030 2931 2160 2994 semper

166 3012 245 3075 pere
268 3011 365 3057 curae
387 2993 480 3058 nobis
503 3013 572 3058 esse
594 3013 633 3057 ea
660 3012 742 3076 quae
763 2992 805 3057 ad
827 2993 965 3060 salutem
986 3002 1021 3058 ct
1040 3013 1137 3058 orna·
1188 2992 1366 3069 sinceriter,
1387 2989 1579 3056 nunedocet
1599 2991 1846 3058 sincerrissime:
1869 2999 1902 3058 et
1923 2995 2099 3076 quaebene
2120 3017 2159 3063 ae

166 3083 318 3142 mentum
349 3077 502 3143 ecelesiae
531 3087 658 3144 vestrae
690 3078 832 3144 maxime
862 3078 1031 3157 intersint,
1064 3085 1137 3142 tum
1189 3076 1376 3141 salutariter
1393 3075 1574 3142 aedifieavit
1594 3097 1682 3142 nune
1699 3077 1838 3142 absolvit
1855 3087 1889 3142 et
1911 3080 2050 3160 perfieit:
2076 3101 2159 3163 qaae

166 3163 268 3228 etiam
290 3161 332 3227 ad
358 3163 438 3228 alius
466 3163 519 3228 vel
546 3162 761 3230 aedificandas
787 3164 841 3230 vel
869 3165 963 3248 gravi
990 3163 1138 3246 exemplo
1188 3163 1242 3244 pie
1259 3181 1297 3228 ae
1314 3161 1523 3228 necessarie*
1545 3160 1707 3227 destruxit
1729 3183 1816 3226 nune
1837 3163 1966 3245 penitus
1987 3165 2159 3230 submovet

164 3245 344 3313 laedendus
364 3247 541 3330 plurimum
562 3249 719 3315 momenti
740 3249 891 3315 habeant
936 3248 1042 3330 Quale
1063 3267 1138 3332 pre·
1189 3256 1222 3312 et
1243 3247 1358 3313 abolet.
1402 3246 1535 3312 Invita
1561 3248 1688 3332 igitur*
1714 3248 1831 3312 vitium
1859 3247 1930 3313 est?
1974 3249 2021 3312 At
2048 3268 2087 3314 ea
2108 3257 2159 3315 est

165 3333 252 3398 lecto
280 3339 331 3398 est
358 3335 470 3417 gravis
502 3335 566 3400 ista
598 3343 709 3401 vestra
739 3335 779 3400 de
810 3335 991 3400 ministerio
1018 3333 1140 3400 Farellt'
1190 3335 1362 3399 sanctitate
1383 3341 1422 3397 ut
1443 3339 1477 3396 et
1497 3333 1607 3398 hostes
1627 3332 1782 3397 admirmi
1799 3351 1872 3396 eam
1890 3341 2057 3418 cogantur.
2089 3332 2158 3400 Sed

165 3418 379 3501 perturbatio.
424 3419 622 3487 Audivimus
654 3420 741 3486 enim
773 3420 930 3503 quosdam
962 3419 1048 3502 apud
1080 3439 1139 3485 ves
1190 3419 1325 3483 offendit
1343 3417 1605 3501 reprehensionis
1625 3417 1792 3483 acerbitas.
1836 3417 1925 3498 Quid
1948 3440 2024 3484 vere
2046 3439 2157 3502 repre-

166 3504 247 3582 viri,
276 3510 315 3567 ut
335 3503 467 3569 Christo
495 3511 562 3569 toto
589 3516 719 3589 pectore
747 3505 891 3572 ardentis
917 3507 964 3570 ita
984 3505 1020 3570 in
1041 3525 1140 3572 cansa
1190 3503 1314 3582 hendit,
1336 3503 1452 3586 optimi
1475 3505 1541 3568 viri
1567 3514 1601 3568 et
1627 3501 1767 3568 irrrtres?
1812 3501 1905 3584 Quae
1926 3505 1961 3568 in
1982 3505 2158 3587 reprehen-

166 3587 297 3654 Christi
319 3609 447 3672 semper
473 3589 692 3670 vehementis,
722 3591 909 3656 sinceritate
931 3593 977 3655 sie
997 3591 1138 3656 offensos
1190 3589 1283 3654 sione
1309 3588 1380 3653 eins
1407 3588 1587 3654 acerbitas?
1630 3588 1718 3654 Num
1747 3588 1853 3670 quid*
1879 3589 2091 3672 reprehendit
2119 3609 2158 3656 ee

166 3693 250 3752 csse,
274 3683 311 3738 ut
330 3675 429 3740 etiam
451 3675 533 3753 allis,
559 3677 616 3759 qui
633 3697 708 3740 eum
730 3677 898 3740 tamenin
919 3676 1061 3740 Domino
1082 3696 1139 3740 ve·
1190 3694 1272 3756 quae
1294 3674 1427 3756 spiritus
1449 3673 1574 3738 Christi
1595 3674 1630 3737 in
1652 3673 1831 3757 seripturis,
1862 3695 2005 3758 quaeque
2026 3675 2084 3740 illa
2104 3696 2158 3740 ae-

165 3767 330 3825 nerantur
361 3768 395 3824 et
428 3767 594 3825 retentum
607 3765 624 3800 ⁹
650 3763 685 3826 in
717 3761 854 3828 eeclesia
885 3769 995 3827 vestra
1024 3761 1137 3840 velint,
1190 3767 1284 3823 terna
1304 3769 1408 3824 morte
1429 3757 1529 3842 digna
1549 3779 1620 3824 esse
1641 3759 1827 3841 praedicat?
1873 3759 1961 3840 Quid
1982 3761 2048 3826 iam
2067 3781 2159 3826 acer·

164 3845 333 3930 plerisque
360 3845 545 3910 consultum
567 3845 732 3926 videatur,
759 3847 853 3911 illum
879 3847 1059 3912 ministerio
1086 3867 1137 3910 ee·
1189 3845 1267 3911 bum
1290 3842 1370 3908 adeo
1392 3843 1615 3926 diciqueatut
1635 3864 1696 3926 per
1711 3844 1754 3910 sit
1772 3845 1940 3910 acerbitati
1956 3846 2157 3928 peccatique

165 3929 285 3996 elesiae
308 3937 435 3996 vestrae
456 3931 543 3996 ultro
564 3929 685 3996 eedere.
729 3931 819 3999 Istue
832 3938 856 4008 ¹)
883 3951 983 4013 quum
1004 3931 1137 3996 rescivi·
1189 3929 1365 3994 offenditur
1386 3929 1493 4006 Deus,
1521 3949 1585 4012 quc
1614 3929 1763 3994 obiicitur
1784 3951 1923 4013 regnum
1948 3931 2082 4007 Christi,
2103 3951 2157 3996 ac·

164 4037 251 4093 mus,
275 4037 394 4100 magne
416 4024 517 4097 certe,
545 4025 585 4081 ut
611 4037 670 4100 par
691 4025 777 4094 erat,
806 4016 914 4082 dolere
936 4024 970 4081 et
991 4035 1137 4081 moerere
1189 4016 1327 4080 cersitur
1343 4012 1513 4098 gehenna?
1558 4012 1647 4094 Quid
1668 4014 1806 4097 deniqne
1827 4019 1946 4079 taum*
1973 4015 2074 4081 vestri
2102 4033 2156 4080 ca·

165 4101 275 4166 affeeti
304 4121 434 4179 sumus,
464 4123 565 4184 quum
593 4111 719 4167 vestrae
746 4115 816 4167 tum
844 4102 982 4167 aliarum
1011 4121 1136 4185 quoque
1188 4101 1286 4164 ritate
1306 4098 1581 4183 flagrantissimus
1610 4100 1738 4164 animus
1759 4100 1795 4164 in
1821 4109 1933 4164 vestra
1953 4109 2084 4183 peecata
2106 4099 2156 4164 di-

165 4186 379 4252 eeelesiarum
400 4207 506 4252 causa.
550 4187 635 4252 Nam
659 4186 761 4252 vere*
782 4209 842 4253 nee
863 4195 972 4253 vestre
993 4206 1053 4252 nee
1070 4186 1137 4251 ulla
1188 4206 1261 4251 cere
1272 4194 1340 4250 tam
1357 4205 1508 4250 severum
1529 4193 1563 4248 et
1574 4185 1751 4250 vehemens
1768 4187 1878 4267 possit,
1901 4184 1985 4268 quod
2004 4186 2157 4252 acerbum
2210 4235 2215 4248 .

164 4271 327 4356 perstabit
349 4271 483 4338 ecclesia
504 4273 533 4338 si
554 4293 621 4337 non
643 4271 766 4338 Christi
795 4273 962 4338 ministros
984 4293 1078 4338 veros
1100 4279 1137 4336 ut
1188 4269 1253 4337 diei
1269 4268 1453 4335 mereatur?
1487 4267 1623 4349 Quam*
1640 4291 1716 4336 vcro
1734 4270 1869 4334 meliora
1888 4280 1967 4334 sunt
1983 4270 2064 4336 haee
2081 4269 2157 4336 vul·

164 4356 295 4423 Christi
317 4357 484 4423 ministres
507 4357 721 4442 amplectatur
741 4369 774 4423 et
794 4357 913 4437 audiat,
936 4359 997 4424 hoe
1019 4365 1077 4436 est,
1099 4365 1137 4421 ιιι
1188 4377 1268 4422 nera
1289 4357 1386 4420 huius
1408 4363 1532 4419 ettam
1550 4356 1673 4420 unice*
1694 4354 1859 4438 diligentis
1879 4375 1939 4420 vos
1961 4364 1994 4420 et
2015 4356 2156 4423 sitientis

164 4463 222 4509 eos
244 4442 281 4506 in
301 4442 419 4526 quibus
437 4442 605 4509 Christum
627 4445 734 4526 ipsum
754 4444 862 4508 Deum
884 4450 918 4508 et
939 4451 1136 4509 servatorem
1188 4442 1354 4506 salutem*
1370 4448 1525 4516 vestram,
1549 4460 1645 4521 quam
1667 4441 1777 4506 oscula
1795 4461 1906 4504 eorum
1928 4441 1984 4523 qui
2005 4441 2047 4506 ad
2068 4441 2157 4508 mala

163 4537 318 4594 nostrum
341 4549 376 4595 se
397 4527 509 4593 audire
531 4528 650 4607 eredat,
672 4529 766 4593 iuxta
786 4529 881 4594 illud:
908 4528 976 4610 Qui
998 4549 1056 4594 vos
1077 4549 1135 4593 au·
1187 4536 1296 4593 vestra
1316 4527 1519 4592 connivent*
1541 4546 1579 4590 ae
1605 4523 1676 4590 ideo
1702 4545 1760 4590 vos
1787 4545 1864 4590 vere
1886 4524 2046 4592 oderunt?
2089 4527 2156 4592 Mi·

163 4611 217 4678 dit
237 4633 292 4678 me
312 4613 412 4693 audit,
435 4615 489 4698 qni
509 4634 568 4679 ves
586 4616 765 4679 coutemnit
780 4635 832 4678 me
850 4615 1036 4680 contemnit
1076 4613 1136 4678 Mi·
1187 4613 1290 4678 nister
1311 4621 1360 4676 est
1387 4611 1440 4677 hie
1467 4611 1602 4694 spiritus
1624 4609 1757 4688 Christi,
1779 4609 1880 4675 huius
1902 4620 1952 4677 est
1978 4611 2155 4694 reprehen-

163 4699 279 4765 nister·
299 4699 429 4781 quidem
458 4707 567 4764 vester
595 4707 645 4764 est
666 4697 831 4779 Furellue,
862 4697 980 4763 sedin
1008 4699 1069 4764 hoe
1096 4705 1134 4763 ut
1187 4696 1444 4762 deremendum
1466 4695 1506 4762 de
1528 4707 1667 4778 peceato,
1696 4717 1864 4778 nunquam
1897 4717 1963 4761 uon
1985 4697 2155 4779 poeniten-

163 4783 302 4850 Christo
323 4803 384 4850 vos
405 4783 558 4850 adducat:
587 4805 686 4867 quare
714 4786 818 4869 magis
841 4784 965 4851 Christi
987 4785 1137 4849 minister
1187 4783 1266 4848 tiam
1289 4781 1491 4865 praedicere,
1519 4801 1647 4864 semper
1668 4800 1724 4845 cor
1751 4788 1916 4847 conterere
1948 4789 1982 4846 et
2002 4783 2155 4866 spiritum

163 4877 226 4936 eet
272 4869 382 4934 Huius
403 4869 457 4934 ille
480 4870 648 4953 negotium
669 4871 753 4956 agit,
780 4871 821 4936 ab
849 4871 909 4935 hoe
935 4870 1053 4935 missus
1075 4876 1134 4934 est.
1187 4889 1264 4934 vero
1292 4867 1417 4950 peceati
1445 4867 1553 4932 delere
1580 4865 1817 4932 contundere*
1866 4867 1955 4948 Quin
1982 4867 2155 4932 irascimur

162 4953 235 5020 Hic
263 4954 423 5038 siqnidem
450 4976 469 5020 e
494 4955 592 5021 coelis
621 4955 677 5020 dat
704 4955 879 5040 apostolos,
907 4954 1135 5039 evangelistas,
1186 4954 1326 5038 peccatis
1348 4954 1468 5018 nostris
1489 4973 1571 5034 quae
1593 4973 1654 5018 nos
1675 4951 1820 5017 alienant
1840 4951 1951 5030 aDee,
1973 4972 2054 5034 quae
2075 4951 2153 5017 hac·

161 5039 359 5124 prophetas,
388 5040 535 5108 doctores
561 5049 595 5106 et
622 5049 775 5124 pastores.
820 5039 909 5122 Quid
930 5061 1008 5126 ergo
1029 5040 1136 5106 infeli-
1187 5039 1357 5104 reditatum
1383 5038 1547 5104 coelerum
1574 5038 1732 5121 sanguiue
1760 5037 1885 5103 Christi
1910 5049 2037 5120 partam
2065 5057 2153 5102 eem-

163 5163 370 5172 —ffl—
1187 5129 1345 5190 mutant'
1382 5123 1566 5208 gehennam
1599 5132 1747 5206 paratam
1780 5123 1924 5188 Satanae
1956 5129 1990 5186 et
2027 5122 2153 5207 angelis

180 5227 250 5288 wi.
268 5227 297 5293 1)
314 5228 410 5298 tepeo
427 5229 535 5283 ωιιιιιὲ.
1188 5211 1273 5290 eins,
1302 5231 1369 5274 non
1389 5216 1595 5293 peecatorum
1621 5208 1863 5293 reprehensioni
1894 5206 2073 5292 quamlibet
2092 5207 2153 5274 dn·

274 5313 488 5384 cassiopea
530 5315 587 5370 vot.
604 5313 657 5367 ιιι.
1617 5363 1621 5370 ,
1913 5309 1948 5362 ro

253 976 418 1044 Ferellum
451 1000 473 1045 a
502 976 624 1044 eirico
652 980 722 1060 ipso
753 981 885 1046 mamm
917 981 1136 1064 mespelistum

168 1061 355 1146 eupitime
372 1065 526 1129 veeutieue
552 1065 588 1129 iu
609 1065 783 1132 minatoria
808 1067 875 1132 ιάιιι
896 1067 1007 1132 wem
1028 1066 1137 1148 coufir-

167 1155 285 1213 mutum
306 1150 475 1230 repudiare
495 1149 639 1232 religioni
659 1150 797 1217 babeant
