4898 5970
292 274 356 338 759

290 525 293 532 ,
376 453 508 522 Pastori
525 460 597 521 tum
618 450 808 519 fidelissimo
828 461 899 519 tum
922 452 1108 520 doctissime
1129 450 1176 518 Io.
1188 449 1264 518 (lal-

293 541 371 608 vino
390 540 485 606 fratri
501 545 537 608 et
557 547 760 623 symmystae
781 559 880 622 quam
899 539 1178 690 carusitggnem

377 757 413 826 S.
446 761 513 826 Per
535 759 757 839 manseram,
787 761 843 844 qui
870 781 939 826 una
960 781 1034 826 eum
1056 780 1159 826 uxore
1180 760 1266 825 istuo

290 867 327 914 se
353 845 544 930 recipiebat,
578 845 758 911 scribebam
787 845 820 909 id
846 845 932 928 quod
961 845 1142 929 contigerat
1168 844 1266 909 huius

291 931 407 1016 gratia,
430 939 464 996 et
485 951 522 996 eo
543 930 597 995 die
618 952 681 1014 quo
703 931 781 997 hinc
801 929 900 995 solvit
917 931 1081 997 Gerordas
1097 929 1266 996 Michaelis

290 1016 395 1095 filius,
423 1017 476 1081 cui
503 1024 541 1082 tu
562 1015 787 1082 testimonium
809 1015 954 1096 dederas,
981 1015 1080 1082 rediit
1102 1018 1264 1100 Argento-

290 1109 378 1182 rato,
417 1101 509 1166 nulla
540 1122 679 1184 usquam
717 1101 903 1168 conditione
935 1101 1081 1166 literaria
1118 1103 1263 1166 inventa.

291 1185 391 1256 Solus
411 1186 556 1253 medicus
578 1187 710 1252 volebat
731 1207 806 1252 eum
827 1187 915 1270 apud
933 1207 968 1252 se
990 1186 1118 1266 habere,
1141 1185 1265 1252 sedita

290 1284 330 1338 ut
365 1273 575 1358 gymnasium
609 1293 676 1337 non
710 1273 864 1350 intraret,
897 1271 955 1338 sed
987 1293 1116 1356 semper
1150 1293 1263 1356 soque-

290 1367 384 1423 retur
412 1355 584 1424 medicum.
628 1357 752 1423 Attulit
778 1358 808 1424 is
836 1357 948 1423 literas
976 1378 1056 1441 quus
1083 1357 1178 1423 mitto
1204 1379 1264 1442 per

290 1443 447 1508 nuncium
475 1463 542 1507 nou
564 1441 644 1508 adeo
665 1443 814 1522 celerem,
837 1442 895 1508 sod
916 1443 1001 1508 alius
1022 1465 1089 1508 uon
1111 1443 1275 1526 occurrit„

289 1529 378 1594 Boni
400 1527 434 1593 id
455 1527 613 1594 consules.
658 1525 712 1592 Ad
733 1529 885 1594 ecclesius
906 1529 1077 1594 mittemus
1102 1531 1265 1594 rationem

291 1633 448 1680 censuras
469 1633 566 1697 quam
588 1609 808 1679 observamus.
825 1614 847 1696 ¹)
891 1612 1082 1696 Ἀνιτδικοςι)
1105 1614 1264 1698 quaedum
1367 1613 1370 1620 “

290 1699 455 1784 congessit
475 1697 636 1783 sedigno:
659 1719 719 1763 nos
734 1699 897 1766 noluimus
911 1701 975 1766 nisi
996 1699 1121 1764 nudum
1142 1701 1264 1766 lactum

288 1805 478 1868 proponere,
501 1783 763 1867 quoditahabet.
786 1783 979 1850 Ocusendus
991 1785 1102 1869 egredi
1118 1783 1263 1851 iubetur:

289 1889 353 1956 quo
376 1889 507 1954 egresso
533 1869 616 1952 petit
643 1868 784 1935 decanus
811 1890 832 1934 a
860 1871 976 1937 vicinis
1002 1869 1158 1937 censendi
1186 1869 1264 1954 quid

228 1955 230 1960 ’
287 1955 399 2020 norint
409 1955 444 2018 in
455 1955 555 2020 fratre
565 1953 648 2038 quod
662 1955 770 2038 palam
781 1955 926 2020 offendat
936 1957 1114 2036 ecclesium,
1133 1955 1264 2021 attende

286 2039 487 2124 impediatur
505 2037 685 2105 aedificatio
707 2041 871 2121 ecclcsiae,
897 2049 931 2106 et
954 2042 1093 2126 pastoris
1116 2041 1264 2106 ministe-

287 2127 374 2191 rium
397 2124 626 2208 vilipendatur,
648 2132 720 2190 tum
741 2133 873 2208 propter
896 2126 1004 2209 ipsum
1030 2135 1101 2190 tum
1130 2133 1264 2209 propter

288 2231 373 2276 suos.
407 2209 551 2275 Demum
569 2212 752 2294 generatim
770 2210 810 2276 ab
822 2211 894 2276 aliis
911 2212 1035 2296 petitur
1052 2211 1130 2294 quid
1148 2220 1264 2294 putent

288 2295 426 2381 dignum
448 2296 542 2362 ouius
556 2295 658 2360 frater
671 2295 894 2361 admoneatur.
937 2295 1001 2362 Ubi
1015 2317 1128 2361 omnes
1145 2296 1263 2362 suffra·

287 2383 378 2467 &um
401 2379 539 2446 tulerint
559 2389 695 2446 vocatur
716 2383 831 2459 irater,
858 2389 891 2445 et
912 2382 1091 2447 secundum·
1112 2381 1263 2448 conclusa

286 2487 347 2550 per
368 2467 487 2532 fratres
515 2465 652 2530 candide
682 2473 716 2529 et
746 2467 847 2530 amice
870 2465 1065 2531 admonetur
1085 2480 1123 2532 ut
1151 2475 1263 2534 sancte

287 2551 431 2617 officium
458 2552 555 2616 faeiat
579 2559 613 2614 et
634 2551 802 2616 ecclesiam
825 2551 981 2618 aedificet.
1025 2553 1100 2618 Non
1120 2551 1262 2628 babuci)

287 2657 371 2720 quae
392 2647 464 2748 μου
473 2639 503 2712 ⁴)
526 2637 732 2720 conscripsit:
761 2645 874 2702 tarum
903 2639 930 2704 si
952 2637 1092 2705 nuncius
1114 2659 1261 2705 occurro·

287 2721 334 2788 rit
350 2719 392 2786 ad
420 2730 454 2786 te
482 2720 620 2785 mittum.
671 2721 740 2786 Vix
768 2723 934 2806 potuimus
963 2725 1154 2807 impetrare,
1189 2736 1260 2790 tou-

287 2813 361 2871 tum
387 2814 496 2892 potest
516 2827 577 2870 aaa
598 2806 794 2889 pervicacia,
819 2820 857 2872 ut
875 2809 1092 2875 Germanicae
1114 2809 1262 2876 consulo·

287 2897 403 2958 rentur
427 2891 628 2968 ecclesiae.⁵)
659 2891 804 2960 Gallicas
828 2900 957 2960 tantum
983 2893 1120 2974 volebat,
1143 2903 1177 2960 et
1198 2895 1262 2960 uisi

286 2977 379 3064 prius
396 2977 483 3042 ultro
501 2978 728 3060 acquievisset,
757 2999 824 3044 non
852 2979 1027 3046 verebatur
1054 2982 1126 3047 sins
1153 2981 1262 3045 fronte

286 3063 430 3130 reiicere.
472 3063 563 3129 Istuc
583 3063 751 3129 mittemus
773 3071 806 3129 ct
839 3065 881 3130 ad
908 3065 999 3132 alios.
1043 3065 1146 3133 Recte
1177 3067 1261 3131 fecc-

286 3149 333 3214 ris
365 3149 394 3214 ei
425 3155 498 3214 tuos
529 3150 783 3232 praemonueris.
833 3149 994 3232 Quamvis
1029 3172 1082 3218 res
1117 3162 1186 3217 tam
1219 3151 1263 3217 sit

286 3242 401 3318 aperta
417 3241 537 3298 utnon
555 3233 738 3299 existimem
756 3257 950 3320 quemquam
968 3257 1060 3303 secus
1077 3259 1261 3316 sensurum,

285 3319 353 3384 imo
369 3319 466 3402 plura
487 3318 706 3402 admissurum
728 3321 764 3385 in
775 3343 871 3388 usum
893 3322 1054 3388 ecelesiae.
1087 3323 1211 3389 Temen
1232 3322 1261 3388 si

286 3407 416 3490 quasit
436 3404 546 3488 pestis,
569 3425 635 3470 non
658 3403 825 3472 dissimilis
853 3407 894 3474 iis
915 3409 969 3490 qui
993 3407 1165 3474 Christum
1187 3429 1260 3474 cru·

286 3490 376 3574 oifigi
396 3490 561 3573 petierunt
578 3499 612 3556 et
632 3491 668 3555 in
690 3490 751 3558 hoc
772 3491 900 3576 plebem
917 3493 1129 3573 induxerunt,
1152 3503 1191 3559 ut
1213 3495 1260 3561 vi·

287 3575 348 3642 deo
382 3595 453 3642 esse
487 3575 548 3641 hos
580 3575 741 3656 larvatos,
784 3599 849 3642 nou
882 3579 1007 3644 mulum
1041 3581 1140 3645 fucrit
1175 3581 1260 3647 bono

287 3661 413 3728 malum
440 3669 658 3744 praevertere.
716 3663 880 3729 Dominus
910 3665 1002 3731 Iesus
1028 3686 1049 3730 a
1075 3665 1170 3732 malis
1201 3688 1260 3732 uos

286 3747 414 3813 liberet.
459 3746 494 3810 Is
515 3747 615 3830 gestit
635 3753 672 3811 ut
700 3747 796 3814 video
818 3748 902 3832 quod
925 3752 1062 3817 lacessat
1082 3752 1259 3836 negotium,

287 3832 476 3899 Herostrati
496 3831 611 3897 morbo
628 3832 788 3900 laborans.
825 3833 1077 3919 Cirrisioploram
1097 3837 1163 3901 ianr
1182 3847 1260 3921 puto

289 3925 322 3984 tc
343 3918 489 3983 omnium
512 3915 736 3997 admonuisse,
766 3941 861 4002 quem
883 3929 916 3986 et
937 3922 1034 3998 ulios,
1061 3929 1098 3986 ut
1119 3922 1260 4007 expedit,

288 4023 501 4088 praemonere
518 4003 609 4070 volis.
654 4004 745 4070 Nihil
769 4027 899 4088 possam
917 4009 1098 4092 intelligere
1120 4029 1184 4091 quo
1205 4029 1260 4092 pre

289 4110 429 4156 evasura
451 4089 507 4168 sit,
538 4109 582 4154 an
604 4089 686 4154 beno
707 4092 949 4175 coniunguntur
969 4093 1067 4159 corda
1087 4093 1159 4176 (sed
1181 4093 1259 4176 quid

289 4177 363 4242 lieri
384 4181 492 4258 potest
512 4173 771 4254 siueOhristo‘lt,
794 4195 837 4240 an
859 4177 1045 4244 incendium
1065 4179 1259 4245 mainsinde

288 4259 495 4328 excitabitur.
538 4261 676 4327 Praeter
698 4261 782 4328 bolla
801 4283 886 4346 quae
903 4285 969 4330 non
990 4271 1070 4330 suut
1090 4265 1203 4349 sopita,
1226 4271 1260 4332 et

328 4401 434 4408 ---—-—-

308 4480 419 4552 5721)
440 4479 510 4535 Vide
540 4481 730 4536 docamestam
766 4485 840 4553 quod
871 4485 995 4552 proxime
1029 4491 1162 4556 aequm.
1216 4487 1259 4556 Os.

289 4547 457 4615 Kirrltlsofer
473 4549 561 4604 Feret
577 4551 621 4606 H.
636 4567 666 4619 p.
686 4551 725 4605 76.

390 4619 420 4678 2)
439 4617 634 4688 Gapaaeulas,
658 4621 691 4674 de
713 4637 766 4690 qao
784 4621 924 4690 plurimae
946 4622 1004 4676 iam
1025 4629 1106 4690 arent
1128 4625 1259 4692 epirwlue

288 4685 361 4740 barra
377 4692 551 4756 equoreas.

281 4788 284 4799 ι
314 4823 319 4833 ,
391 4759 418 4817 3)
436 4755 534 4824 Neque
554 4773 606 4812 uos
631 4757 775 4826 labem,
799 4759 933 4827 siquidm
954 4759 988 4814 dc
1009 4759 1064 4816 aiio
1087 4763 1189 4826 saisita
1212 4763 1260 4830 cpi

289 4822 517 4904 iuuenemque
542 4842 572 4882 eo
599 4826 671 4895 quoti
695 4844 758 4882 aree
779 4829 840 4896 ipse
863 4827 992 4882 Farellcs
1015 4844 1077 4883 aum
1098 4831 1259 4898 Bulliuqero

287 4895 472 5014 ω4
460 4900 504 4973 Ji.
1001 4935 1003 4942 ·

283 4999 289 5006 -
411 4969 419 5024 )
439 4975 487 5016 ccc.

281 5067 291 5074 ·-
391 5031 421 5092 5)
434 5031 545 5094 Nempe
561 5030 730 5098 Helveticae,
760 5035 924 5088 ct'rraerimc
952 5035 1110 5090 Turiccrtsia
1128 5036 1202 5092 loide
1219 5037 1259 5092 N.

280 5093 446 5236 {gillffim
465 5099 547 5153 οιιαιι
571 5099 809 5167 memmatensis
834 5103 879 5170 tes.
899 5103 939 5160 N.
955 5105 1020 5171 aar)
1044 5110 1071 5160 et
1093 5105 1261 5162 Basileeuuis

1059 260 1322 331 EPlsuohffl
1345 265 1513 327 crs-est

2226 265 2289 326 760

1316 449 1476 532 famem⁰)
1504 469 1588 533 quoe
1615 449 1704 516 lente
1731 450 1816 534 agit,
1851 457 1886 516 et
1912 458 2036 534 pestem
2064 468 2148 533 quae
2176 449 2287 532 serpit,

1316 535 1437 601 bestias
1457 535 1607 602 immittit
1623 535 1787 602 Dominus
1807 555 1890 620 quae
1911 531 2066 618 parrulos
2087 533 2212 616 aliquot
2232 531 2288 600 de·

1317 629 1483 688 vorarunt
1527 621 1574 686 Et
1594 619 1749 705 quidquid
1771 642 1907 706 agema
1928 628 1985 685 aut
2006 619 2192 704 loquamur,
2220 639 2288 686 non

1317 727 1489 788 possumus
1520 707 1697 790 impetrare
1731 715 1770 772 ut
1800 707 1836 772 in
1865 706 2045 773 Dominum
2078 705 2288 772 convertant

1318 791 1407 875 plebs
1429 801 1463 857 ot
1483 813 1561 859 vere
1587 793 1763 876 resipiscat.
1808 791 1917 874 Quem
1947 811 2062 858 vereor
2088 813 2131 858 nc
2158 798 2288 856 mutum

1316 878 1360 944 sit
1386 877 1492 961 plebis
1520 877 1616 961 culpa
1644 878 1701 944 sod
1729 886 1896 962 pastorum
1925 899 2058 962 quoque.
2109 877 2289 942 Proeemur

1317 983 1392 1028 eum
1414 964 1470 1046 qui
1492 963 1581 1029 solus
1606 963 1730 1030 mederi
1751 973 1872 1047 potest,
1901 972 1940 1028 ut
1960 963 2053 1029 nobis
2074 961 2161 1028 adsit
2182 960 2288 1028 omni·

1317 1047 1377 1113 bus
1398 1057 1432 1114 et
1453 1049 1612 1132 benignus
1635 1059 1811 1116 succurrat.
1845 1049 1936 1114 Volo.
1979 1047 2134 1114 Ncoeomi
2152 1053 2203 1112 24.
2222 1045 2288 1114 Oc·

1315 1133 1419 1200 tobris
1443 1140 1533 1200 1544.
1578 1131 1698 1201 Saluta
1713 1133 1962 1215 Beraardinam,
1983 1133 2148 1211 Desidere,
2175 1133 2290 1200 Genes-

1314 1224 1420 1286 ioncm
1441 1227 1475 1286 et
1491 1219 1632 1304 reliquos
1652 1241 1774 1300 omnes,
1796 1242 1840 1287 no
1860 1229 2063 1304 praeteream
2083 1239 2230 1285 uxorem.

1927 1355 2079 1423 Farellus
2098 1364 2185 1424 tuus.
2274 1374 2276 1383 ’

1710 1617 1898 1625 ...ω-ιω...-

1767 1799 1844 1872 580.

1389 1933 1605 2004 causent
1626 1935 1992 2003 nccousltsumn
2013 1935 2205 2006 onosma

1631 2037 1971 2106 NEOCOMENSIS.

1402 2205 1500 2273 Ouiae
1516 2209 1709 2290 eaenplcriu
1726 2209 1770 2276 od
1785 2211 1897 2274 eorus
1913 2209 2055 2277 ectetas
2068 2212 2170 2278 missa
2183 2211 2286 2293 [aare

1315 2291 1397 2358 dotet
1416 2293 1544 2376 epistola
1562 2293 1685 2361 Furelli
1706 2295 1748 2361 ati
1762 2293 1928 2360 Calvinum
1948 2315 2043 2378 quam
2064 2297 2152 2362 niodo
2175 2299 2286 2384 lepisti

1314 2377 1488 2446 Ardentes
1508 2379 1559 2446 hic
1579 2381 1801 2447 observationes
1822 2382 1946 2447 adium
1969 2379 2154 2464 Oopanudi.
2169 2387 2193 2460 ¹)

1315 2549 1427 2613 (Exstat
1449 2549 1477 2603 in
1495 2549 1622 2604 Arcbiris
1646 2549 1735 2605 Turio.
1758 2551 1831 2605 Plut.
1849 2551 1896 2606 VI.
1915 2551 1977 2606 Vol.
1996 2550 2048 2606 114
2070 2553 2134 2607 olim
2158 2555 2191 2608 B.
2214 2553 2282 2624 lipp.

1314 2627 1334 2672 t.
1353 2617 1412 2671 Vll.
1430 2619 1460 2672 P.
1480 2624 1579 2688 poster.
1598 2619 1643 2675 iol.
1654 2618 1732 2676 2701.
1766 2621 1901 2674 Rubricac
1919 2627 1947 2674 ct
1964 2637 2027 2691 pars
2045 2623 2182 2691 posterior
2199 2624 2284 2693 ipsius

1314 2687 1413 2742 Farelli
1430 2705 1510 2741 manu
1522 2688 1647 2757 scriptae,
1666 2690 1713 2758 qui
1729 2689 1809 2742 huius
1826 2690 1980 2743 documenti
1998 2693 2137 2758 exemplar
2156 2692 2285 2746 'luricam

1314 2756 1389 2810 misit
1406 2756 1498 2809 addita
1521 2757 1709 2825 inscriptione:
1734 2757 1899 2812 Dcuticdrtto
1922 2761 1948 2811 et
1966 2757 2037 2827 puri
2055 2759 2162 2826 pietate
2177 2759 2286 2829 iasiqrci

1314 2823 1466 2881 Irenaeo
1487 2823 1649 2894 Bullinpero
1670 2825 1797 2881 eademne
1822 2826 2105 2950 quwicuexliastori
2128 2829 2286 2897 plurimun

1479 2893 1656 2964 aimundo,
1678 2895 1783 2964 lipari.
1802 2925 1836 2935 -
1853 2898 1958 2950 u'imler.
2004 2899 2039 2952 ol.
2055 2897 2112 2964 56.)

1614 3065 1738 3138 (llatae
1757 3067 1982 3134 Neocameruis.

1398 3185 1589 3252 Admonitio
1611 3193 1645 3251 ct
1666 3188 1820 3253 correctio
1841 3189 1930 3253 inter
1951 3189 2042 3254 verbi
2059 3189 2229 3256 ministros
2249 3191 2285 3256 in

1313 3271 1401 3338 huno
1422 3271 1554 3338 modum
1574 3279 1741 3338 tractatur.
1775 3272 1841 3354 Qui
1859 3273 2083 3340 admonendus
2104 3283 2156 3341 est
2173 3273 2286 3360 egredi

1311 3357 1457 3423 iubetur:
1487 3379 1550 3441 quo
1577 3361 1708 3442 egresso
1728 3360 1856 3442 quaerit
1884 3359 2026 3426 deoanus
2046 3381 2089 3426 ex
2110 3361 2230 3428 vicinis
2251 3369 2287 3428 ot

1312 3443 1524 3509 familiaribus
1552 3444 1624 3509 cius
1652 3444 1785 3527 siquid
1812 3445 1925 3510 norint
1951 3446 1987 3510 in
2008 3466 2046 3510 oo
2073 3447 2177 3512 fratrs
2198 3445 2287 3530 quod

1312 3529 1418 3612 palum
1440 3528 1584 3595 offendat
1605 3529 1782 3610 ecclesium,
1811 3529 1898 3596 unde
1919 3529 2116 3614 impediatur
2137 3532 2208 3598 eius
2230 3553 2287 3598 ae·

1312 3613 1452 3680 difioatio
1478 3623 1513 3680 ct
1539 3615 1678 3699 pastoris
1705 3615 1926 3682 ministerium
1959 3618 2140 3700 vituperari
2171 3619 2286 3701 possit,

1312 3709 1382 3764 tum
1434 3707 1545 3783 ropter
1572 3700 1682 3784 ipsum
1715 3711 1785 3766 tum
1817 3713 1951 3785 propter
1981 3701 2084 3786 ipsius
2113 3703 2285 3769 familiam.

1313 3786 1398 3851 Dein
1422 3808 1440 3850 e
1461 3786 1651 3870 singulatim
1678 3807 1719 3851 ex
1747 3787 1884 3853 metaris
1910 3788 2079 3871 quaeritur
2105 3787 2193 3872 quod
2213 3811 2286 3854 om·

1312 3871 1389 3936 uiuo
1411 3869 1547 3955 dignum
1572 3879 1689 3954 putent
1714 3871 1755 3938 de
1782 3893 1847 3956 quo
1874 3873 1930 3938 ille
1950 3873 2173 3940 admoneatur.
2218 3875 2285 3942 Ubi

1231 4009 1237 4024 .
1311 3956 1433 4041 singuli
1460 3957 1654 4023 sententiam
1684 3957 1829 4023 dixerint
1860 3969 1997 4025 vocatur
2026 3960 2144 4037 irater,
2176 3967 2212 4026 et
2241 3981 2285 4028 cx

1311 4042 1458 4108 omnium
1478 4042 1612 4109 consilio
1633 4050 1730 4127 atquc
1750 4044 1869 4110 iudicio
1889 4043 2028 4109 candide
2049 4054 2083 4110 et
2103 4046 2206 4112 amico
2227 4046 2285 4111 ad·

1311 4136 1463 4194 monetur
1483 4135 1521 4193 ut
1549 4137 1660 4195 sancto
1689 4129 1831 4196 officium
1857 4129 1955 4195 faciat
1975 4129 2208 4216 ecclesiamque
2230 4151 2285 4198 ae·

1295 4233 1297 4236 ’
1312 4214 1429 4280 dificet.

1600 4351 1816 4418 Adversarius
1836 4350 1991 4436 carues)

1400 4493 1424 4552 1.
1458 4487 1625 4555 Oorrectio
1643 4491 1788 4555 fraterna
1807 4495 1858 4554 cst
1874 4496 1965 4554 aetus
1983 4488 2130 4556 caritatis
2146 4492 2208 4557 sub
2219 4463 2283 4558 Dii

1310 4579 1482 4656 praecepto
1503 4572 1630 4653 uadens,
1654 4595 1673 4640 a
1694 4576 1787 4643 cuius
1806 4573 2002 4659 obligatione
2024 4577 2190 4642 neminem
2213 4576 2283 4642 oxi·

1310 4657 1465 4724 mendum
1486 4659 1643 4727 ducimus.

1311 4783 1514 4790 «ἡ-..-

1412 4830 1441 4890 e)
1461 4830 1500 4884 Ν.
1518 4829 1566 4883 ea
1585 4837 1634 4886 nor
1660 4831 1686 4885 e.
2261 4819 2266 4836 '

1327 4898 1393 4959 580.
1415 4901 1441 4956 l)
1460 4898 1502 4965 Gt.
1520 4899 1602 4954 etium
1619 4917 1662 4968 ep.
1680 4899 1788 4956 Farclli
1804 4899 1842 4954 ud
1858 4899 2184 4968 successoresve
2216 4899 2285 4954 1544

1310 4971 1343 5031 et;
1357 4965 1400 5020 22.
1418 4967 1501 5022 Febr.
1529 4968 1593 5022 1545
1615 4975 1643 5026 et,
1661 4969 1936 5036 tremescentem
1955 4969 1996 5024 ad
2018 4969 2217 5026 Ncoeoracnscr
2239 4969 2284 5024 29.

1311 5033 1371 5088 Dec
1399 5037 1472 5090 1544.
1512 5035 1650 5090 Cessurae
1672 5037 1757 5092 baias
1783 5039 1893 5093 medam
1922 5044 1947 5094 e
1963 5037 2190 5094 animumne»
2216 5038 2279 5096 olis·

1310 5107 1387 5170 (arte
1403 5123 1430 5160 u.
1451 5104 1529 5157 1538·
1549 5103 1660 5173 Gaspur
1677 5107 1832 5174 Maeander
1848 5107 1981 5164 Ncoeomi
1996 5107 2164 5180 instituerat.

1412 5173 1443 5238 2)
1460 5173 1645 5244 (lupanariae.
