4890 5986
298 327 342 392 Bb
1073 317 1337 388 uPlsuoLAu
1359 321 1527 384 237-239
2261 319 2302 382 et

387 509 509 580 Forelli
527 531 625 578 orama
645 509 719 576 haec
740 511 851 578 addito
881 507 1078 594 ammom)
1107 506 1204 589 erod
1225 509 1275 572 in·
1328 505 1409 570 mihi
1431 505 1528 571 bilem
1551 517 1748 589 provocarat.
1793 503 1879 568 Nam
1902 524 2003 587 quum
2025 501 2205 582 domicella,
2213 505 2243 585 2)
2266 509 2302 568 ιιι

298 600 408 684 iungit
435 599 534 662 frater
561 597 690 680 piorum
717 596 866 674 nomine,
899 615 998 678 quam
1027 593 1276 678 diligentissima
1328 612 1425 674 saepe
1442 591 1690 674 libariusacquc
1708 589 1860 672 loquitur,
1878 588 2145 654 contumeliosum
2163 589 2301 654 verbum

299 685 395 750 nobis
417 691 468 748 cst
489 681 712 766 peragendum
734 689 771 745 ut
794 682 989 763 perficiatur.
1026 678 1135 760 Quam
1160 680 1276 744 vellem
1328 677 1422 742 fratri
1451 699 1523 742 meo
1551 677 1703 752 dixisset,
1730 676 1800 760 ipse
1830 675 1914 740 ferre
1936 695 2003 740 nou
2025 675 2141 757 potuit.
2186 673 2300 758 Neque

302 769 455 836 mamam
477 768 618 834 rediisse.
664 766 827 850 Dispicies
856 764 942 850 apud
973 777 1003 830 tc
1025 764 1103 848 quid
1128 767 1211 829 fecto
1233 766 1276 830 sit
1328 773 1437 828 tamen
1460 764 1677 828 tumultuatus
1699 773 1757 838 est,
1780 760 1836 826 sed
1865 761 2000 826 silenter
2027 759 2121 826 demo
2150 761 2300 839 excessit,

298 876 388 940 opus
426 853 562 920 Videbis
583 874 675 918 meas
698 851 739 918 ad
761 853 878 918 fratres
895 851 1007 916 literas
1029 859 1061 914 et
1079 851 1275 934 obsignebis,
1326 847 1511 931 iuravitque
1543 871 1578 914 sc
1612 869 1679 913 non
1712 846 1908 924 rediturum,
1942 845 2044 912 denec
2076 845 2133 910 illa
2172 867 2300 912 mecum

298 941 441 1024 siprins
463 938 626 1004 addideris
648 960 731 1020 quae
753 936 909 1004 videntur
929 936 984 1002 val
1007 935 1047 1002 de
1064 936 1159 1002 modo
1179 936 1274 1002 citius
1327 945 1482 999 maneret.
1536 933 1615 1018 Ipsa
1645 954 1786 1016 quoque,
1817 953 1918 1014 quum
1949 931 2073 997 videret
2104 953 2157 996 me
2190 931 2299 999 fratris

297 1025 459 1092 mittendo
487 1025 540 1090 vel
569 1023 766 1102 differendo,
795 1023 897 1088 donec
924 1023 1034 1088 veniet
1063 1022 1201 1088 Thomas
1222 1023 1275 1089 cui
1326 1017 1470 1085 discessu
1491 1019 1572 1085 adeo
1595 1027 1765 1096 moestum,
1790 1017 1853 1084 alio
1874 1038 1909 1084 se
1931 1017 2077 1082 contulit.
2122 1017 2229 1083 Filius
2250 1019 2298 1082 in-

298 1110 386 1178 dcnt
430 1111 517 1176 Nam
539 1110 672 1176 omnino
693 1117 744 1174 ast
765 1110 894 1174 animus
911 1129 970 1192 pre
995 1107 1128 1174 (lhristo
1151 1107 1185 1172 in
1213 1107 1274 1174 hac
1326 1107 1422 1170 terim
1441 1105 1530 1189 apud
1552 1126 1604 1170 me
1627 1103 1796 1170 habitavit.
1834 1101 1931 1170 Soleo
1949 1111 2068 1182 autem,
2089 1103 2144 1170 ubi
2162 1103 2214 1169 vel
2236 1102 2299 1170 bile

1326 1191 1381 1256 vel
1403 1191 1511 1274 aliqua
1532 1191 1647 1256 maiori
1676 1190 1841 1256 anxietate
1868 1197 1996 1266 aestuo,
2024 1189 2110 1254 inter
2136 1187 2298 1254 edendum

1325 1276 1406 1340 mihi
1441 1275 1605 1354 excidere,
1644 1285 1677 1341 et
1711 1275 1839 1340 avidius
1871 1297 1970 1358 quam
2002 1295 2060 1358 par
2093 1275 2136 1340 sit
2171 1294 2297 1340 vorare.

1325 1359 1422 1442 Quod
1444 1363 1524 1426 mihi
1548 1373 1626 1432 tunc
1647 1362 1792 1445 contigit.
1837 1359 1947 1442 Quum
1970 1361 2058 1424 cuim
2080 1360 2298 1426 ventriculum

1324 1448 1359 1510 in
1378 1469 1478 1513 coena
1500 1448 1742 1532 oppressissem,
1765 1455 1800 1510 et
1821 1445 1992 1512 immodico
2014 1455 2047 1511 et
2063 1467 2180 1529 parum
2198 1467 2297 1530 appo-

1324 1533 1387 1598 sito
1416 1532 1502 1611 cibo,
1533 1554 1629 1598 mane
1658 1530 1813 1616 postridie
1841 1533 2045 1598 excruciatus
2072 1553 2145 1597 sum
2174 1533 2297 1617 ingenti

1323 1617 1493 1684 cruditate.
1538 1620 1622 1684 Eam
1646 1619 1808 1702 corrigere
1830 1617 1939 1682 inedia
1956 1625 2143 1702 promptum
2162 1627 2243 1697 erat,
2264 1625 2298 1682 et

1324 1703 1357 1768 id
1386 1705 1500 1770 solitus
1528 1726 1618 1770 eram
1647 1706 1760 1770 lacere.
1812 1701 1880 1769 Sed
1913 1725 1956 1768 ne
1989 1703 2078 1770 filius
2109 1702 2297 1770 domicellae

1323 1790 1593 1873 interpretaretur
1612 1789 1698 1856 hanc
1719 1811 1791 1856 asse
1813 1790 1975 1872 obliquam
2003 1797 2107 1854 artem
2130 1809 2194 1872 qua
2221 1811 2297 1856 eum

1324 1875 1477 1959 ablegare
1499 1876 1634 1955 vellem,
1664 1875 1766 1940 malui
1794 1897 1869 1941 cum
1903 1873 2101 1940 valetudinis
2129 1873 2297 1958 dispendio

1324 1961 1535 2027 offensionem
1563 1962 1654 2026 illam
1683 1963 1798 2026 vitare.
1849 1961 1968 2026 Martis
1997 1981 2090 2043 argo,
2120 1982 2223 2043 quum
2245 1982 2296 2026 ca-

1324 2047 1457 2114 tarrhus
1485 2059 1522 2112 ut
1547 2049 1615 2114 iam
1645 2047 1714 2112 diri
1736 2047 1893 2124 desiisset,
1915 2047 1975 2112 sub
1997 2047 2112 2111 horam
2134 2067 2256 2112 nonam
2278 2069 2297 2112 a

1323 2153 1422 2198 coena
1450 2145 1618 2218 correptus
1644 2155 1717 2198 sum
1745 2133 1846 2198 animi
1873 2131 2022 2215 deliquio.
2073 2131 2229 2198 Ooncessi
2256 2131 2297 2197 ad

1323 2218 1453 2284 lectum.
1488 2218 1756 2303 Sequetusenim
1768 2217 1879 2302 gravis
1897 2239 2121 2318 paroxpamus.
2152 2218 2296 2301 Magnus

1322 2304 1428 2382 ardor,
1451 2306 1535 2370 mira
1555 2305 1671 2388 capitis
1689 2305 1823 2388 vertigo.
1853 2305 2020 2383 Mercurii,
2040 2325 2140 2388 quum
2158 2305 2296 2383 surrexi,

1322 2391 1369 2454 ita
1396 2389 1582 2456 debilitatus
1611 2412 1701 2456 aram
1719 2390 1870 2456 omnibns
1898 2391 2069 2468 membris,
2099 2398 2139 2454 ut
2168 2409 2303 2472 cogerer

1322 2477 1417 2540 fateri
1445 2498 1498 2542 me
1520 2487 1689 2560 aegrotum
1710 2497 1789 2541 esse.
1834 2477 1983 2542 Pransus
2011 2497 2085 2542 sum
2112 2473 2298 2560 frugaliter:

1322 2561 1499 2644 apraedio
1522 2562 1603 2627 duas
1626 2582 1787 2646 syncopae
1812 2582 1886 2628 sum
1914 2582 2039 2644 passus.
2092 2561 2297 2644 Frequentes

1321 2646 1438 2712 deinde
1460 2649 1658 2733 paroxysmi‚
1680 2647 1737 2712 scd
1760 2647 1895 2714 incertis
1917 2647 2016 2727 horis,
2043 2648 2091 2712 ita
2112 2655 2150 2711 ut
2171 2655 2295 2712 certam

1320 2733 1457 2798 formam
1478 2734 1579 2798 febris
1601 2733 1861 2798 animadvertere
1888 2755 1954 2798 nen
1980 2753 2101 2818 posses.
2131 2733 2294 2798 ‘Tantum

1320 2817 1448 2886 sudoris
1469 2833 1507 2884 ut
1528 2820 1698 2885 culcitram
1716 2821 1784 2884 fcrc
1802 2827 1904 2884 totam
1922 2818 2147 2884 madefaceret.
2181 2815 2293 2899 Quum

1321 2906 1408 2972 bunc
1437 2909 1472 2970 in
1501 2905 1634 2970 modum
1664 2913 1838 2982 tractarer,
1872 2913 2036 2970 venerunt
2062 2911 2139 2969 tuae
2170 2903 2292 2970 literae.

1320 2993 1463 3056 Tantum
1485 2991 1598 3056 eberat
1615 2991 1693 3074 quin
1711 3012 1838 3074 possem
1857 2991 1992 3074 exsequi
2009 2989 2094 3072 quod
2106 2988 2293 3068 mandebas,

1321 3086 1357 3143 ιιι
1368 3085 1434 3142 tres
1446 3099 1565 3161 passus
1576 3077 1757 3160 aegerrime
1769 3077 1969 3142 conficerem.
2003 3075 2162 3150 Tandem,
2183 3075 2292 3158 quale·

1320 3183 1447 3246 cunque
1467 3163 1550 3226 illud
1572 3183 1676 3245 genus
1697 3162 1803 3227 morbi
1825 3163 1937 3241 fuerit,
1967 3183 2162 3227 conversum
2187 3169 2237 3226 est
2257 3161 2291 3225 in

1320 3249 1437 3314 febrim
1464 3250 1654 3325 tertianam,
1684 3269 1768 3331 quac
1797 3249 1942 3330 primum
1968 3269 2059 3314 acres
2086 3247 2201 3313 habuit
2232 3247 2290 3310 im·

1320 3345 1425 3418 petus,
1444 3333 1501 3400 sed
1519 3335 1614 3398 tertio
1632 3355 1830 3418 paroxysme
1847 3334 1982 3399 remisit.
2015 3333 2143 3398 Habuit
2160 3331 2289 3416 quidem

1319 3431 1432 3504 postea
1453 3441 1553 3484 unam
1575 3419 1630 3486 vel
1648 3419 1785 3484 alteram
1803 3421 2028 3498 accessionem,
2052 3418 2109 3484 sed
2126 3439 2209 3501 quae
2227 3439 2289 3483 non

1319 3507 1533 3572 inclementer
1561 3526 1614 3570 me
1643 3513 1786 3570 vexaret.
1837 3504 1949 3586 Quum
1976 3503 2177 3570 revalescere
2212 3505 2289 3570 inci-

1319 3613 1445 3676 perem,
1474 3592 1539 3656 iam
1567 3601 1696 3674 tempus
1728 3594 1948 3674 praeterierat.
2000 3589 2148 3656 Necdum
2183 3597 2291 3654 mman

1320 3679 1407 3743 vires
1435 3677 1667 3760 recollegat-am
1696 3698 1780 3760 quae
1807 3677 1916 3742 itineri
1938 3677 2135 3742 sufficerent.
2180 3675 2290 3757 Qatnu·

1320 3785 1417 3848 quam
1440 3763 1501 3828 hcc
1523 3763 1659 3828 minime
1676 3763 1848 3845 impedivit
1866 3761 2039 3845 quominus
2058 3762 2148 3826 velut
2167 3763 2290 3846 integer

1320 3859 1353 3914 et
1374 3849 1481 3914 adhuc
1502 3859 1685 3931 opportuno
1707 3857 1853 3931 tempore
1871 3869 1944 3914 cunr
1965 3847 2113 3928 Capitone
2122 3855 2156 3912 et
2168 3847 2290 3912 Bacero

1320 3934 1547 4012 deliberarem,
1575 3934 1653 4018 quid
1679 3935 1766 4000 factu
1793 3955 1875 4016 opus
1904 3943 1997 3999 esset.
2048 3933 2094 3998 Et
2122 3934 2158 3997 in
2186 3932 2289 3998 madio

1319 4020 1432 4085 morbo
1455 4041 1520 4085 non
1540 4019 1699 4085 desieram
1717 4020 1875 4087 Beccermn
1892 4020 2056 4094 obtestari,
2079 4029 2118 4082 ut
2136 4017 2189 4085 val
2206 4018 2290 4084 solus

1319 4107 1427 4190 potius
1444 4107 1711 4189 proficisceretur,
1730 4127 1772 4170 ne
1786 4127 1878 4189 spem
1891 4105 1951 4169 tibi
1969 4103 2079 4168 datam
2096 4104 2289 4169 falleremus.

1319 4193 1404 4276 Ipse,
1428 4193 1557 4255 tametsi
1580 4193 1853 4275 propensissimus
1882 4201 1952 4256 eret
1979 4190 2019 4255 ad
2048 4189 2290 4272 exsequendum

1319 4278 1404 4361 quod
1433 4287 1612 4360 receperat,
1645 4278 1787 4342 malebat
1817 4285 1928 4341 tamen
1960 4297 2012 4340 rne
2046 4276 2108 4340 sibi
2143 4277 2290 4341 comitem

1320 4365 1507 4429 adiunctum
1521 4384 1601 4428 esse.
1634 4363 1748 4446 Neque
1769 4365 1877 4446 ipsum
1900 4371 2129 4445 permoverant
2154 4361 2291 4446 Gryeeei

1320 4451 1443 4526 literae,
1466 4448 1584 4530 quibua
1605 4450 1711 4531 ipsum
1741 4449 1990 4525 dehortabatur,
2020 4457 2187 4530 uteunque
2215 4468 2290 4512 van·

1320 4546 1431 4601 turum
1453 4555 1488 4599 sa
1511 4534 1679 4600 nobiscum
1700 4543 1868 4606 assereret,
1892 4534 1920 4598 si
1942 4553 2154 4618 pergeremus
2183 4533 2220 4598 in
2246 4532 2291 4596 di·

1319 4642 1415 4686 verso
1436 4619 1577 4686 oonsilio.
1623 4619 1732 4698 Quum
1763 4620 1870 4685 adhuc
1895 4641 1943 4697 ea,
1971 4639 2068 4701 quam
2091 4617 2175 4694 dixi,
2205 4617 2291 4684 dehi-

1319 4708 1412 4772 litate
1435 4705 1603 4772 confectus
1625 4727 1739 4781 essem,
1763 4727 1846 4770 texor
1873 4725 1944 4769 mea
1965 4706 2000 4768 in
2023 4705 2148 4770 febrem
2170 4703 2288 4779 incidit,

1320 4817 1340 4859 a
1370 4813 1433 4875 qua
1468 4813 1555 4856 nunc
1587 4791 1718 4856 demum
1751 4791 1866 4874 incipit
1897 4791 2021 4868 sanari,
2055 4789 2154 4874 idque
2190 4789 2288 4856 altaro

1320 4879 1414 4943 malo.
1458 4877 1531 4942 Iam
1560 4879 1648 4942 enim
1675 4885 1747 4942 octo
1770 4877 1839 4943 dies
1860 4875 1907 4940 ita
1934 4876 2038 4941 crebis
2060 4876 2287 4941 vomitionibus

1320 4977 1352 5031 et
1374 4965 1439 5029 alvi
1462 4963 1621 5046 profluvio
1642 4962 1802 5027 exhausta
1824 4973 1887 5038 est,
1916 4970 1954 5026 et
1979 4959 2155 5028 difficulter
2176 4981 2286 5044 corpus

1320 5073 1338 5116 e
1360 5051 1443 5116 lecto
1466 5048 1602 5113 attollat.

297 1219 398 1264 causa
418 1219 472 1262 me
490 1205 596 1262 totum
618 1194 815 1278 impendere.
858 1193 951 1259 Vale.

749 1635 823 1705 238.

544 1773 777 1842 OALVINUS
795 1771 1027 1840 FARELLO.

385 1949 488 2015 Gravi
508 1947 612 2014 morbo
633 1947 726 2012 initio
756 1947 872 2012 marsis
897 1943 1086 2026 Septembris
1113 1951 1272 2028 correptas

296 2039 342 2100 eat
371 2057 392 2100 a
424 2055 484 2117 qao
516 2034 654 2100 eandam
681 2031 778 2116 plone
804 2032 947 2097 recaluit.
992 2030 1103 2096 Etiam
1129 2052 1209 2095 acor
1237 2033 1272 2096 ia

294 2121 397 2186 simili
417 2121 600 2186 discrimini
616 2119 731 2200 posito.
775 2117 826 2182 Da
847 2119 957 2182 itinere
976 2117 1171 2199 accipiendo
1193 2119 1271 2200 copi·

295 2208 359 2272 tori
376 2207 489 2288 aequit.
533 2203 720 2270 Conveniam
744 2203 1005 2270 Wormooimsom
1019 2203 1272 2284 appropinquare

293 2291 379 2443 phidet
400 2293 479 2357 sotis
501 2291 606 2370 anxie,
631 2295 761 2372 propter
782 2289 904 2354 dolorm
931 2288 1186 2353 adomsmmram
1206 2309 1271 2354 ma

331 2378 491 2442 iocationes

294 2547 352 2616 (lix
374 2547 542 2616 autographo
561 2545 630 2599 Bihl.
654 2547 755 2600 Gener.
781 2543 846 2597 Cod.
872 2541 930 2608 106,
954 2543 999 2597 l'el.
1025 2541 1067 2598 45.
1103 2545 1271 2614 Apegraphe

295 2617 448 2669 recentiore
466 2623 574 2668 exstent
592 2615 657 2668 ibid.
676 2614 738 2668 Ccd.
750 2611 809 2680 111,
827 2613 873 2666 fol.
892 2609 934 2664 38.
970 2612 1080 2665 Archiv.
1100 2614 1180 2666 Barn.
1200 2614 1269 2683 Epp.

295 2685 328 2740 Τ.
345 2684 403 2738 Vll.
422 2701 448 2753 p.
467 2683 526 2748 383,
549 2683 621 2736 enda
643 2683 787 2750 descripsit
812 2681 942 2735 Simlerus
965 2681 1027 2734 Vol.
1046 2680 1088 2734 48.
1123 2683 1155 2735 lu
1179 2699 1269 2735 axem·

294 2754 366 2876 plari
384 2753 540 2806 authentico
557 2753 698 2821 inscriptio
716 2751 790 2806 nulle
807 2751 892 2804 adest.
923 2749 987 2804 Cod.
1007 2749 1057 2802 111
1075 2751 1187 2804 exbibet
1203 2754 1269 2804 tite·

306 2839 365 2874 um:
385 2822 413 2874 C.
425 2822 540 2874 Ferello.
568 2821 670 2890 Dequc
689 2820 797 2889 quidam
817 2819 893 2940 quasi
911 2819 945 2871 dc
958 2819 1140 2900 tertioaliqeo
1153 2820 1270 2890 epistole

294 2889 370 2960 loqui
389 2891 509 2956 videtur,
532 2889 580 2942 sad
603 2906 667 2942 cere
685 2888 775 2958 specie
799 2887 908 2940 falaris.
945 2887 1022 2952 Quod
1044 2887 1078 2940 dc
1096 2889 1193 2942 ttinere
1211 2906 1268 2942 ses·

297 2967 377 3028 cepto
397 2961 438 3012 rel
456 2959 547 3028 potins
570 2959 703 3026 promisso
727 2957 806 3025 dicit,
833 2955 955 3025 apprime
973 2957 1139 3010 conveniunt
1156 2974 1215 3011 cern
1235 2959 1269 3011 iis

296 3043 366 3096 quaa
383 3044 470 3096 nuper
487 3027 609 3080 Ferellea
627 3027 661 3080 N.
678 3025 738 3092 236,
765 3041 920 3095 quenquam
944 3025 983 3078 ibi
1000 3025 1035 3078 da
1053 3027 1160 3080 Becare
1177 3025 1267 3092 nihil.)

379 3213 493 3282 Sarius
512 3215 570 3280 tibi
590 3213 770 3299 respondeo
792 3217 868 3298 quia
890 3223 923 3279 et
945 3235 1044 3296 quum
1068 3214 1185 3280 allatae
1204 3217 1268 3298 pri·

291 3321 384 3366 mum
405 3311 483 3367 sunt
512 3310 589 3366 tuac
611 3302 725 3367 literae
755 3301 813 3366 vix
842 3319 920 3382 prae
948 3299 1170 3366 imbecillitate
1197 3323 1268 3368 ccr-

292 3388 381 3471 poris
408 3387 522 3453 tollere
551 3386 691 3472 digitum
721 3395 883 3470 poteram,
913 3393 946 3448 et
974 3405 1016 3449 ex
1045 3406 1084 3450 co
1113 3397 1267 3470 tempore,

314 3494 392 3536 uum
420 3471 461 3538 ad
491 3474 580 3539 hunc
607 3494 708 3556 usquc
738 3471 824 3536 diem
857 3491 985 3553 semper
1017 3471 1117 3535 animi
1150 3473 1268 3537 fuerim

291 3495 422 3630 dubius,
449 3559 532 3623 nihil
561 3567 648 3624 carto
677 3558 818 3623 scribere
846 3556 907 3621 tibi
936 3557 1035 3639 potui.
1088 3555 1267 3640 Siquidem,

291 3663 334 3708 ne
353 3644 540 3727 coniugium
558 3643 657 3708 nimis
675 3644 799 3706 laetum
817 3651 912 3720 esset,
936 3641 1099 3708 Dominus
1117 3653 1267 3708 antever-

290 3729 332 3794 tit
353 3729 509 3813 gaudium
531 3739 680 3793 nostrum
703 3727 923 3812 temperando,
952 3749 993 3792 ne
1014 3727 1146 3794 modum
1174 3751 1267 3795 exce-

291 3813 393 3880 deret.
454 3815 518 3880 Dic
556 3815 653 3878 tertia
686 3811 889 3897 Septembris
929 3813 1036 3878 tenuit
1068 3835 1121 3878 me
1153 3816 1296 3897 eapitisl

292 3899 445 3988 gravedo,
468 3901 592 3965 malum
614 3899 694 3964 adeo
717 3899 797 3963 mihi
815 3899 976 3964 familiare
993 3907 1031 3964 ut
1049 3921 1115 3964 non
1132 3922 1268 3984 magno-

292 4008 370 4070 pere
387 4007 620 4054 ccmmovercr.
650 3986 714 4050 Dic
732 3985 892 4049 dominico
904 3986 959 4068 qui
971 3985 1140 4068 proximus
1151 3997 1230 4062 erat,
1245 3985 1267 4074 ¹)

295 4095 396 4155 quum
419 4073 454 4137 in
477 4071 630 4136 concione
658 4071 884 4154 pomeridiana
910 4071 1113 4154 aliquantum
1143 4071 1267 4137 incalu-

292 4159 401 4236 isscm,
424 4159 512 4223 sensi
534 4157 692 4240 liquefieri
712 4155 866 4221 humores
886 4157 960 4221 illos
982 4157 1038 4240 qui
1058 4169 1157 4240 caput
1173 4179 1267 4224 occu·

293 4254 460 4328 paverant
489 4246 674 4326 Antequam
693 4242 784 4308 illinc
802 4241 1010 4314 discederem.
1029 4242 1198 4308 catarrhus
1215 4265 1268 4309 me

294 4330 460 4410 corripuit,
484 4332 539 4412 qui
561 4331 715 4394 continue
737 4329 831 4393 fluxu
854 4349 955 4410 usqua
977 4328 1019 4392 ad
1042 4326 1127 4393 diam
1149 4329 1268 4396 Martis

294 4413 469 4478 admodum
490 4437 544 4479 me
564 4417 708 4480 vexavit.
753 4415 803 4478 Eo
826 4413 877 4480 die
898 4435 1000 4496 quum
1029 4413 1069 4478 dc
1096 4435 1186 4480 more
1209 4416 1268 4480 ha·

293 4500 406 4565 berem
429 4501 615 4565 concionem
637 4510 670 4566 et
687 4521 807 4585 magne
834 4502 869 4563 in
898 4498 1058 4582 loquendo
1079 4500 1268 4566 difficultate

295 4586 493 4660 laborarem,
522 4589 607 4668 quod
634 4597 668 4651 et
689 4607 786 4652 nares
813 4586 957 4650 fluxione
978 4593 1073 4649 erant
1093 4587 1268 4670 impeditae

295 4679 329 4737 et
350 4672 460 4735 fauces
482 4671 654 4736 raucedine
676 4673 768 4755 quasi
788 4673 1000 4756 praefocatae,
1022 4673 1109 4736 sensi
1126 4673 1268 4738 subitam

293 4756 546 4824 commotionem
567 4757 646 4821 fieri.
690 4757 785 4824 Stitit
806 4759 893 4822 enim
916 4756 1102 4834 catarrhus,
1132 4757 1188 4824 sed
1216 4759 1268 4822 in-

293 4842 499 4925 tempestive,
522 4861 622 4923 quum
651 4843 756 4909 adhuc
785 4855 884 4926 caput
917 4853 1002 4907 esset
1029 4843 1125 4907 malis
1153 4842 1268 4908 hume-

294 4929 387 4995 ribus
410 4929 575 4993 refertum.
621 4927 793 4993 Acciderat
822 4939 929 4992 autem
959 4927 1011 4992 die
1039 4929 1155 4994 Lunae
1183 4928 1269 5012 qued

398 5165 428 5232 6)
448 5167 580 5222 Fortasse
597 5167 635 5220 ed
659 5165 777 5222 Virctem
794 5171 904 5238 scripto.

311 5231 381 5295 288.
401 5236 430 5292 ll
447 5235 471 5288 5.
493 5235 563 5306 Sept.

1423 5238 1453 5300 2)
1473 5235 1555 5288 Hono
1571 5241 1596 5294 et
1611 5235 1698 5300 filiam
1716 5235 1773 5288 cias
1791 5235 1911 5290 habuisti
1927 5251 2014 5302 capre
2034 5234 2070 5286 N.
2089 5231 2142 5286 236
2160 5235 2189 5288 ia
2204 5233 2261 5300 fiee.
