4910 5974
1071 291 1332 365 arlsuolrtu
1353 295 1523 358 tet-tea

752 483 828 556 434.

501 619 736 690 OAININUS
763 618 1078 689 BULLINGERO.

394 793 561 861 Silentium
587 795 684 858 nimis
712 793 898 858 diuturnam
923 791 1113 875 nepotioreem
1141 789 1277 854 mellita-

307 881 380 948 dine
400 885 534 946 excusat.
579 879 693 944 Leonis
716 879 818 943 Iudae
844 883 873 943 et
899 879 1037 943 eliorum
1062 895 1162 958 nuper
1181 879 1277 940 morte

307 967 502 1048 aorepmm
522 965 662 1030 virorem
682 983 838 1030 eeeessum
858 963 954 1043 deflet.
992 963 1138 1028 Iuoeoem
1157 961 1276 1026 Italum

309 1051 533 1118 Terieerrsibue
554 1049 749 1116 commendat.

308 1223 364 1289 (Ex
377 1220 544 1291 autographo
553 1219 616 1274 cod.
628 1218 745 1272 Gothani
756 1217 816 1283 404,
833 1219 878 1272 sol.
894 1216 934 1272 14.
952 1217 1047 1271 Edidit
1066 1216 1277 1272 Bretaalrnaider

432 1306 458 1359 p.
478 1287 519 1342 12.
553 1289 666 1358 Anglioe
683 1289 768 1341 vertit
785 1287 929 1342 Comtable
946 1287 977 1340 Τ.
996 1287 1020 1338 l.
1039 1303 1066 1356 p.
1083 1284 1156 1352 338.)

307 1477 481 1545 Praeclare
501 1475 627 1542 Christi
655 1476 805 1541 ministro
826 1475 868 1540 D.
891 1474 1060 1540 Henrioho
1082 1472 1276 1556 Bullingero

308 1563 485 1648 'ligurinae
513 1561 668 1626 eeclesiae
698 1561 822 1645 pastori
854 1561 1042 1627 fidelissimo
1071 1559 1167 1625 fratri
1195 1557 1277 1622 mihi

480 1646 681 1713 observando
702 1659 737 1712 et
758 1647 860 1712 amieo
881 1646 1101 1731 integerrimo.
1278 1651 1280 1658 ’

393 1781 504 1863 Quum
525 1781 579 1847 hie
596 1782 652 1865 qui
670 1782 781 1849 literas
798 1804 888 1849 meae
909 1782 969 1848 tibi
990 1780 1131 1848 reddidit
1145 1779 1166 1860 ¹)
1190 1799 1277 1846 eom-

307 1867 552 1936 meudationem
579 1889 599 1932 a
627 1889 679 1932 me
711 1875 846 1950 peteret,
878 1889 946 1934 non
977 1867 1166 1933 dubitabam
1199 1865 1278 1948 quin

308 1955 429 2038 diguus
448 1961 549 2020 esset:
571 1951 700 2034 quando
722 1953 863 2020 habebat
883 1954 1107 2020 testimouium
1124 1973 1144 2017 a
1161 1951 1223 2034 piis
1245 1957 1279 2014 et

308 2050 415 2106 sertae
442 2038 519 2104 fidei
551 2037 737 2104 homiuibus
759 2059 836 2106 suae
869 2039 976 2124 gentis
1006 2039 1061 2122 qui
1092 2037 1147 2102 hio
1167 2033 1278 2100 nobis-

308 2146 384 2192 eum
407 2133 492 2190 sunt.
534 2121 601 2188 Sed
630 2123 691 2190 hoo
718 2145 771 2190 me
797 2125 882 2190 male
912 2124 1054 2190 habebat
1081 2121 1166 2206 quod
1194 2123 1280 2185 iuter

308 2212 387 2278 istas
407 2209 643 2292 occupationes,
665 2210 782 2291 quibus
802 2232 890 2276 nuno
911 2209 1124 2307 constringor,
1146 2205 1279 2272 brevius

307 2296 369 2362 tibi
391 2295 532 2362 seribere
543 2313 640 2378 eogar
653 2303 726 2377 post
739 2302 867 2360 tantum
886 2295 1042 2378 temporis
1058 2291 1278 2358 intervallum.

310 2381 403 2462 Quae
425 2389 536 2445 mmen
558 2387 616 2444 tua
637 2387 688 2444 est
709 2379 904 2459 humanitas,
934 2379 1017 2444 mihi
1038 2385 1075 2444 ut
1095 2398 1191 2462 sparo
1212 2397 1279 2441 non

309 2465 484 2532 drffioulter
504 2463 596 2529 dabis
616 2465 756 2544 veniam,
783 2486 820 2531 ee
841 2465 949 2532 looum
970 2464 1047 2530 huie
1068 2483 1160 2530 meae
1181 2483 1280 2528 exeu-

309 2551 430 2618 sationi
456 2547 626 2616 ooneedes:
655 2551 848 2633 praesertim
875 2572 977 2634 quum
1005 2557 1092 2617 eerto
1120 2548 1280 2616 oouiieere

308 2636 414 2722 possis
436 2656 489 2700 me
514 2655 581 2699 non
602 2635 734 2700 inanem
760 2641 966 2719 praetextum
988 2653 1281 2724 quaereraneque

309 2721 512 2806 negligentia
532 2720 638 2786 funere
659 2720 744 2804 quod
766 2742 830 2788 non
852 2720 1040 2806 diligentius
1062 2741 1100 2788 ae
1119 2719 1281 2802 eopiosius

309 2809 459 2875 eeribam.
493 2803 584 2872 Satis
596 2806 684 2870 enim
702 2805 761 2872 tibi
779 2827 970 2891 persuasum
985 2827 1056 2873 esse
1071 2815 1150 2890 puto
1166 2803 1282 2888 quanti

310 2899 345 2958 te
372 2891 499 2970 loeium,
528 2899 727 2976 quantopere
755 2899 788 2958 te
816 2892 930 2972 oolam,
958 2913 1057 2977 quam
1078 2890 1218 2974 (leuique
1239 2909 1282 2954 ex

310 2978 420 3044 animo
441 2985 475 3042 te
497 2998 612 3042 amem.
657 2975 755 3058 Quod
776 2985 886 3044 autem
914 2984 983 3043 tam
1005 2977 1062 3044 diu
1083 2977 1179 3055 tenui,
1207 2974 1282 3040 ideo

310 3065 432 3130 fautum
454 3061 620 3146 estquod,
642 3083 744 3145 quum
764 3063 829 3130 huo
850 3063 1129 3148 remigrassem‚²)
1156 3061 1203 3127 sio
1223 3081 1283 3144 per

311 3149 435 3233 aliquot
465 3169 595 3214 menses
626 3147 763 3214 obrutus
794 3149 843 3214 fui
874 3149 910 3214 iu
940 3145 1152 3215 restituendis
1183 3145 1283 3210 rebus

310 3237 442 3320 penitus
474 3233 638 3316 dissipatis
666 3241 701 3299 at
729 3234 894 3318 eollapsis,
928 3241 967 3299 ut
997 3233 1061 3299 alio
1093 3238 1283 3298 eonvertere

312 3321 459 3388 animum
487 3341 554 3385 uon
581 3319 702 3386 lioeret
746 3320 876 3398 Postea,
908 3340 1009 3403 quum
1039 3318 1124 3384 mihi
1155 3315 1284 3384 viderer

311 3405 511 3474 oeoasionem
537 3405 758 3487 praeteriisse,
789 3403 920 3470 differre
946 3404 1047 3469 malui
1076 3403 1177 3470 donee
1199 3423 1284 3468 nova

312 3491 376 3558 alia
404 3511 440 3556 se
469 3490 609 3556 offerret
654 3489 758 3569 Nune,
792 3489 870 3556 dum
903 3489 1066 3557 seribendi
1092 3509 1192 3556 eausa
1223 3493 1282 3566 est,

312 3597 467 3660 euperem
493 3583 623 3658 tempus
651 3596 777 3658 quoque
805 3582 838 3641 et
864 3576 968 3642 otium
989 3575 1072 3642 mihi
1093 3573 1171 3640 dari.
1216 3571 1285 3639 Sed

312 3662 402 3742 alias,
425 3680 530 3744 spero,
553 3660 683 3726 dabitur
705 3673 738 3724 et
759 3681 819 3746 ego
840 3660 980 3728 libenter
1001 3669 1087 3726 utar.

397 3747 490 3812 Mora
512 3745 627 3812 Leonis
655 3747 773 3824 nostri,
803 3753 841 3812 ut
867 3747 984 3812 merito
1011 3746 1105 3812 bonis
1134 3745 1284 3811 omuibus

312 3833 375 3899 fuit
403 3832 561 3909 luctuose,
590 3833 637 3896 ita
663 3853 717 3896 me
738 3831 952 3898 vehementer
972 3832 1099 3897 afflixit
1142 3831 1230 3896 Nam
1251 3838 1285 3895 et

311 3917 467 4004 privatim
495 3917 696 4000 singularem
724 3919 843 3983 amoris
871 3919 1025 3984 effaetum
1046 3916 1129 3982 mihi
1157 3936 1285 3999 semper

312 4003 466 4082 ostendit,
488 4009 522 4067 et
538 4001 618 4066 dum
635 4016 749 4084 reputo
760 4009 917 4086 quantam
934 4004 969 4068 in
984 4003 1084 4069 huius
1102 4001 1165 4068 viri
1180 4009 1285 4067 morte

312 4089 473 4162 iasturam
494 4087 607 4153 feeerit
627 4087 771 4167 eooleeia,
800 4110 868 4154 nou
895 4110 1029 4172 possum
1051 4108 1118 4154 non
1139 4088 1286 4172 graviter

313 4174 521 4242 eommoveri.
562 4171 721 4256 Superior
743 4172 889 4262 annual)
912 4173 1005 4240 nobis
1027 4173 1101 4258 plus
1123 4173 1286 4239 satisfuit

313 4263 472 4326 funestus.
515 4257 602 4324 Nam
629 4267 663 4324 et
687 4257 867 4342 (irenaeum
886 4269 918 4324 et
942 4259 1122 4342 capeonem
1143 4265 1178 4323 st
1198 4257 1285 4322 mul-

314 4352 367 4411 tos
388 4346 468 4410 alios
488 4344 635 4429 insignes
657 4343 747 4410 viros
768 4367 834 4410 una
855 4366 929 4412 eum
946 4345 1049 4411 Leone
1065 4345 1157 4412 nobis
1175 4345 1285 4410 abstu-

315 4429 362 4494 lit
405 4429 480 4512 Quo
501 4431 607 4515 magis
635 4429 743 4496 danda
768 4439 818 4496 ast
847 4431 1069 4514 nebiensem,
1098 4437 1137 4496 ut
1163 4451 1284 4496 novum

315 4535 429 4582 semen
445 4515 634 4594 excitemus,
655 4537 698 4581 ne
715 4515 851 4584 eeolesia
868 4515 1021 4582 destituta
1033 4521 1174 4582 maneat
1208 4515 1286 4597 Qua

315 4601 353 4668 in
372 4621 409 4666 re
430 4621 531 4683 quum
551 4609 683 4668 senatus
700 4611 808 4668 vester
828 4603 994 4687 egregiam
1013 4621 1147 4686 operam
1163 4621 1285 4668 navare

334 4856 400 4919 434.
419 4856 448 4918 ll
468 4853 559 4908 Mtte
575 4855 686 4922 wdone
702 4856 811 4912 menis
826 4863 858 4912 ee
874 4873 909 4913 ee
925 4857 1100 4928 aquaeue
1117 4862 1244 4928 apparet.

418 4923 450 4986 2)
468 4922 651 4992 Areereeraro
669 4924 814 4982 Gareoam.

419 4991 449 5056 3)
468 4991 582 5047 Nodum
599 4992 631 5044 in
648 4995 737 5062 seirpo
755 4999 893 5064 prooem
909 4994 959 5065 qai
972 4993 1118 5050 Getarum
1126 4995 1171 5048 lsie
1179 5008 1286 5049 masse

316 5059 1286 5202 memoratissimus

319 5197 726 5266 spatiopenloleeierieem.

2236 293 2299 356 464

1327 481 1368 547 ab
1400 481 1494 545 initio
1520 500 1588 546 nou
1615 477 1784 558 destiterit,
1817 477 1914 544 audio
1941 500 2016 545 enm
2044 499 2164 546 noram
2192 477 2298 546 adhue

1327 566 1543 632 assessionem
1561 585 1667 648 nuper
1688 565 1809 631 sarissa.
1823 565 1853 648 ⁴)
1885 565 1958 632 Hae
1978 585 2035 648 spe
2056 565 2191 630 fratrem
2213 563 2299 632 huna

1327 649 1523 716 mittendum
1549 649 1591 716 ad
1616 671 1675 716 ros
1697 650 1892 716 sensuimus.
1906 651 1936 726 6)
1979 650 2065 715 Nam
2086 657 2120 714 et
2140 671 2300 734 perquem

1327 745 1442 801 tenues
1470 736 1628 802 habemus
1660 735 1787 802 seholas
1813 743 1847 801 et
1877 736 2047 802 faoultatas
2075 735 2194 801 aerarii
2222 741 2300 801 suut

1328 829 1497 906 augustae.
1529 822 1643 904 Neque
1664 829 1793 886 nostros
1814 821 1877 887 hae
1898 822 1934 887 in
1954 830 2047 905 parte
2064 822 2164 886 nimis
2181 841 2299 906 urgere

1328 909 1446 972 audeo:
1478 907 1634 991 quoniam
1653 907 1748 972 video
1777 907 1858 972 satis
1879 907 2022 972 solutum
2044 909 2190 972 animum
2211 909 2298 990 ipsos

1329 992 1457 1072 habere,
1478 992 1536 1058 sed
1554 1013 1670 1058 manus
1687 991 1812 1076 ligatas.
1848 993 1923 1058 Non
1943 1002 2052 1058 tamen
2069 991 2159 1058 huno
2175 1003 2298 1059 temere

1327 1079 1421 1144 vebia
1448 1078 1648 1144 commendo.
1693 1078 1779 1142 Nam
1800 1077 2024 1144 Bernardinus
2045 1075 2219 1157 Senensis,
2247 1078 2300 1144 vir

1328 1163 1523 1246 praeclarus,
1537 1165 1566 1240 ο)
1589 1163 1699 1229 etalii
1721 1162 1785 1229 duo
1802 1164 1858 1246 qui
1879 1171 2064 1247 perspeetos
2085 1163 2210 1228 habent
2230 1164 2299 1230 eius

1328 1270 1435 1315 mores
1445 1250 1528 1314 mihi
1544 1250 1628 1316 serio
1644 1248 1756 1314 testati
1775 1257 1861 1328 sunt
1883 1251 2042 1332 optimum
2060 1269 2131 1314 esse
2147 1249 2299 1314 iuvenem

1328 1342 1363 1399 et
1390 1335 1425 1399 in
1453 1355 1551 1417 quem
1561 1335 1588 1420 ⁷)
1611 1343 1745 1402 senatus
1766 1335 1870 1400 vestri
1896 1335 2081 1418 benignitas
2102 1335 2298 1400 conferatur.

1329 1421 1411 1485 Peto
1432 1421 1535 1504 igitur
1562 1420 1620 1486 aba
1648 1429 1680 1485 te
1702 1429 1740 1486 ut
1768 1440 1844 1485 eum
1865 1442 1939 1486 mea
1959 1439 2058 1487 eausa
2079 1419 2246 1502 suseipiaa,
2267 1427 2300 1484 et

1267 1557 1274 1570 .
1328 1507 1503 1570 autoritate
1525 1515 1582 1571 tua
1599 1505 1687 1590 apud
1708 1513 1857 1571 senatum
1874 1506 1977 1572 iures.
2010 1505 2124 1588 Neque
2145 1512 2179 1570 te
2196 1526 2300 1571 uuum

1329 1589 1489 1656 duntaxat
1511 1591 1572 1658 hae
1594 1591 1634 1656 de
1656 1612 1692 1656 re
1714 1599 1844 1656 oratum
1866 1591 1973 1668 velim,
1995 1590 2053 1656 sed
2075 1591 2155 1658 elios
2175 1611 2300 1675 quoque

1328 1676 1445 1744 fratrea
1467 1697 1556 1743 meos
1578 1675 1789 1755 venerandos,
1818 1675 1934 1762 quibus
1955 1677 2093 1742 salutem
2114 1697 2157 1742 ex
2177 1697 2230 1741 me
2251 1677 2300 1741 di-

1328 1782 1390 1827 aes.
1433 1763 1596 1828 Dominus
1617 1762 1711 1828 Iesus
1734 1783 1792 1828 vos
1813 1783 1927 1828 omnes
1949 1763 2066 1846 spiritu
2093 1783 2151 1828 suo
2173 1783 2300 1846 semper

1329 1853 1423 1931 regat
1439 1869 1561 1932 suaque
1579 1848 1664 1914 dona
1681 1849 1716 1912 in
1733 1849 1825 1914 vobis
1841 1850 2012 1914 eoufirmet
2022 1849 2052 1926 ⁸)
2063 1856 2161 1932 atque
2171 1853 2298 1934 augeat

1331 1932 1489 2000 Generae
1511 1937 1540 2000 6.
1564 1932 1656 2000 eidus
1676 1933 1835 2000 Novemb.
1863 1937 1953 2000 1542.

1786 2070 1928 2138 Ioannes
1950 2070 2109 2140 Oalriuua
2129 2078 2215 2138 tirus

1580 2853 1815 2924 OPORINUS
1838 2854 2055 2923 OALVINO.

1424 3027 1561 3093 Tristem
1580 3046 1673 3092 wem
1692 3017 2044 3109 eoreditionem'eeponit
2072 3031 2188 3111 quippe
2208 3029 2266 3112 qui
2285 3049 2307 3094 a

1335 3114 1533 3197 mopiam,
1545 3132 1641 3194 quum
1654 3113 1848 3178 Aleorenem
1864 3111 1961 3178 latine
1970 3113 2119 3179 edendm
2130 3114 2221 3196 prelo
2237 3114 2308 3181 sue

1335 3200 1464 3277 acient,
1485 3199 1522 3263 ta
1537 3217 1689 3264 carmem
1704 3199 1854 3263 contem
1868 3198 1975 3280 feerit,
1993 3200 2103 3265 etiem
2119 3221 2192 3267 aere
2207 3201 2310 3266 alieno

1335 3303 1505 3368 oppressus
1532 3283 1683 3350 Basileus
1708 3283 1830 3365 frustra
1855 3285 2043 3365 quaesiverit
2068 3287 2124 3368 qui
2151 3287 2219 3368 ipsi
2238 3305 2309 3351 mre

1335 3375 1422 3436 wem
1441 3370 1562 3436 deraret
1605 3367 1742 3435 Meliora
1764 3368 1905 3436 Gesonae
1925 3375 2085 3452 asperae

1477 3539 1533 3605 (Ex
1550 3539 1718 3610 autographo
1735 3539 1801 3595 Ood.
1819 3539 1939 3596 Gothani
1955 3539 2014 3608 404,
2031 3541 2077 3598 iol.
2095 3541 2169 3608 let.)

1371 3791 1374 3796 .
1423 3729 1465 3794 D.
1477 3727 1592 3793 Ioanni
1611 3725 1750 3794 Oalvino
1772 3727 1977 3797 ecelesiastae
1993 3731 2184 3799 Ganevansi
2205 3731 2313 3799 amieo

1336 3815 1435 3900 louge
1456 3814 1623 3881 serissime
1645 3833 1712 3879 suo.
1796 3861 1799 3868 Δ

2055 3903 2223 3970 Genevse.

1423 4035 1459 4104 S.
1486 4035 1621 4103 Prolim
1650 4035 1790 4104 seribere
1818 4037 1859 4104 ad
1886 4045 1920 4104 te
1947 4059 2099 4122 euperem
2127 4046 2167 4104 ut
2196 4061 2317 4108 essum

1337 4123 1397 4188 tibi
1417 4143 1527 4188 meum
1548 4141 1759 4202 reeensemm,
1781 4125 1837 4207 qui
1858 4145 1964 4208 nuper
1984 4125 2067 4190 mihi
2088 4125 2211 4192 assidit
2233 4127 2317 4194 satis

1336 4208 1507 4294 indignus:
1537 4205 1594 4273 sed
1615 4209 1691 4291 quia
1710 4229 1778 4274 non
1798 4218 1893 4276 vaeat
1914 4209 2005 4276 brevi
2027 4231 2155 4277 summa
2177 4219 2316 4278 tantum

1337 4295 1444 4379 eapite
1463 4291 1558 4360 velut
1577 4293 1614 4358 in
1636 4293 1732 4361 amisi
1753 4295 1912 4362 sanissimi
1928 4296 2038 4362 sinum
2054 4295 2192 4364 oolleata
2211 4296 2318 4384 depo·

1439 4581 1471 4650 s)
1488 4581 1556 4662 soe
1572 4553 1630 4664 ee
1646 4583 1681 4638 a
1696 4581 1875 4638 ramesse
1892 4581 2320 4723 medaeam

1337 4666 1448 4706 me
1465 4651 1568 4706 dretm
1584 4651 1701 4733 edetur,
1720 4667 1773 4721 quo
1790 4657 1880 4706 oreste
2067 4657 2182 4708 metues
2283 4656 2288 4666 '

1336 4719 1472 4847 miii
1486 4727 1719 4860 &weles
1737 4787 1858 4858 aliquem
1872 4790 2038 4856 sordeseere
2056 4791 2215 4860 queneto&

1336 4927 1420 4983 dm
1438 4857 1540 4981 ⁸6anst
1548 4859 1714 4928 praeclarus:
1733 4857 1798 4912 tace
1816 4859 1897 4914 veroa
1915 4861 1945 4912 ire
1962 4857 2052 4914 codiee
2070 4875 2088 4914 a
2105 4861 2213 4915 seriori
2230 4878 2320 4917 mans

1439 4993 1468 5062 l)
1487 4994 1524 5048 ln
1540 4995 1661 5064 enorpine
1677 4995 1808 5050 socordior
1828 5011 1925 5049 mones
1946 4993 2067 5064 supplet:
2093 5012 2149 5050 uou
2166 4997 2200 5050 in
2225 4998 2231 5010 ’
2274 5015 2320 5053 nan

1508 5059 1588 5129 eaeo
1610 5061 1660 5116 Br.
1688 5064 1787 5132 reecpit
1815 5065 1843 5118 io
1869 5070 1982 5132 testreet,
2003 5077 2146 5134 perperam
2232 5071 2238 5081 “
2309 5109 2315 5120 .

1338 5065 1379 5148 βυ
1403 5081 1484 5133 quem

1336 5151 1365 5188 m
1382 5149 1468 5265 quoii)
1486 5205 1628 5252 somerset
1646 5197 1696 5254 ar,
