4910 5974
181 317 241 378 1161
1072 315 1152 376 1543
1174 311 1270 377 Mel
2111 320 2175 382 56?

182 499 277 581 qood
305 499 425 567 dicitur
451 501 491 567 ad
514 501 617 568 lilium
639 509 740 586 pater,
769 523 837 567 non
859 508 910 566 est
930 499 1033 579 filius;
1064 497 1148 581 quod
1199 518 1271 564 esse
1292 495 1334 562 ad
1354 498 1568 581 probandum.
1612 499 1680 568 Sed
1697 501 1783 570 bunc
1804 501 1963 587 probandi
1983 504 2175 574 facilitatem

182 585 302 651 dicitnr
322 587 409 652 iilius
430 586 472 651 ed
491 597 628 671 patrem,
650 609 717 653 non
739 595 789 652 est
807 593 907 670 pater.
953 585 1047 666 Quod
1071 584 1149 650 diei·
1200 583 1411 650 demonstret

181 670 300 735 tured
322 681 487 755 sopater,
516 681 550 738 et
569 673 656 739 filius
685 673 725 737 ad
748 693 798 751 se,
826 672 887 738 hoo
916 679 966 736 est
996 677 1090 752 peter
1117 677 1150 734 et
1252 695 1255 700 ¹
1285 669 1456 754 Hactenus
1484 671 1624 755 ineptire
1653 693 1728 739 cum
1749 693 1787 739 ec
1814 673 1916 740 libuit.
1960 675 2057 742 Nunc
2085 679 2172 743 serio

182 755 269 823 filius
286 757 372 822 idem
391 757 480 823 deus.
504 759 672 825 Hactenus
683 758 748 824 ille.
770 758 842 822 Iam
859 757 924 824 ista
943 755 1149 822 distinctione
1200 753 1322 836 loquar.
1363 755 1537 836 Quorsum,
1560 757 1701 838 obsecro,
1724 759 1805 824 istae
1827 759 2083 842 speculationes?
2115 765 2172 828 An

183 842 344 922 adhibite,
377 842 454 926 quid
488 843 617 909 obsecro
653 844 798 927 ambigui
837 849 949 907 manet
986 839 1148 924 amplius?
1201 859 1269 904 non
1297 861 1339 904 ex
1367 861 1404 906 eo
1430 849 1509 906 sunt
1534 863 1653 925 genere
1681 844 1766 926 quod
1793 851 1963 928 tantopere
1984 855 2173 914 exsecratur

183 927 403 1009 Quamobrem
430 928 515 992 idem
545 935 677 995 sanctus
703 930 754 994 vir
779 927 913 992 homilia
934 928 970 991 in
990 926 1149 991 Ioannem
1201 923 1350 989 Paulus?
1394 925 1555 1008 Spiritum
1582 949 1648 994 non
1676 929 1782 1004 fuisse
1796 931 1924 996 unitum
1946 931 2113 998 columbae
2134 941 2173 998 nt

184 1019 234 1091 39,
253 1020 425 1096 postquam
442 1015 545 1078 movit
560 1013 646 1080 hane
665 1015 887 1097 quaestionem
905 1013 1042 1096 qualiter
1058 1019 1152 1094 pater
1202 1030 1341 1092 persone
1368 1031 1436 1075 uua
1465 1013 1730 1095 constitueretur,
1760 1016 1846 1082 siout
1866 1016 1902 1081 in
1923 1015 2056 1083 Christo
2077 1025 2173 1085 extre

184 1107 217 1163 et
233 1099 320 1163 filius
338 1099 405 1162 sint
422 1099 518 1163 simul
538 1101 743 1182 principium,
766 1100 828 1164 heo
849 1099 1008 1164 solutione
1030 1097 1150 1162 utitur:
1202 1097 1458 1162 controversiam
1479 1119 1550 1164 esse
1571 1099 1732 1170 arbitror„
1762 1100 1858 1182 Quod
1879 1101 1998 1184 Ioseph
2020 1111 2053 1169 et
2073 1103 2172 1170 Nico-

184 1183 271 1267 qncd
292 1184 354 1249 hcc
375 1183 442 1248 solo
464 1205 636 1251 numerum
658 1187 829 1249 insinuant
849 1192 1009 1267 quatenus
1027 1183 1095 1248 sint
1110 1180 1152 1246 ad
1203 1180 1298 1245 demo
1317 1182 1545 1264 perfectionem
1561 1183 1637 1250 fidei
1654 1185 1777 1265 adimit,
1794 1187 1877 1251 nihil
1895 1185 2058 1267 dissentio,
2076 1189 2172 1256 modo

184 1271 341 1348 invicem,
363 1290 430 1333 ncn
452 1279 561 1334 autem
583 1269 670 1353 quod
692 1270 733 1336 ed
756 1291 791 1335 se
813 1282 899 1335 sunt.
932 1269 1017 1334 Item
1037 1269 1074 1332 in
1095 1269 1151 1334 Pe.
1202 1287 1245 1332 ne
1268 1267 1321 1332 eui
1342 1267 1436 1332 elteri
1458 1289 1531 1334 eam
1550 1269 1681 1336 tribuat
1711 1270 1808 1352 Quod
1830 1273 1964 1355 spiritus
1984 1273 2173 1356 prophetiae

187 1359 262 1418 109:
285 1353 324 1420 Si
345 1361 438 1438 pater
458 1355 652 1440 principium
675 1365 740 1434 est,
762 1357 878 1438 inquit,
900 1363 933 1418 et
954 1354 1039 1418 filius
1061 1355 1152 1435 prin·
1203 1373 1269 1416 nou
1290 1353 1472 1436 perstiterit
1492 1375 1620 1438 semper
1640 1357 1676 1420 in
1697 1358 1878 1440 prophetis,
1908 1358 2099 1426 documento
2122 1365 2173 1426 cst

184 1441 320 1523 cipium,
347 1449 467 1506 suntne
490 1440 552 1506 duc
573 1441 753 1524 principie?
782 1440 932 1505 minime:
960 1439 1042 1505 sicut
1064 1439 1151 1503 enim
1204 1435 1300 1502 Saul:
1322 1439 1434 1503 fateor.
1468 1437 1536 1504 Sed
1557 1440 1647 1506 aliud
1668 1443 1776 1508 forsan
1797 1443 1953 1526 intelligit
1973 1443 2057 1527 quod
2079 1465 2099 1508 a
2119 1465 2173 1512 me

184 1525 610 1609 paterestdeusetfilius
632 1527 781 1592 densita
802 1533 939 1609 uterque
961 1532 1010 1590 est
1031 1523 1151 1606 prinoi-
1202 1543 1268 1586 non
1307 1523 1477 1608 obtineret
1500 1526 1573 1590 ·De
1594 1527 1726 1592 Ananis
1758 1535 1793 1592 et
1825 1526 1991 1612 Sapphire
2021 1529 2173 1595 ostendet

183 1613 284 1696 pium.
317 1611 430 1693 Neque
452 1612 515 1678 duo
537 1621 623 1690 sunt,
646 1610 826 1678 sedunum
848 1610 1053 1694 principium.
1086 1611 1152 1675 Eat
1203 1627 1335 1673 neeesse
1362 1615 1412 1674 est
1439 1609 1525 1693 quod
1553 1610 1643 1676 eliud
1670 1614 1793 1678 crimen
1814 1621 1945 1697 praeter
1966 1613 2171 1681 mendacium

184 1717 272 1762 nunc
299 1697 503 1780 magistellos
528 1707 636 1764 vester
664 1705 698 1762 ct
726 1705 860 1763 extenta
886 1697 1011 1762 cervice
1038 1702 1152 1761 contra
1203 1693 1239 1756 in
1256 1692 1322 1758 illis
1339 1693 1539 1760 vindicatum
1556 1697 1663 1777 fuerit,
1685 1697 1715 1762 si
1735 1698 1833 1763 fidem
1855 1699 1968 1764 heberi
1989 1707 2172 1766 commento

185 1803 246 1847 nos
267 1782 410 1848 insultet.
454 1783 600 1848 Homilia
621 1804 745 1865 quoque
768 1787 808 1847 38
832 1782 871 1847 do
894 1791 1048 1864 tempore,
1070 1801 1152 1864 quae
1204 1799 1262 1843 suo
1290 1777 1371 1844 vult
1415 1779 1600 1864 Allegcrias
1628 1783 1714 1865 quod
1740 1791 1807 1849 tum
1839 1785 1984 1850 animose
2017 1783 2170 1864 defendit,

185 1867 321 1932 titulum
344 1867 441 1932 habet
462 1868 502 1933 de
522 1869 668 1933 trinitate
689 1876 722 1933 et
742 1868 898 1946 columba,
921 1867 1047 1949 copiose
1067 1873 1154 1930 trao-
1204 1862 1288 1928 nihil
1308 1863 1437 1929 mirum.
1478 1865 1565 1930 Nam
1584 1868 1639 1950 qni
1660 1875 1789 1950 guttam
1810 1889 1909 1935 unam
1936 1869 2039 1936 intelli
2064 1871 2172 1937 entiae

186 1961 236 2016 tet
257 1960 417 2036 qnantum
444 1954 576 2020 intersit
596 1953 734 2019 relative
757 1961 814 2018 aut
835 1952 1091 2018 substantialiter
1113 1951 1153 2016 de
1205 1969 1272 2013 non
1285 1948 1416 2028 babent,
1434 1951 1499 2015 nisi
1516 1951 1680 2036 allegoriis
1697 1954 1824 2038 frigidis
1842 1963 1876 2020 et
1897 1955 2030 2021 insulsis
2042 1893 2171 2036 dudunt,

185 2036 259 2104 Deo
286 2037 382 2122 loqui.
427 2037 523 2120 Quod
545 2041 572 2105 si
594 2039 737 2104 nondum
766 2039 929 2123 frangitur
956 2039 1025 2103 eius
1046 2037 1153 2120 pervi—
1204 2033 1321 2099 merito
1349 2055 1408 2118 pro
1436 2035 1502 2102 illis
1529 2045 1678 2122 pugnant
1704 2059 1771 2104 ncn
1794 2060 1886 2106 seem
1907 2047 2004 2124 etque
2025 2061 2085 2123 pro
2106 2041 2172 2106 aris

186 2125 288 2202 cacia,
316 2145 384 2188 non
413 2145 527 2190 recuso
557 2147 576 2190 a
602 2125 659 2189 tali
688 2124 792 2191 bestie
818 2123 928 2190 vocari
954 2123 1152 2188 haereticus:
1206 2127 1239 2184 et
1259 2119 1347 2185 focis.
1594 2125 1596 2130 '

186 2207 283 2274 modo
303 2209 466 2294 (lyrillum
488 2211 624 2276 habeam
647 2211 785 2288 socium,
812 2213 866 2293 qui
893 2206 1006 2274 iisdem
1028 2229 1154 2292 quoque
1291 2206 1416 2270 Verum
1456 2205 1612 2288 prolixior
1649 2208 1717 2272 iam
1754 2209 1802 2273 fui
1840 2229 1940 2292 qnam
1982 2216 2169 2277 statuerem.

187 2295 298 2360 verbis
317 2315 385 2360 non
406 2296 507 2361 semel
523 2297 636 2362 utitm.
660 2294 727 2362 Sed
744 2315 905 2378 quaenam
921 2295 985 2359 iste
1002 2303 1051 2358 est
1070 2293 1155 2358 furia
1205 2290 1317 2374 Itaque
1338 2293 1437 2356 finem
1458 2292 1549 2358 facio.
1585 2291 1712 2372 Valeas,
1734 2295 1852 2360 fratres
1871 2294 1952 2359 mihi
1972 2296 2008 2360 in
2029 2295 2172 2362 Domino

186 2379 349 2446 haeresim
378 2383 593 2465 proclamare,
622 2381 706 2466 quod
734 2389 803 2446 tem
830 2403 870 2447 ex
892 2380 993 2446 sacris
1015 2379 1155 2444 oraculis
1205 2375 1373 2441 carissimi.
1417 2377 1580 2443 Dominus
1601 2379 1695 2445 vobis
1718 2385 1752 2444 et
1772 2380 1964 2463 sapientiam
1991 2389 2024 2446 et
2043 2381 2173 2446 fortitu·

187 2487 286 2550 qnam
313 2487 355 2532 ex
381 2475 531 2532 vetemm
561 2477 690 2551 patrum
722 2467 851 2550 scriptis
883 2465 985 2529 multe
1015 2463 1155 2529 illustria
1206 2461 1315 2527 dinem
1343 2463 1448 2545 magis
1475 2483 1513 2528 ac
1542 2465 1647 2546 magis
1675 2471 1800 2548 augeat,
1834 2473 1871 2530 ut
1902 2464 2173 2549 quemadmodum

187 2552 375 2618 testimonia
413 2551 553 2618 babeat?
597 2553 670 2618 Hae
701 2551 860 2636 particula
899 2557 1034 2632 excepta
1071 2549 1153 2614 nihil
1205 2546 1356 2628 coepistis
1394 2549 1539 2631 pergatis
1570 2548 1605 2613 in
1637 2550 1790 2616 ecclesiae
1827 2571 1905 2616 suae
1942 2549 2174 2618 aedificatione

186 2645 357 2720 praeterea
384 2637 608 2704 animadverto
634 2637 719 2722 quod
746 2639 783 2702 in
808 2657 862 2701 me
889 2645 1040 2718 torquere
1065 2635 1151 2701 velit.
1206 2633 1322 2698 Amen.
1366 2631 1865 2701 Generaccoelend.1unias.

187 2719 384 2805 Quanquam
412 2745 479 2790 non
506 2746 559 2788 me
586 2723 692 2788 solum
720 2723 774 2789 hio
803 2721 980 2805 contingit,
1009 2720 1066 2786 sed
1093 2741 1154 2786 vos
1205 2802 1210 2815 .

187 2827 302 2874 omnes
329 2811 383 2892 qui
411 2831 511 2875 unam
533 2811 701 2875 nobiseum
722 2807 860 2892 professi
882 2807 960 2871 estis
981 2807 1153 2872 confessic-

187 2915 262 2960 nem
285 2915 369 2977 quae
389 2895 423 2960 id
442 2895 590 2962 habebat
621 2895 779 2960 Vestrum
799 2894 899 2978 igitur
920 2902 969 2958 est
990 2891 1154 2960 communi

187 2979 333 3044 omnium
362 2981 494 3046 nomine
521 2989 554 3045 et
573 2981 666 3047 vobis
687 2987 721 3044 et
740 2979 803 3062 ipsi
825 2977 955 3044 veritati
977 2979 1154 3062 irrogatam

186 3065 417 3131 contumeliam
434 3067 595 3150 persequi.
618 3065 714 3148 Quod
731 3065 794 3130 nisi
811 3065 926 3135 fecitis.
949 3062 1078 3130 decrevi
1095 3071 1154 3146 'pro

186 3171 261 3217 mea
281 3161 376 3236 parte
395 3173 460 3218 non
482 3173 616 3218 cessare.
656 3150 818 3235 Intelligc,
841 3151 869 3215 si
891 3150 963 3215 istic
985 3151 1027 3214 sit
1049 3148 1154 3214 adhue

186 3237 312 3387 fflmse
346 3238 589 3342 conclueionum
630 3237 762 3302 illarum
803 3235 1017 3300 architectum
1055 3236 1154 3318 profi·
1646 3291 1709 3364 475

278 3345 304 3388 r·
1711 3342 1721 3365 0

272 3409 313 3473 In
340 3409 412 3474 eliis
440 3407 641 3475 excutiendis
669 3409 745 3492 quid
775 3408 899 3472 frustre
925 3427 977 3472 me
1003 3407 1100 3472 simul
1122 3414 1156 3472 et
1468 3428 1669 3498 5¹13ngss
1692 3427 1719 3496 0
1720 3429 1908 3498 Ammo·

186 3514 246 3560 vos
267 3494 459 3579 fatigarem?
503 3495 647 3560 Multum
668 3494 877 3562 concionatur
896 3491 936 3558 de
957 3493 1100 3571 caritate,
1122 3499 1156 3558 st

186 3577 314 3646 fortiter
334 3591 502 3648 succenset
528 3601 600 3646 eam
622 3601 689 3645 non
708 3579 791 3645 bene
812 3578 944 3646 servari.
989 3580 1035 3643 At
1055 3579 1155 3644 velim
1290 3601 1472 3683 Deperpppp
1498 3602 1631 3683 sonasse
1650 3603 1787 3670 secem
1809 3603 1909 3669 uteris
1931 3603 2173 3671 amentem

186 3673 271 3739 scire
297 3674 468 3739 cuiusnam
495 3672 538 3736 sit
564 3670 708 3737 cantatis
735 3666 923 3732 abscindere
951 3663 992 3728 ab
1019 3663 1154 3730 ecclesia
1205 3685 1278 3752 pm,
1299 3687 1401 3768 paup,
1427 3687 1593 3752 meroem.
1633 3686 1712 3771 ,4952
1736 3689 1775 3753 pe
1795 3689 1913 3754 apim
1934 3689 2080 3771 quadam,
2102 3710 2172 3756 cum

185 3759 242 3844 qni
264 3779 362 3825 sensu
390 3755 556 3823 doetrinae
584 3758 648 3819 rite
669 3759 885 3837 congruentes
907 3772 980 3818 oum
1003 3751 1154 3817 omnibus
1204 3771 1417 3838 Bmmppup
1443 3777 1539 3854 puta,
1570 3791 1665 3853 quam
1699 3774 1805 3838 mim
1833 3774 1956 3839 cordate
1986 3781 2041 3840 aut
2072 3795 2173 3841 sem

185 3845 250 3930 1)ἱὶΒ
279 3863 372 3910 10008
399 3836 911 3923 ta¹1i1¹¹1¹(lllbssdfflnrespuant?
956 3835 1044 3918 Quid
1066 3838 1153 3902 essim
1198 3858 1380 3940 persequuti
1396 3861 1484 3923 aaut
1500 3857 1742 3923 Lauscomases
1757 3879 1851 3940 quom
1860 3859 2042 3924 debuissent.
2062 3859 2173 3924 Etiam

184 3929 436 4006 contentiosius,
474 3926 582 4026 inquit
621 3925 826 4008 Augustinus
844 3919 905 4024 'ed
943 3921 1154 3988 Pescentium
1204 3943 1289 4009 app„
1317 3963 1379 4008 no„
1406 3943 1512 4008 omnia
1539 3942 1610 4007 ben,
1636 3961 1670 4006 33
1701 3941 1818 4009 pappus,
1863 3943 1966 4010 pepp
1995 3949 2169 4028 ymarus,

184 4019 278 4100 epist.
301 4019 375 4094 124,
403 4035 498 4097 quam
520 4011 577 4077 ubr
599 4010 639 4075 de
660 4031 696 4074 re
717 4016 869 4074 convenit
889 4016 1012 4074 certare
1034 4008 1074 4072 de
1095 4029 1152 4073 no·
1203 4027 1365 4094 Dima,
1385 4028 1478 4093 mom·
1493 4027 1669 4109 proximus,

183 4103 285 4169 mino.
309 4101 348 4166 Si
369 4107 535 4183 suspectos
556 4097 700 4172 haberet,
723 4095 851 4159 veniam
874 4093 993 4158 darem.
1029 4091 1096 4158 Sed
1117 4094 1152 4158 in

182 4189 247 4256 boe
268 4195 339 4252 tam
359 4186 503 4269 praeciso
523 4183 631 4268 rigore
651 4182 785 4246 minime
805 4179 949 4244 caritatis
965 4188 1153 4244 mansuetu·
1340 4197 1397 4263 (nx
1414 4195 1581 4267 autogrnpto
1598 4195 1662 4251 oon
1682 4195 1782 4252 eones.
1802 4195 1884 4264 111⁸,
1903 4197 1949 4251 rot.
1970 4195 2039 4264 lte.)

184 4274 297 4340 dinem
320 4291 468 4356 agnosco.
511 4270 563 4334 De
583 4268 722 4334 essentie
743 4267 804 4332 Dei
828 4286 893 4330 non
914 4265 986 4330 visa
1008 4265 1153 4348 patribus

184 4368 265 4427 ante
298 4357 422 4424 Christi
460 4355 639 4422 adventum
678 4373 775 4434 (luam
808 4351 948 4434 puellies
989 4349 1151 4434 ineptiae?
1289 4367 1406 4433 Ioanni
1434 4367 1572 4435 (lalvinc
1599 4367 1803 4434 Genevensis
1833 4367 1986 4434 ecclesiae
2013 4367 2171 4436 fidissimo

183 4447 282 4531 Rogo
312 4443 416 4520 enim,
448 4441 642 4524 quibusnam
669 4437 769 4537 oeulis
796 4457 883 4502 nune
913 4435 1062 4536 videatur
1078 4435 1153 4536 ‘Dei
1204 4475 1242 4520 ω
1263 4453 1512 4540 vqffimtjflgimo
1533 4455 1654 4538 pagtmi
1676 4453 1770 4518 fratri
1791 4475 1888 4536 quam
1910 4455 2076 4521 carissimo

183 4531 331 4598 essentie
348 4536 585 4592 emortuorum
607 4524 747 4590 animm?
771 4520 986 4588 PutetneDer
1005 4521 1151 4606 gloriam,
1917 4539 2082 4606 (penem,

182 4625 310 4702 quanta
331 4622 390 4692 est,
412 4614 453 4679 eb
474 4613 540 4678 illis
561 4609 815 4696 comprehendi?
837 4608 941 4685 Dicet,
964 4628 1032 4672 non
1049 4609 1154 4692 qualis
1760 4675 1766 4688 ·
1979 4675 1986 4690 υ
2124 4675 2168 4690 ..

183 4713 252 4780 est,
282 4700 340 4766 sed
365 4699 493 4783 qualem
519 4699 582 4763 fert
609 4707 722 4781 captus
748 4697 852 4762 nostri
874 4694 1017 4760 tenuitas
1039 4694 1152 4760 videri.
1290 4675 1325 4741 S·
1357 4675 1454 4756 Q¹¹⁰d
1476 4674 1517 4740 ad
1539 4683 1683 4741 ¹10⁵t1'12m
1705 4683 1864 4740 wilffllom
1880 4675 1903 4761 ¹)
1927 4682 2060 4755 1111111111,
2087 4676 2171 4742 1111111

182 4789 328 4870 Exeipic
353 4787 468 4870 igitur,
502 4785 605 4851 visam
633 4785 731 4850 fuisse
759 4803 818 4848 suo
846 4789 934 4848 certo
962 4777 1056 4845 modo
1078 4790 1154 4846 ente
1205 4760 1323 4840 d⁰l¹¹ib
1352 4762 1690 4861 btlssssssnuefflieffl'.
1713 4759 2170 4861 q1¹⁰d110131³³¹¹l⁰⁸0vflri118

181 4874 312 4940 Obristi
343 4871 535 4938 adventum:
571 4868 675 4934 videri
710 4889 798 4934 nuno
823 4867 966 4950 plenius,
993 4865 1153 4944 visionem
1204 4867 1455 4932 1'ellfbssflssfflnuss
1465 4847 1717 4946 ⁸¹¹Pim¹i¹¹¹mfll
1727 4847 1938 4947 felillflsslfflss}
1956 4845 2169 4929 q1¹⁰r⁰¹¹d⁸ms

180 4961 255 5026 fore
277 4959 459 5024 absolutam
481 4977 580 5039 quum
602 4953 724 5019 similes
742 4953 791 5018 illi
811 4954 940 5018 erimus.
983 4952 1030 5016 At
1050 4960 1154 5016 totum
1204 4933 1261 5000 ⁸0‘l
1282 4931 1417 4999 Verebar
1438 4954 1489 5013 ne,
1510 4929 1841 5015 flllffldm¹h¹d⁰f¹¹¹⁸
1862 4929 2034 5010 ⁰¹⁰1d01'0b
2056 4953 2170 5015 quam·

180 5053 378 5114 eanctorum
410 5043 546 5110 chorum
579 5039 755 5106 reclamare
790 5038 908 5105 obiicit
952 5035 1019 5102 Sed
1052 5037 1109 5104 ubi
1135 5059 1155 5102 a

179 5139 376 5200 sanctornm
402 5130 501 5194 ebcrc
526 5127 612 5192 banc
638 5125 835 5190 cantilenam
857 5121 1003 5190 audivit?
1046 5123 1156 5207 Negat

178 5219 258 5284 fieri
281 5217 471 5299 oportuisse.
494 5211 561 5280 Sed
582 5233 646 5296 qua
666 5208 816 5276 ratione?
838 5209 945 5276 Iactet
964 5209 1154 5276 facillimum
1224 5225 1337 5290 4751)
1358 5221 1473 5280 114711.

294 5315 405 5373 Oclm'ai
417 5331 509 5386 opera.
550 5315 606 5371 Vos
624 5311 677 5367 xl.

1623 2769 1764 2835 Ioannes
1787 2769 1945 2838 Calvinus
1967 2779 2086 2838 vester.

1587 3056 1789 3068 ψ·-

1204 5107 1408 5118 -μ--η--ι-
