4942 5982
188 379 228 439 77
1036 381 1118 442 1504
1138 374 1335 445 Auuusu.
2152 378 2194 442 78

186 585 251 646 que
272 565 359 631 meis
380 583 520 630 exorem.
554 564 651 630 Nosti
673 565 760 630 enim
783 573 1016 630 testamentum
1033 567 1165 648 propria
1215 566 1365 632 cissimis.
1409 565 1568 631 Iusserim
1582 569 1607 649 ¹)
1628 584 1707 648 ergo
1728 563 1848 632 bross
1869 574 1908 630 ut
1928 567 2031 632 istum
2052 567 2195 636 horteris

188 671 291 716 manu
313 650 473 733 scriptum
499 651 536 714 in
563 659 730 734 posterum
758 649 920 716 infirmari
948 671 1043 734 posse
1065 659 1164 734 atque
1215 659 1253 716 ut
1284 651 1349 716 huo
1381 671 1417 716 se
1449 651 1606 730 conferat,
1644 651 1801 715 nimirum
1840 652 1971 718 visurus
2010 653 2195 737 prinoipem

187 735 288 813 reiioi,
317 755 420 818 quum
442 737 614 802 anemius
635 734 841 802 characteres
863 736 995 820 agnosci
1017 757 1056 802 ao
1077 755 1164 802 oom-
1216 739 1349 813 suam2)
1377 757 1415 802 ao
1447 736 1539 802 illam
1570 735 1773 802 salutaturus
1801 737 1837 802 in
1864 735 2023 816 Domino,
2057 739 2087 804 si
2112 739 2193 822 quid

187 822 321 904 probari
342 820 517 887 valuerint.
552 821 658 888 Plura
680 842 747 887 non
768 822 883 901 scribo,
906 820 1166 906 quodFareltam
1215 823 1318 906 possit
1339 823 1424 889 effici
1452 842 1512 906 per
1533 843 1622 902 eam,
1649 833 1683 887 et
1704 822 1804 888 fratre
1832 825 2014 890 accuratius
2034 825 2192 908 inspecto,

186 906 246 972 tibi
278 908 391 972 omnia
423 907 553 972 abunde
584 927 737 973 narrasse
764 908 915 973 arbitror.
967 907 1163 974 Memineris
1217 917 1252 974 et
1279 907 1372 974 donis
1398 909 1463 974 Dei
1492 908 1610 992 quibus
1635 907 1743 986 valet,
1779 909 1807 972 si
1840 908 1932 975 visus
1957 909 2059 974 inerit
2085 911 2197 994 aptior

187 1001 282 1058 tuum
315 993 399 1058 mibi
430 992 579 1058 revelare
610 993 783 1060 consilium
817 1013 916 1077 super
945 994 1006 1059 hoo
1039 993 1164 1060 difficili
1217 1013 1317 1076 quam
1345 993 1375 1058 is
1402 1014 1501 1077 quem
1528 995 1594 1058 iam
1622 993 1718 1078 pauci
1746 1015 1783 1060 re
1807 1001 1903 1059 utant
1934 1016 2002 1060 non
2030 995 2192 1079 ineptum,

188 1078 282 1158 nodo,
304 1099 367 1145 nec
388 1077 423 1143 id
444 1079 581 1144 minoris
611 1077 699 1164 apud
726 1099 780 1144 me
806 1081 869 1144 erit
895 1079 993 1162 pretii
1014 1099 1113 1162 quam
1135 1077 1164 1145 si
1216 1079 1337 1162 poterit
1358 1079 1561 1163 provinciam
1578 1079 1752 1162 suscipere.
1784 1015 1854 1144 iod
1875 1079 1959 1144 nihil
1980 1081 2074 1145 fratri
2096 1081 2192 1164 polli-

188 1175 329 1247 apatre
350 1165 620 1247 proficisceretur.
664 1162 723 1232 Sic
749 1185 829 1230 sane
859 1163 1025 1231 Ouioinm
1053 1185 1164 1230 meum
1217 1163 1334 1230 oearis:
1362 1173 1491 1230 tautum
1517 1163 1729 1248 persuadebis
1754 1163 1842 1248 quod
1863 1173 2006 1232 atcerte
2027 1165 2191 1232 debetis-

187 1259 227 1314 ut
246 1259 376 1333 patrem
403 1271 506 1334 usque
534 1251 730 1334 complectar
758 1257 793 1316 et
819 1251 914 1317 unice
941 1250 1163 1318 exosculabor.
1217 1269 1299 1326 cere,
1321 1257 1359 1315 ut
1380 1249 1559 1316 Dominam
1588 1251 1711 1316 invisat
1737 1259 1771 1318 et
1796 1251 1916 1317 iratres
1942 1251 1998 1336 qui
2023 1251 2078 1318 hie
2102 1259 2190 1318 sunt

188 1333 268 1400 Vale
289 1335 434 1402 salutata
459 1337 689 1420 coniugatus,
717 1357 816 1418 quam
843 1345 876 1401 te
904 1357 1010 1420 nuper
1031 1337 1164 1402 duxisse
1216 1335 1381 1402 Laborem
1403 1357 1471 1401 non
1493 1335 1749 1416 detrectandam,
1773 1334 1860 1401 unde
1881 1336 2007 1403 fruetus
2029 1349 2190 1420 speratur,

190 1419 384 1500 audivimus,
395 1423 419 1500 ¹)
456 1423 583 1486 utinam
611 1431 679 1487 tam
710 1421 850 1488 feliciter
875 1443 974 1504 quam
1001 1421 1165 1488 desidera·
1216 1443 1276 1504 pro
1304 1432 1363 1487 tua
1391 1419 1567 1506 prudentia
1593 1442 1688 1506 ages,
1723 1435 1855 1486 utnon
1880 1423 1988 1488 tardet
2017 1433 2093 1488 ante
2122 1421 2191 1490 dies

188 1527 270 1572 mus.
325 1505 487 1572 Dominus
530 1505 724 1589 Oopdonen,
763 1507 937 1588 Bracarum,
977 1505 1164 1586 Stomtwm,
1217 1517 1289 1572 coto
1311 1507 1376 1573 huo
1398 1507 1511 1574 venire
1532 1515 1570 1573 ut
1592 1507 1746 1574 eeclesiae
1774 1507 1917 1592 prospici
1938 1507 2055 1574 melius
2076 1510 2189 1594 possit

189 1591 391 1672 Horam,
414 1591 589 1658 Ianordum
605 1613 643 1658 ao
660 1594 797 1658 fratrem
815 1603 910 1658 tuum
933 1601 1047 1658 nostro
1069 1613 1163 1659 accu-
1216 1591 1350 1658 Literae
1372 1601 1448 1658 tuae
1470 1592 1512 1659 ad
1536 1591 1701 1659 aarum
1727 1591 1848 1678 probae
1876 1603 1910 1658 ot
1930 1592 2087 1660 honestae
2109 1615 2191 1661 uxo-

188 1684 259 1743 rate
281 1676 439 1744 salutabis
460 1677 603 1758 nomine,
625 1679 652 1744 si
676 1677 792 1761 placet.
836 1678 1028 1758 Alexander,
1051 1678 1162 1744 Furem.
1215 1679 1272 1756 ris,
1291 1677 1374 1746 adde
1393 1677 1493 1744 etiam
1509 1678 1670 1744 formosae
1687 1679 1889 1778 maritum‚⁸)
1912 1679 2040 1744 tardius
2056 1679 2192 1747 fuerunt

188 1762 303 1829 Astora
333 1763 573 1829 Armentimus
601 1765 668 1848 (eoi
690 1764 886 1831 decanatum
907 1765 1163 1849 resignavimus)
1215 1761 1378 1830 redditae:
1401 1771 1512 1830 tamen
1534 1763 1655 1830 curabo
1677 1763 1771 1829 fratri
1793 1762 1948 1831 reddrtas.
1982 1765 2109 1830 Mirum
2130 1775 2189 1868 est

189 1861 223 1914 et
242 1849 348 1915 nostri
369 1869 482 1915 omnes
503 1869 563 1918 voa
584 1850 824 1933 impensissime
845 1849 997 1929 salutant,
1021 1851 1163 1914 maxime
1216 1848 1302 1934 quod
1324 1860 1358 1915 at
1379 1847 1476 1916 valde
1498 1849 1646 1933 queritur
1675 1849 1816 1930 Viretas,
1845 1871 1905 1916 nos
1932 1850 1980 1916 ita
2007 1869 2105 1936 agore
2133 1873 2190 1936 qm

190 1934 311 2000 Petrus
333 1933 466 2002 aFoate
487 1937 543 2018 qui
564 1937 674 2001 omnia
695 1936 773 2003 boni
795 1936 966 2002 consuluit
1012 1935 1162 2014 'l’ononii
1215 1935 1252 2000 in
1273 1935 1415 2002 Domino
1443 1957 1546 2000 unum
1575 1958 1705 2015 sumus,
1733 1933 1869 2019 perinde
1897 1937 1985 2002 aosi
2012 1945 2079 2002 toto
2100 1937 2190 2004 coelo

191 2024 240 2084 17.
261 2023 348 2104 Aug.
377 2026 465 2085 1540.
1217 2028 1347 2121 totaque
1376 2029 1477 2120 terra·
1501 2021 1641 2087 seiuncti
1675 2042 1830 2122 essemus.
1879 2020 1947 2086 Nos
1974 2021 2098 2122 invises
2131 2021 2190 2088 ubi

381 2158 473 2224 Tum
496 2165 529 2222 οἵ
551 2157 662 2226 ἰηιώ
680 2157 939 2244 0hfi⁸t⁰ph⁰m⁸
961 2157 1163 2225 Limum·
1215 2105 1746 2276 iiibibarpicrdssliidminutitablid
1761 2118 1841 2260 vilis
1859 2107 2191 2276 Ippppaeissffinngt

1216 2288 1322 2344 tersas
1347 2277 1482 2344 trabem
1509 2278 1550 2344 de
1578 2299 1642 2362 quo
1670 2277 1844 2362 scripsisti,
1878 2289 1912 2344 et
1937 2279 2005 2344 iam
2035 2278 2190 2345 admonui

1215 2363 1282 2431 huo
1303 2364 1436 2430 mittere
1461 2361 1548 2447 quod
1569 2373 1603 2430 te
1623 2373 1743 2449 rogant
1771 2384 1893 2430 omnes.
1938 2363 2022 2428 Vale
2046 2363 2130 2430 bene
2151 2383 2190 2430 ac

1215 2470 1345 2532 semper
1371 2470 1449 2516 eura
1484 2469 1562 2516 oves
1594 2471 1676 2534 quas
1704 2449 1764 2516 tibi
1792 2448 1946 2516 Christus
1978 2448 2187 2516 concredidit

1215 2533 1372 2601 Salutant
1393 2543 1426 2601 te
1447 2535 1495 2618 pii
1516 2557 1638 2601 omnes.
1683 2534 1801 2601 Saluta
1822 2555 1936 2601 omnes
1956 2535 2030 2619 pios
2049 2533 2133 2616 istic,
2151 2543 2190 2602 ut

1214 2622 1413 2704 praefectum
1434 2643 1501 2686 non
1523 2633 1734 2704 praeteream.
1778 2619 1944 2702 Neocomi,
1972 2625 2023 2685 28.
2046 2621 2188 2706 Augusti

402 2668 651 2738 asumma
672 2667 948 2736 LIBER'I'ETO.

269 2839 349 2924 Apis
370 2839 409 2906 a
430 2841 565 2922 aarum
586 2861 676 2924 pem
693 2839 747 2908 eo
767 2841 1030 2906 emmerami
1051 2841 1160 2906 mana·
1839 2791 1992 2858 ¹⁴²¹⁰¹¹¹¹⁸
2015 2799 2100 2858 ‘⁰¹¹²

187 2927 263 2992 terto
293 2945 385 2992 sacro
417 2925 533 2992 ciboti
567 2927 603 2994 ic
634 2947 710 3012 ogre
740 2925 942 2993 Neooomensi
971 2926 1158 2994 donondom.

194 3007 308 3078 Uxores
331 3009 456 3078 Catum
476 3011 557 3079 taus.

189 3181 244 3246 (Ἐκ
267 3182 436 3252 autographo
459 3183 531 3237 Bibl.
555 3189 694 3306 pnffmpin
707 3183 839 3320 ἔιῖοοοω.
864 3184 933 3254 Epp.
952 3183 1051 3236 Farelli
1069 3183 1158 3238 iasoia

422 3423 491 3489 Suo
514 3421 751 3509 Ghristophoro
773 3425 922 3490 Tononii.

272 3561 308 3626 S.
340 3561 494 3628 Gratiam
516 3573 550 3626 et
571 3581 693 3643 pacem.
737 3563 836 3629 Facis
858 3576 897 3628 ut
917 3563 1011 3629 deest
1032 3561 1159 3630 Christi

184 3646 389 3724 ministrum,
418 3648 566 3713 intentus
587 3669 653 3713 non
681 3648 786 3714 solum
808 3647 986 3716 commodis
1007 3649 1158 3716 ecelesia·

184 3751 262 3798 rum
292 3733 449 3812 istarum,
483 3733 540 3800 sed
568 3743 602 3798 et
629 3733 784 3814 aliarum,
818 3755 920 3817 quum
948 3754 1062 3800 omnes
1091 3735 1159 3801 sint

185 3839 289 3882 amum
309 3839 429 3902 corpus
455 3827 489 3884 et
510 3819 614 3902 prosit
634 3819 785 3886 omnibus
806 3820 891 3903 quod
913 3819 973 3885 uni
995 3831 1046 3886 est
1066 3820 1157 3899 utile,

1660 3471 1732 3542 236.

1452 3625 1702 3696 afflatuue
1725 3626 1942 3696 OALVINO.

1297 3826 1490 3893 Gratulotur
1512 3827 1542 3892 a·
1567 3827 1691 3892 omnine
1717 3825 1902 3910 collegam
1926 3827 2083 3894 occasione
2102 3846 2183 3906 oap-

184 3912 285 3986 pront
305 3915 404 3970 nocet
424 3905 587 3971 universis
608 3905 694 3990 quod
715 3907 821 3971 cuivis
842 3906 951 3972 officit
997 3905 1158 3989 Oupimus
1207 3913 1328 3978 tiorum
1346 3912 1518 3994 italicique
1538 3932 1608 3976 eam
1629 3917 1666 3978 ut
1686 3912 1806 3978 eosdem
1826 3931 1897 3978 cam
1917 3932 2017 3978 uxore
2034 3912 2183 3994 prosim

182 3999 217 4054 et
236 4009 353 4054 omnes
372 3989 427 4056 bic
454 3991 549 4073 paria
574 3993 696 4070 facere,
725 3992 847 4074 tibique
873 3992 996 4076 gratias
1018 3993 1156 4075 agimus,
1207 4019 1290 4064 anno
1318 3997 1454 4063 invisere
1487 3996 1568 4062 velit.
1620 3996 1755 4063 Pinnem
1775 3999 2032 4080 parapamenos
2067 3995 2183 4062 Vesan-

183 4074 268 4157 quod
279 4075 339 4140 ubi
349 4077 483 4142 morbus
494 4084 545 4142 est
557 4076 698 4142 difficilis
715 4077 878 4144 medicum
896 4077 995 4143 offers
1013 4079 1157 4161 aegrotis
1207 4084 1288 4149 tione
1307 4083 1424 4166 saetae,
1445 4103 1508 4164 pro
1536 4079 1651 4164 garbas
1674 4081 1827 4148 amaus
1844 4083 2041 4148 irtteroedact.
2086 4081 2184 4148 Lom-

183 4162 368 4243 appositum
378 4162 488 4226 virum
505 4184 564 4244 pro
575 4161 708 4228 Christo
725 4173 899 4248 pastorem,
918 4185 956 4229 ao
974 4164 1030 4246 qui
1049 4164 1157 4246 potius
1208 4169 1286 4235 bliui
1307 4168 1459 4252 martyris
1484 4169 1643 4234 morio.
1688 4167 1822 4234 Delium
1848 4188 1918 4233 mm
1947 4166 2040 4232 libris
2063 4165 2183 4234 Rodia·

181 4249 292 4310 omnia
303 4246 486 4312 deseruerit
499 4269 597 4332 quam
608 4249 789 4324 Christum,
812 4271 880 4314 non
892 4269 1067 4328 cursorem,
1088 4269 1156 4313 non

1211 4257 1336 4322 Geneoa
1371 4254 1557 4320 Neooomum
1588 4253 1698 4320 mbos
1731 4254 1889 4318 adcedam
1917 4257 1969 4318 est.
2022 4251 2184 4318 Tossouaa

182 4330 405 4410 ambitiosum,
435 4341 469 4398 et
497 4334 562 4399 alia
583 4355 666 4417 quae
688 4336 755 4399 tuis
776 4333 926 4400 indicasti
948 4335 1052 4399 literis
1074 4336 1155 4399 ami·
1207 4341 1245 4407 de
1256 4342 1418 4424 paucitate
1435 4341 1652 4405 minarum
1672 4339 1823 4422 mcor.

201 4535 265 4600 283
284 4540 312 4608 1)
330 4537 467 4594 Haereat
488 4541 581 4609 prima
602 4541 703 4594 mettio
726 4539 824 4594 ocem
843 4537 953 4594 Coloba
975 4537 1085 4592 tondeo
1102 4537 1155 4592 oli·

179 4609 295 4678 qando
311 4623 410 4664 recem
426 4609 534 4677 moe,
552 4625 639 4678 nepae
650 4610 684 4664 do
699 4623 789 4662 mensa
798 4609 926 4676 Aapassto
938 4607 1065 4662 ὀιώίιαη·
1074 4621 1157 4676 posse

181 4679 294 4734 υἱάσιν
311 4694 396 4747 gaam
412 4678 470 4734 ium
487 4694 528 4748 rp.
546 4679 722 4745 macedones
730 4677 861 4734 Facetias
877 4678 1094 4744 Argentoratum
1109 4693 1156 4732 oe-

177 4749 256 4804 sa'aae
280 4747 401 4802 aanor.
440 4747 501 4802 Alis·
523 4747 706 4814 erasmum
727 4747 855 4802 indicant
878 4745 1032 4806 (smmis
1047 4763 1076 4814 p.
1094 4745 1155 4800 tto.

178 4819 301 4885 Benaci,
319 4816 402 4870 rasse
419 4815 458 4870 du
467 4817 513 4869 160
535 4815 622 4872 Siioie
635 4835 665 4886 p.
674 4817 718 4871 84.
745 4813 973 4895 Kampadsults'us
991 4819 1155 4870 ammaum

1209 4539 1264 4606 (Ex
1283 4537 1451 4608 autogrmbo
1469 4536 1541 4590 Bibl.
1566 4541 1708 4656 pffirtlrlm
1719 4533 1958 4668 giecicpmensium.
1994 4535 2063 4605 Epp.
2082 4535 2182 4590 aaroni

1208 4767 1298 4774 *μυ-ι..
1320 4767 1325 4772 .

175 4885 480 5025 Zffiaeffompo
496 4887 529 4939 ic
545 4885 589 4940 bis
611 4888 719 4954 nuptiis
735 4885 871 4951 mrbus,
896 4883 982 4951 &oue
996 4883 1156 4952 praesecata
1213 4880 1293 4964 235.
1312 4880 1414 4945 noos
1431 4879 1526 4934 dubia
1554 4876 1595 4933 Et
1612 4873 1765 4944 apamio,
1780 4891 1834 4944 pro
1850 4891 1924 4931 more
1939 4875 2093 4947 scriptorio,
2111 4873 2181 4928 sotir

176 5102 240 5151 tm
257 5093 291 5148 de
305 5095 387 5148 Bm
403 5092 514 5160 dedan,
538 5093 652 5148 maa
668 5093 757 5160 fuisse
771 5092 975 5157 numatam
992 5089 1156 5145 Ledam

1205 4953 1348 5006 mndata.

1309 5018 1340 5084 3)
1358 5019 1463 5072 Jcrnns
1481 5017 1516 5069 de
1533 5013 1691 5082 limburg,
1716 5027 1801 5067 reove
1819 5015 1853 5068 de
1871 5014 1953 5068 bouis
1970 5011 2110 5065 d'Orleans
2127 5011 2179 5064 duo

1206 5090 1241 5143 de
1259 5087 1444 5157 magnavilla.
1478 5085 1554 5140 Erat
1575 5097 1606 5137 eo
1622 5087 1742 5151 tempore
1762 5081 1892 5152 princeps
1908 5081 2055 5137 mse
2071 5079 2179 5135 Neoca-

177 5161 465 5230 Immotos-r,
484 5157 1156 5230 mtapadosaoatmosdtomodoesa
1205 5156 1315 5213 mmsis
1355 5153 1430 5209 Obiit
1447 5153 1522 5208 leta.

175 5231 565 5312 ρωῐορωιιωιιιικνιιόικπι
585 5247 666 5287 uuor
688 5237 762 5301 poste
784 5231 935 5299 mrsu,
957 5243 1003 5284 ras
1025 5229 1155 5285 eumer

174 5306 443 5358 mmmm.

1308 5223 1340 5292 3)
1358 5221 1440 5278 Pam
1457 5237 1520 5276 m
1530 5221 1602 5276 bono
1610 5234 1703 5276 ωτωι
1715 5219 1827 5290 vidisse,
1845 5219 2097 5288 confirmamus
2108 5229 2180 5286 guo·

1206 5294 1247 5352 N.
1265 5293 1325 5364 733,
1343 5297 1400 5348 sot.
1418 5291 1436 5346 2
1452 5297 1478 5348 et
1495 5290 1535 5348 N.
1549 5292 1599 5345 234
1617 5291 1821 5348 annotavimus.
