4910 5974
165 313 227 376 445
995 315 1075 376 1542
1097 309 1321 378 ΒΕΡΤΕΜΒ.
2086 321 2149 384 446

166 507 354 582 annectunt,
375 503 409 568 in
432 502 594 586 quaquid
616 509 725 567 actum
746 501 847 566 sitta
869 501 960 566 444414
982 521 1024 566 44.
1069 501 1133 566 14-
1183 500 1240 582 qni
1261 499 1368 564 locum
1389 497 1547 565 obtinebit
1566 499 1608 564 ad
1630 521 1727 585 quem
1749 502 1903 586 adspirat,
1925 503 1985 570 tibi
2003 525 2074 572 esse
2094 505 2152 572 ob-

165 588 262 653 metsi
282 609 350 653 non
378 589 487 654 omnia
515 589 556 652 ad
583 587 725 671 unguem
754 607 908 670 expressa
936 587 1016 664 4144,
1050 586 1133 650 nihil
1184 585 1343 665 strictum,
1365 592 1400 650 44
1421 606 1491 650 4444
1512 607 1579 650 444
1599 588 1731 652 malum.
1776 589 1954 654 Matthaeus
1974 598 2092 670 autem,
2114 598 2152 656 nt

163 683 275 738 tamen
297 671 458 740 obstiterit
478 675 650 757 quominus
672 673 789 738 clarior
809 681 843 738 et
863 673 964 736 fusior
985 670 1133 736 doctrina
1184 669 1289 748 vides,
1322 671 1532 738 vehementer
1563 671 1704 752 laborat,
1743 695 1804 740 nee
1836 675 1973 740 cessabit
2000 696 2059 757 pro
2091 698 2152 742 sua

163 757 250 822 tradi
277 761 393 841 possit,
426 759 522 824 modo
555 779 594 826 ea
625 758 817 824 adhibeatur
848 759 956 822 cantio
985 778 1025 822 nc
1053 757 1131 840 quid
1182 764 1284 839 parta,
1304 755 1405 822 donee
1424 756 1545 838 aliquid
1562 757 1690 823 efficiet.
1723 759 1821 825 Nunc
1839 761 1866 824 si
1883 761 2151 844 suffragationem

163 843 277 909 durius
298 843 435 910 excidat.
480 845 545 926 Qui
567 846 759 910 infensiores
781 844 892 908 hostes
913 843 975 907 visi
997 843 1131 906 suntin
1183 853 1273 906 tuam
1301 840 1416 918 addas,
1445 849 1582 924 uterque
1610 843 1668 908 tibi
1696 845 1753 909 fiet
1781 847 1988 911 coniunctior.
2034 847 2150 913 Facies

162 929 225 994 bac
246 950 352 1010 cansa,
382 939 414 996 et
435 933 575 997 acriores
596 939 744 1013 receptae
765 928 925 1013 opinionis
946 948 1130 1012 propugne-

163 1022 258 1092 tores,
276 1037 343 1080 non
364 1015 574 1082 offenduntur
595 1026 651 1081 tua
672 1035 769 1098 qnam
791 1015 953 1098 profiteris
974 1015 1009 1077 in
1031 1013 1130 1078 14441-

163 1099 342 1166 44414411444
364 1103 540 1178 444444414,
570 1122 630 1166 444
658 1101 731 1166 41114
752 1101 851 1176 44444,
881 1100 907 1164 41
939 1109 970 1163 te
999 1108 1129 1163 tucrum

162 1185 336 1252 verborum
354 1187 504 1252 audirent
524 1189 745 1270 interpretem.
777 1186 884 1251 Multa
900 1186 935 1248 in
957 1183 1050 1248 nobis
1067 1184 1130 1248 sita

163 1279 256 1348 sunt,
287 1271 430 1337 simodo
451 1271 629 1356 prudenter
649 1273 751 1336 simus
772 1271 1020 1356 dispensatores.
1064 1271 1129 1334 lla-

162 1357 245 1420 eiam
266 1367 304 1421 ut
325 1358 524 1442 exemplaria
545 1358 656 1424 videas
678 1364 862 1423 nostrarum
885 1355 1064 1421 literarum.

248 1441 420 1508 Caeterum
453 1444 493 1509 de
528 1443 710 1508 Sebastiano
741 1443 851 1509 nescio
882 1441 958 1525 quid
991 1441 1130 1506 scribam

163 1528 227 1592 nisi
249 1527 334 1610 qnod
357 1550 376 1594 a
397 1551 449 1594 me
477 1527 639 1594 audivisti.
691 1527 794 1594 Doleo
822 1526 879 1592 tibi
909 1533 1038 1592 tantum
1060 1547 1130 1590 4444

162 1613 393 1679 molestiarum.
448 1615 596 1698 Nepeiius
610 1615 651 1698 ¹¹)
687 1613 831 1678 Bemam
860 1612 989 1678 rediens
1017 1611 1130 1676 multis

162 1699 248 1781 apud
269 1720 323 1763 me
344 1700 583 1766 commendavit
611 1700 846 1764 humanitatem
877 1707 910 1763 et
939 1698 1130 1762 civilitatem

162 1783 399 1849 Genavatinm:
422 1785 478 1868 qui
499 1785 630 1852 videtur
646 1784 727 1849 mihi
749 1794 782 1848 et
798 1785 834 1848 in
856 1793 888 1849 44
910 1793 944 1848 44
964 1784 1130 1849 civitatem

161 1889 227 1934 non
255 1870 342 1934 male
369 1871 513 1937 affectus.
562 1871 649 1955 Ego,
683 1870 788 1952 quoad
816 1870 885 1934 eius
913 1869 985 1934 fieri
1012 1867 1128 1950 potuit,

160 1962 295 2021 conatus
323 1977 396 2020 snm
422 1957 507 2022 hanc
533 1957 564 2020 ci
589 1956 773 2039 opinionem
800 1976 920 2039 angere
951 1964 984 2018 44
1011 1955 1128 2019 confir-

159 2061 259 2106 mare.
316 2041 381 2106 Hic
407 2041 595 2107 tabellarius
623 2040 679 2105 tibi
708 2049 806 2106 notus
832 2042 951 2106 4444444
978 2059 1061 2122 quae
1088 2037 1129 2102 de

160 2125 288 2192 Farellc
314 2127 441 2192 audivit
467 2127 630 2192 Neocomi.
680 2125 795 2192 Saluta
821 2147 934 2191 omncs
964 2146 1036 2190 meo
1069 2144 1128 2188 no-

157 2213 255 2276 mine.
307 2211 420 2276 Nostri
446 2219 479 2277 44
507 2211 658 2278 salutant.
706 2211 799 2277 Vale.
851 2213 1048 2277 Lansennac
1079 2212 1126 2272 19.

158 2296 326 2380 Septemb.
353 2301 442 2362 1542.

726 2381 816 2447 ’1444
837 2383 875 2447 P.
897 2381 1041 2448 Viretus.

543 2643 745 2650 —o-u-——a-—a

608 2858 685 2932 425.

423 2995 657 3064 OALVINUS
680 2995 864 3062 VIRE'PO.

244 3167 371 3234 Literae
392 3167 662 3233 cornmendatttiae.

159 3343 236 3422 (An.
293 3341 369 3424 plion
387 3357 441 3394 non
459 3345 556 3394 exstat.
581 3339 645 3393 (lod.
664 3339 763 3394 Gener.
783 3335 840 3406 136,
859 3337 957 3422 441183
973 3357 998 3395 4.
1017 3341 1128 3424 exbibet

157 3411 208 3464 Ion
259 3427 302 3464 aer
326 3427 447 3476 menum,
470 3409 533 3463 (lod
557 3407 623 3474 111,
641 3408 686 3462 441.
704 3407 752 3473 69,
779 3407 924 3463 1144444444.
958 3409 1028 3464 Inde
1050 3411 1128 3464 flunt

158 3480 299 3549 exemplar
315 3481 454 3533 Barnense
470 3479 541 3547 Elpp.
560 3478 625 3532 vn.
643 3475 765 3600 ngi
774 3483 803 3530 44
819 3493 853 3530 ex
870 3478 922 3532 hoo
940 3477 1046 3532 simleri
1063 3495 1127 3548 apo·

503 3547 627 3617 graphan
769 3549 780 3610 )

158 3753 260 3819 Ρ4444
285 3751 402 3819 Vireto
429 3751 676 3818 Lansannensis
703 3749 855 3818 ecclesiae
883 3752 1005 3834 pastori
1033 3751 1128 3816 444441

507 3838 589 3902 441141
611 3838 783 3903 4441441444.

243 3975 453 4054 1114444444,
486 3975 571 4042 sieut
602 3975 703 4052 nosti,
737 3972 1015 4040 commendatitias
1045 3973 1128 4038 mihi

158 4061 271 4126 attulit
292 4082 312 4126 e
329 4060 485 4127 Mattiaco
506 4081 586 4144 quas
609 4062 668 4126 tibi
689 4062 828 4140 remitte,
851 4066 889 4126 ut
904 4059 1017 4124 videas
1034 4059 1127 4141 quid·

156 4167 236 4211 nam
257 4169 279 4212 4
299 4167 352 4212 me
369 4155 466 4230 petet
498 4147 539 4212 Id
560 4147 647 4212 enim
668 4145 787 4212 melius
807 4149 876 4212 lore
897 4144 1009 4210 censui
1029 4165 1126 4226 quam

156 4233 268 4298 verbis
282 4231 363 4298 meis
379 4231 414 4296 id
431 4233 559 4298 referre.
595 4231 691 4297 Nunc
712 4232 740 4296 41
757 4253 821 4314 qna
839 4231 903 4296 erit
919 4231 1002 4296 ratio
1017 4229 1127 4312 ipsum

154 4315 350 4398 adiuvandi,
377 4327 528 4402 rogatum
555 4325 588 4382 44
614 4317 712 4383 velim
743 4327 781 4381 nt
810 4337 942 4399 operam
973 4315 1005 4380 ei
1035 4325 1126 4380 tuam

154 4401 338 4486 impendas.
382 4403 548 4485 Quamdiu
569 4403 656 4468 enim
678 4403 731 4468 1414
752 4401 838 4485 apud
860 4423 920 4468 noe
940 4401 1017 4476 44414,
1040 4423 1125 4466 sem-

152 4509 218 4572 per
240 4489 362 4570 optima
383 4490 477 4572 signa
497 4488 574 4554 dare
594 4488 676 4553 mibi
697 4489 787 4554 visus
816 4487 967 4553 44444441
989 4507 1026 4552 ac
1047 4489 1125 4552 sim·

149 4573 253 4658 plicis
283 4574 399 4652 animi,
437 4573 523 4657 qnod
554 4595 719 4638 summum
754 4581 804 4638 est
836 4591 873 4638 44
904 4573 1124 4654 praecipuum.

149 4658 297 4734 Deinde,
320 4667 480 4742 quantum
500 4659 590 4743 potui
607 4659 788 4738 observare,
811 4659 839 4723 si
861 4656 902 4722 ad
923 4677 1044 4722 munus
1066 4657 1125 4722 ali·

149 4743 245 4830 quod
271 4744 437 4812 adhibitus
464 4745 578 4824 444414,
613 4745 724 4811 sedulo
756 4764 793 4810 ac
822 4744 997 4828 diligenter
1023 4745 1059 4808 in
1087 4765 1125 4809 ee

148 4829 352 4898 versabitur.
385 4831 564 4912 Postremo,
582 4839 747 4914 utcunque
764 4852 830 4896 non
848 4831 891 4896 sit
909 4829 1124 4908 doctissimus,

146 4926 271 4984 tamen
303 4937 404 5000 purae
443 4917 607 4982 doctrinas
645 4915 811 4983 studiosus
850 4925 992 5000 apparet.
1053 4915 1126 4982 Hoc

145 5013 329 5090 praetcrea
349 5023 403 5067 ma
424 5011 544 5081 movet,
566 5001 650 5085 quod
679 5023 746 5067 non
766 5024 883 5087 pamm
911 5001 1030 5067 referet
1051 5023 1126 5068 eum

243 5225 291 5294 11)
312 5224 434 5294 Neapoli,
450 5225 602 5292 praefectus
620 5223 836 5280 Laueannenets.

1181 926 1284 1010 igitur
1305 927 1390 1009 quod
1411 926 1488 992 fidei
1510 927 1670 1010 officiique
1693 931 1741 994 tui
1756 933 1779 1009 ¹)
1802 951 1872 997 esse
1889 941 2022 997 statues.
2056 931 2149 998 Vale.

1181 1010 1298 1162 {31ng
1299 1013 1419 1162 sliteras
1437 1033 1495 1096 per
1518 1013 1685 1079 1144444444
1706 1015 1855 1081 scribam.
1880 1021 1970 1081 1542.
1994 1021 2054 1080 25⁰
2068 1016 2151 1101 Sep-

1731 1185 1777 1250 Ie.
1801 1183 1958 1254 Calvinus
1979 1199 2064 1253 tuus.

1563 1443 1763 1452 ————-..

1625 1642 1701 1714 let.

1440 1779 1675 1846 OALVINUS
1697 1779 1880 1847 virture.

1268 1949 1392 2015 Litems
1419 1951 1461 2014 ad
1490 1949 1639 2016 Senatum
1666 1951 1759 2016 datas
1787 1974 1808 2017 4
1835 1952 1990 2018 ministris
2018 1955 2149 2020 ditionis

1180 2033 1355 2100 Bernensie
1370 2035 1492 2119 probat.
1532 2036 1584 2102 De
1601 2035 1688 2101 bonis
1709 2036 1921 2102 acoemetus
1941 2039 2019 2120 quid
2038 2041 2148 2105 audie-

1179 2121 1231 2200 rit,
1253 2122 1330 2203 quid
1351 2122 1470 2187 44444144.
1515 2121 1596 2187 Itali
1623 2121 1751 2204 quidam
1776 2121 1915 2188 Genecoe
1936 2123 2053 2188 adeunt
2072 2125 2147 2190 reli·

1178 2207 1283 2288 pionis
1304 2227 1408 2273 cauea.
1454 2206 1513 2272 144
1541 2226 1611 2271 cum
1632 2207 1845 2273 Bonnensibus
1864 2209 2001 2273 umidum
2028 2229 2147 2291 compo-

1179 2291 1251 2442 sga'
1280 2293 1473 2373 annumerem
1502 2293 1637 2359 amicum
1664 2291 1806 2358 mrum
1833 2298 1868 2360 ut
1893 2295 1962 2377 ipse
1993 2293 2148 2361 Gmeoam

1180 2381 1277 2442 4444.

1182 2546 1318 2614 (Autogra
1337 2546 1391 2600 1444
1416 2562 1471 2600 non
1497 2553 1594 2602 exstet.
1640 2547 1775 2601 Snmimns
1797 2565 1831 2602 ax
1856 2547 1920 2604 ch.
1942 2551 2044 2604 Genev.
2069 2549 2147 2604 1112.

1179 2613 1283 2668 44124.
1324 2615 1604 2668 onvillaaimanuseri
1623 2621 1688 2668 tam
1717 2617 1751 2670 In
1769 2617 1828 2670 cod.
1847 2617 2148 2684 111,441.101441444444

1179 2683 1317 2752 exemplar
1339 2683 1489 2746 Turretini,
1515 2698 1533 2738 4
1558 2631 1711 2752 bibbopego
1740 2686 1849 2739 inverso
1872 2686 2030 2756 paginarum
2053 2689 2147 2742 ordino

1179 2751 1317 2804 insertum.
1352 2751 1418 2804 Inda
1435 2751 1514 2804 fluxit
1531 2769 1547 2803 a
1567 2768 1583 2804 4
1602 2751 1862 2820 4441444Β4444444
1883 2755 1967 2809 Aroh.
1991 2755 2060 2838 Epp.
2084 2755 2146 2810 Vll.

1179 2835 1205 2888 p.
1223 2816 1283 2872 459.
1319 2819 1413 2872 Edidit
1430 2819 1525 2890 Hem-y
1544 2768 1576 2872 1.
1622 2819 1716 2889 .App.
1734 2819 1797 2890 p.3
1820 2822 1933 2875 subinde
1951 2824 2146 2894 corrigendam,

1433 2889 1518 2941 vertit
1535 2888 1680 2942 constable
1698 2889 1729 2942 Τ.
1748 2890 1771 2942 1.
1790 2907 1815 2958 p.
1833 2888 1892 2943 329.

1264 3073 1364 3140 Solus
1382 3073 1462 3159 lege.
1476 3077 1501 3159 ¹)
1545 3073 1619 3156 Quo
1637 3073 1689 3140 dic
1706 3075 1766 3140 tibi
1783 3095 1843 3158 per
1861 3076 2029 3142 Nicolaum
2045 3077 2147 3162 scrip·

1179 3167 1275 3225 turus
1292 3181 1382 3225 crem
1392 3163 1419 3242 ²)
1442 3159 1530 3226 aliud
1547 3161 1714 3244 negotium
1731 3161 1924 3226 intervenit:
1943 3182 2006 3246 qno
2024 3164 2148 3230 factum

1179 3253 1229 3311 est
1247 3253 1368 3311 utnon
1386 3247 1603 3330 praestiterim
1620 3245 1705 3328 qnod
1717 3265 1910 3328 receperam.
1940 3247 2037 3313 Nunc
2046 3269 2148 3330 quum

1178 3332 1336 3397 nuncium
1369 3331 1410 3397 ad
1442 3339 1474 3397 te
1508 3351 1698 3416 quaererem
1731 3330 1784 3396 1414
1812 3331 1913 3396 irater
1942 3333 2148 3398 commodum
2246 3407 2250 3416 ,

1179 3417 1260 3481 441141
1283 3417 1487 3498 oblatusest,
1517 3419 1581 3484 4141
1607 3415 1693 3500 quod
1721 3416 1857 3502 rogabat
1888 3423 1928 3480 ut
1955 3419 2065 3483 statim
2094 3439 2147 3483 44-

1180 3501 1380 3586 sponderem.
1435 3502 1561 3568 Verum
1583 3523 1684 3586 quum
1707 3521 1896 3568 excusarem
1916 3523 1970 3567 me
1990 3525 2058 3570 nen
2078 3511 2147 3570 tam

1180 3587 1244 3653 cito
1271 3607 1366 3670 posse
1394 3589 1545 3670 queniam
1573 3589 1710 3654 instaret
1738 3587 1820 3652 hora
1847 3588 2046 3669 consistorii,
2079 3611 2145 3655 non

1179 3671 1354 3737 difficulter
1370 3671 1450 3738 mihi
1468 3679 1575 3738 totum
1592 3671 1678 3738 diem
1696 3673 1901 3756 4444444141)
1930 3672 2017 3755 Quia
2036 3683 2146 3740 eutem

1179 3778 1222 3822 ne
1243 3758 1289 3823 414
1307 3758 1437 3840 quidem
1453 3759 1594 3823 multum
1612 3758 1766 3840 temporie
1785 3757 1866 3822 mihi
1883 3767 1994 3840 restat,
2017 3760 2146 3844 singula

1180 3841 1220 3909 de
1238 3843 1355 3926 quibus
1372 3852 1480 3908 tecum
1498 3865 1594 3928 agere
1612 3844 1740 3909 institui
1757 3843 1900 3910 breviter
1916 3845 2145 3928 perstringam.

1265 3928 1397 3994 Literna
1418 3927 1460 3992 ad
1481 3927 1679 4015 senatum‚⁴)
1701 3928 1829 4012 quando
1847 3929 1937 3994 eliud
1954 3929 2145 4008 remedium,

1178 4013 1264 4096 quod
1276 4013 1359 4078 mihi
1370 4013 1677 4094 videbatnrmclins,
1689 4013 1853 4080 sublatum
1865 4021 1924 4091 cst,
1936 4015 2147 4080 vehementer

1178 4098 1317 4182 placent.
1357 4097 1445 4164 Sunt
1466 4100 1555 4166 enim
1577 4099 1656 4165 satis
1677 4099 1788 4166 viriles
1810 4109 1844 4164 44
1865 4099 2038 4164 animosae.
2077 4100 2145 4165 De·

1178 4183 1357 4250 indevium
1374 4184 1590 4268 praecludunt
1606 4184 1703 4250 malis
1721 4207 1758 4251 44
1776 4184 1957 4269 tyrannicis
1975 4185 2141 4268 exemplis.

1178 4269 1350 4336 1144444444
1371 4269 1479 4335 iudico
1501 4271 1598 4336 nimis
1620 4270 1761 4335 molliter
1782 4269 1926 4348 tractari,
1949 4271 2143 4353 praesertim

1177 4376 1279 4438 quum
1301 4355 1356 4421 alii
1379 4355 1493 4420 durius
1515 4356 1723 4440 castigentur,
1749 4357 1803 4440 qni
1826 4363 1859 4420 et
1879 4353 2046 4420 meliorem
2066 4376 2143 4424 eau-

1194 4609 1259 4671 425.
1278 4610 1307 4674 1)
1326 4610 1486 4679 apeprapba
1512 4613 1662 4666 recentiora
1687 4611 1797 4666 momn-
1828 4609 1881 4662 mei
1911 4613 1937 4664 er
1959 4611 2044 4680 paulo
2067 4617 2142 4680 past:

1176 4679 1283 4743 alteras,
1300 4695 1366 4747 pre:
1383 4679 1485 4734 literas.

1193 4745 1260 4806 426,
1280 4747 1309 4812 1)
1328 4747 1452 4802 Haecin
1469 4750 1598 4818 maraine.

1279 4814 1614 4880 m.uffimm

1279 4884 1309 4950 3)
1353 4885 1526 4938 onsistorium
1545 4885 1674 4940 celebrari
1690 4883 1790 4938 solebat
1808 4881 1852 4937 die
1869 4883 1954 4948 Ionis,
1979 4889 2004 4937 et
2027 4899 2056 4935 re
2078 4898 2144 4938 uera

1178 4951 1335 5007 subiratum
1353 4959 1391 5006 est
1408 4952 1434 5006 4.
1453 4952 1495 5006 21.
1516 4953 1587 5022 Sept.
1606 4950 1671 5006 441).
1692 4950 1750 5008 Ort.
1777 4950 1891 5006 111428.
1912 4949 1984 5021 Sept.
2001 4965 2063 5006 cero
2081 4967 2142 5006 cen

1177 5027 1271 5076 emtus
1279 5021 1370 5074 nullus
1382 5021 1469 5086 fuisse
1477 5021 1591 5090 4144444,
1608 5026 1677 5076 mu
1693 5021 1724 5074 in
1744 5019 1949 5076 Commentariis
1965 5019 2024 5074 eius
2040 5019 2144 5074 nullum

1178 5094 1266 5145 metat
1281 5105 1313 5144 oe
1345 5091 1430 5142 'ium
2207 5097 2215 5114 ·

1199 5229 1204 5238 υ
1262 5155 1454 5282 videnum
1472 5157 1607 5226 eannplar
1630 5157 1737 5212 Vtram
1758 5155 1872 5213 Caluino
1889 5156 1996 5211 interim
2015 5159 2142 5212 44444441-

1178 5239 1245 5280 nsse
1352 5243 1375 5282 r.
