4898 5970
163 287 221 348 tel
911 289 994 354 1544
1014 284 1427 356 oeten-Novem
2094 295 2156 356 ‘162

249 475 278 540 2.
307 473 526 557 Praeceptum
548 474 714 540 fraternae
730 474 949 554 correctionis,
971 495 1071 560 quum
1093 475 1137 542 sit
1187 477 1294 562 gretia
1324 474 1483 558 Domino,
1518 478 1600 546 bene
1638 477 1795 544 valemus.
1849 477 2004 544 Proxime
2037 478 2158 544 misisti

164 557 408 634 affirmativum,
431 579 497 624 uon
519 579 579 642 pro
599 557 743 642 quolibet
762 567 909 644 tempora
931 559 1060 645 obligat
1186 574 1313 646 partem
1330 559 1551 630 Institutionis
1571 561 1775 639 christianae,
1797 583 1856 646 per
1866 561 2047 629 Dominum
2068 561 2157 631 crir-

249 648 279 710 3.
311 643 442 711 Licebit
467 645 569 730 igitur
589 646 837 725 correctionem,
866 647 957 712 cuins
985 647 1062 713 finis
1082 653 1135 712 est
1179 667 1271 729 pam,
1301 669 1403 714 unum
1425 670 1466 714 ex
1488 649 1749 732 praeceptoribus
1779 657 1910 714 nostrae
1939 647 2084 728 scholae,
2114 647 2155 714 de

162 729 273 796 fratria
295 729 512 814 delinquentis
534 728 731 808 emendatio,
759 752 827 796 nou
855 731 962 798 solum
992 732 1132 812 differre,
1185 753 1250 816 qua
1271 755 1307 799 re
1328 733 1424 800 valde
1445 734 1641 819 gaudebam:
1664 742 1699 799 et
1720 755 1820 818 quum
1845 753 1932 800 nuuc
1953 736 2074 800 iterum
2096 734 2156 800 ali-

163 813 220 882 sed
241 824 276 881 et
295 836 529 899 nonnunquam
551 836 684 899 prorsus
705 817 746 882 ab
768 837 807 882 ea
827 817 998 884 abstinero.
1185 817 1264 901 quid
1290 819 1325 884 iu
1353 839 1391 884 eo
1419 841 1515 904 opere
1542 819 1715 904 perfeceris
1730 823 1755 902 ¹)
1786 819 1952 886 commode
1980 841 2038 904 per
2066 819 2155 886 huuc

247 905 278 968 4.
309 901 413 968 quta
432 901 555 968 Christi
578 913 801 986 praeceptum:
832 901 871 968 Si
893 905 1077 987 peccaverit
1096 902 1132 968 in
1184 914 1334 970 nostrum
1361 905 1466 972 civem
1494 907 1625 971 mittere
1653 906 1784 988 poteris.
1835 905 1908 990 Ego
1936 905 2058 972 volenti
2086 903 2154 970 Do-

162 995 195 1052 te
214 985 318 1054 irater
339 996 424 1065 tuns,
446 987 582 1052 monitio
599 1001 725 1054 secreta
745 987 908 1070 publicam
927 987 1023 1056 debet
1038 1009 1132 1072 prae-
1183 990 1273 1055 mino
1297 1011 1440 1074 pergam.
1484 989 1569 1058 Vale
1597 1010 1727 1074 semper
1754 989 1946 1056 felicissime.
1989 993 2156 1076 Argento-

162 1071 276 1138 ccdere
297 1070 589 1140 denunciationem.
1182 1077 1246 1140 rati
1267 1082 1295 1141 5.
1319 1075 1514 1148 Novembris
1535 1083 1586 1142 44.

247 1161 277 1224 ὁ.
309 1155 465 1242 Quisquis
503 1157 680 1224 christiana
714 1159 850 1224 caritate
888 1179 967 1243 erga
998 1159 1132 1224 fratrem

161 1242 309 1322 afficitur,
329 1244 383 1310 uel
405 1243 531 1310 notorio
553 1252 685 1327 peccata
705 1243 925 1323 laborantem,
953 1255 1063 1310 sancte
1084 1245 1131 1310 fe·

160 1328 259 1407 ecrit,
294 1331 323 1394 si
358 1349 435 1396 cum
462 1329 569 1412 primo
597 1329 682 1396 clam
709 1331 889 1409 monuerit,
918 1328 1035 1396 deinde
1063 1351 1131 1396 uon

160 1412 346 1480 audientem
374 1423 545 1498 praesente
574 1435 642 1480 uuo
670 1424 768 1498 atque
795 1414 898 1481 altero
926 1422 1009 1482 teste
1037 1415 1132 1482 iuxta

160 1497 307 1566 ordinem
329 1499 498 1568 aObristo
520 1501 756 1584 praescriptum
776 1499 898 1566 iterum
916 1499 1129 1579 admonuerit,

152 1605 197 1652 ac
218 1583 352 1650 taudem
369 1586 495 1651 iteratis
512 1585 743 1652 monitionibus
759 1607 827 1667 non
844 1585 1012 1654 cedentem
1029 1585 1130 1652 ecole-

159 1671 227 1736 siae
249 1668 504 1737 denunciaverit.

245 1760 274 1821 6.
307 1756 383 1822 Nou
400 1765 452 1822 est
461 1755 596 1840 quaevis
610 1755 747 1822 ecclesia
764 1755 850 1839 apud
868 1777 966 1840 quam
982 1755 1131 1824 facienda
1628 1739 1705 1813 582·

157 1840 588 2011 Zlfflsslffgssssflff
607 1843 700 1908 “⁰¹³⁵
728 1841 910 1908 “¹⁰¹³me
933 1851 985 1908 ⁰⁸⁶
1005 1843 1061 1927 ‘¹¹¹³
1082 1843 1130 1909 ⁸³⁰
1203 1891 1438 1961 ornamus
1460 1891 1701 1961 umrsums
1722 1893 2124 1965 uuooouunsmus.

1795 1212 1886 1280 Tuus
1905 1213 2067 1280 Rihelins.

241 2097 412 2180 pul-mss)
451 2099 558 2178 munt,
595 2098 829 2166 ,motionem
864 2119 962 2182 quam
994 2103 1130 2166 ,emt
1188 2149 1195 2163 ι
1269 2063 1495 2131 Genccensiam
1511 2066 1726 2131 ministrorum
1747 2065 1916 2132 deelrratio
1936 2068 1973 2133 de
1993 2065 2150 2136 werras

157 2191 304 2250 sauctm
331 2203 402 2250 essa
427 2190 462 2250 et
488 2183 619 2262 utilem,
652 2192 691 2250 ut
718 2183 910 2250 aedificetur
935 2183 1070 2251 ecclesie
1096 2191 1130 2248 et
1181 2149 1821 2234 ’9999999999999999999199099999

157 2263 304 2336 doctriua
324 2290 399 2336 cum
420 2270 566 2336 moribus
588 2269 757 2337 ecelesiam
778 2291 844 2336 non
865 2267 1042 2350 offendant,
1070 2268 1129 2336 sed
1181 2319 1386 2385 (numerumn
1404 2321 1543 2392 exemplar
1559 2325 1649 2376 mm
1664 2322 1693 2376 in
1710 2320 1874 2376 bibliothece
1910 2327 2028 2377 „mm
2046 2323 2150 2380 pm.

157 2361 295 2438 cunque
315 2355 450 2439 puriora
471 2363 716 2422 conserventur.
1180 2390 1344 2444 comeucum
1361 2389 1420 2444 v01.
1437 2390 1483 2460 ug.
1502 2391 1537 2444 a.
1555 2389 1600 2443 ror.
1621 2390 1666 2452 1a;
1680 2389 1864 2513 &emus
1901 2393 2035 2474 ysauriae
2054 2393 2150 2447 sturto-

1720 2499 1728 2526 ,
1751 2459 1797 2514 iol.
1815 2459 1879 2528 193,
1903 2461 1976 2514 alrnd
1998 2461 2099 2515 rbrdern
2116 2462 2148 2516 B.

157 2545 270 2592 auram
295 2525 396 2592 verbo
422 2527 573 2604 Domini,
608 2525 666 2592 sed
699 2525 941 2592 admonendum
977 2526 1126 2608 quemvis
1178 2523 1406 2596 91919999-
1423 2527 1506 2580 Boia
1528 2532 1571 2580 989
1593 2545 1610 2580 ⁸
1627 2527 1699 2580 ΒΜ
1722 2527 1764 2582 99
1783 2527 1883 2584 aanor.
1906 2546 1933 2598 P·
1949 2527 1998 2594 4⁷2
2023 2529 2103 2586 12⁸⁸*
2121 2547 2150 2600 Ρ·

155 2621 320 2762 wreus
340 2613 447 2696 primo
464 2613 607 2690 seorsim,
631 2611 762 2677 demum
780 2611 867 2694 apud
877 2610 1011 2761 (plebem
1028 2631 1126 2694 quam

241 2439 460 2506 Adversarius
487 2442 549 2520 ait,
577 2441 711 2506 omuino
739 2441 936 2506 contrariam
957 2458 1029 2518 essa
1050 2459 1127 2506 cen·
1179 2457 1259 2511 them
1275 2459 1360 2512 civica
1377 2458 1516 2512 aunensi
1532 2459 1610 2512 uss.
1630 2459 1662 2512 F.

1287 2593 1345 2661 10⁷,
1364 2593 1471 2649 Hancr.
1490 2612 1517 2664 p.
1536 2592 1594 2663 120,
1612 2595 1716 2650 cbcuat
1733 2613 1759 2666 p.
1777 2595 1818 2664 61,
1835 2600 1921 2652 Amat.
1939 2616 1966 2668 p.
1983 2595 2041 2665 28.)

236 2703 263 2775 t,
297 2704 331 2762 at
362 2719 532 2780 nunquam
563 2699 597 2762 iu
627 2697 766 2762 fratrum
793 2697 850 2780 qui
899 2705 995 2762 oeeut
1020 2703 1124 2764 coetu.
2134 2770 2137 2783 ‚

155 2779 202 2846 Et
221 2783 342 2848 mirum
363 2783 450 2866 quod
478 2803 561 2867 quae
589 2782 673 2849 vidit
697 2803 765 2848 nou
792 2781 951 2848 inducant
970 2789 1010 2846 ut
1030 2781 1127 2848 aliter
1262 2779 1431 2848 Fidelibus
1452 2782 1588 2848 Domini
1610 2783 1714 2848 nostri
1730 2781 1806 2848 Iesu
1825 2783 1950 2850 Christi
1972 2785 2076 2854 servis
2093 2785 2150 2852 do-

155 2867 291 2932 scntiat:
319 2867 479 2952 siquidem
508 2867 573 2935 duo
600 2869 735 2934 fuenmt
760 2869 816 2952 qui
844 2867 930 2934 male
958 2867 1127 2932 intrarunt
1177 2887 1258 2934 cauo
1279 2875 1313 2933 et
1333 2867 1468 2952 reliquis
1496 2868 1656 2934 ministris
1676 2867 1906 2936 Neocomcusis
1932 2871 2087 2938 ecclesiae
2113 2869 2150 2937 in

155 2959 190 3018 ct
210 2953 302 3035 peius
330 2962 470 3038 egerunt
496 2955 534 3020 iu
558 2953 709 3033 ecclesia,
736 2961 771 3018 ct
791 2974 896 3036 neque
918 2951 1125 3018 hortantibus
1177 2953 1257 3019 urbe
1279 2959 1313 3019 ct
1329 2974 1408 3038 agro
1429 2951 1585 3019 fratribus
1605 2953 1790 3020 carissimis.

154 3038 426 3122 {retribuensque
442 3040 568 3106 iubenti
585 3040 791 3124 magistratui
808 3059 923 3122 parere
941 3037 1125 3118 volucrunt,

152 3123 229 3190 freti
256 3124 351 3207 plebe
377 3146 436 3208 per
469 3147 524 3192 cos
552 3125 754 3204 dementata,
785 3145 869 3209 quae
898 3145 986 3190 nuuc
1016 3136 1126 3210 pestes
1177 3122 1306 3192 Caritas
1332 3121 1399 3190 Dei
1426 3131 1461 3190 at
1488 3123 1595 3208 gratia
1606 3124 1631 3205 ¹)
1661 3121 1804 3204 (lhristi,
1837 3131 1871 3190 et
1896 3125 2148 3191 communicatio

154 3208 224 3276 odit
244 3230 326 3294 quas
346 3211 439 3295 prius
460 3212 593 3280 volebat
612 3210 740 3294 perdite
761 3210 910 3277 amando.
920 3211 950 3294 ⁴)
1177 3210 1311 3294 spiritus
1338 3209 1444 3278 sancti
1477 3208 1569 3276 vobis
1595 3229 1724 3292 semper
1755 3215 1930 3293 augeatur,
1962 3210 2080 3276 batres
2111 3210 2148 3277 in

1484 3293 1617 3362 Christo
1638 3293 1849 3362 dilectissimi.

1262 3431 1376 3516 Quum
1407 3429 1561 3499 ansam
1594 3433 1697 3498 irater
1728 3440 1841 3498 noster
1872 3431 2032 3516 scriptum
2064 3431 2148 3500 illud

1177 3519 1360 3606 vestrum²)
1378 3517 1418 3586 de
1432 3515 1528 3584 modo
1539 3517 1739 3584 exercendae
1755 3519 1790 3582 in
1807 3518 1924 3583 iratres
1941 3537 2099 3584 censurae
2106 3521 2146 3599 ³),

1177 3613 1211 3672 et
1244 3603 1343 3670 simul
1378 3603 1579 3670 eontrarium
1608 3604 1720 3669 fratris
1752 3602 1920 3669 cuiusdam
1952 3603 2108 3688 scriptum
2116 3604 2148 3690 ⁴)

605 3723 680 3796 581.
1178 3689 1350 3790 attulisset,
1371 3709 1468 3755 nemo
1489 3689 1552 3754 suit
1579 3690 1635 3772 qui
1663 3708 1729 3753 nou
1751 3687 1927 3768 iudicaret,
1946 3689 2148 3788 'responderi

406 3859 632 3929 RIHELIUS
654 3859 872 3930 OALVINO.
1176 3771 2148 3940 lunesplalldrldtdltdinubdffiddduffsddbvesrlllrrdmdisldlirlldlan.

1176 3945 1228 4012 Re
1249 3945 1371 4012 iterum
1392 3945 1572 4030 proposita,
1601 3944 1663 4012 hoo
1688 3965 1800 4012 omncs
1826 3965 1892 4010 unc
1913 3965 2072 4011 consensu
2094 3962 2147 4010 re-

240 4029 366 4096 Novcm
402 4031 614 4097 Institutione
652 4032 814 4098 addanae
851 4033 936 4117 typis
972 4033 1124 4101 mandore
1177 4029 1402 4115 spondendum
1430 4031 1625 4097 censuimus.
1678 4031 1831 4096 Primum
1869 4049 1969 4114 quum
2003 4031 2147 4095 ministri

150 4113 251 4200 eoepit
270 4121 299 4182 et
319 4121 355 4182 ut
374 4118 549 4185 continuari
567 4117 670 4203 posse
690 4123 828 4184 autorem
851 4123 948 4203 repat.
1167 4125 1265 4183 'certa
1286 4116 1426 4202 quadam
1447 4118 1533 4182 inter
1554 4137 1589 4182 se
1611 4115 1782 4200 disciplina
1803 4137 1884 4200 opus
1907 4114 2058 4196 habeant,
2080 4136 2147 4182 uon

1175 4202 1238 4269 hoc
1260 4202 1482 4287 quaerendum
1503 4208 1554 4268 est
1574 4199 1714 4285 qualiter
1740 4203 1811 4266 sine
1836 4201 1963 4286 legibus
1984 4203 2146 4282 vivamus,

300 4285 356 4350 (Ex
374 4287 542 4358 *awanam
558 4285 622 4342 909·
641 4285 741 4342 99909·
761 4285 819 4357 109,
836 4287 882 4342 tol.
901 4285 974 4354 ι99)
1176 4288 1234 4354 scd
1251 4281 1394 4354 ineu'uda
1410 4288 1517 4372 potius
1534 4287 1738 4354 oeconomiae
1755 4295 1790 4352 et
1806 4285 1930 4352 ordinis
1947 4287 2039 4366 ratio,
2061 4307 2146 4370 quae

1175 4383 1253 4457 apta
1273 4374 1317 4438 sit
1338 4372 1380 4439 ad
1401 4393 1461 4440 nos
1483 4375 1518 4438 in
1539 4373 1644 4438 officio
1660 4371 1857 4452 retinendos,
1879 4381 1913 4436 et
1930 4370 2146 4438 aedificationi

147 4473 296 4542 Domino
314 4474 454 4542 Iohanni
471 4475 611 4544 calvino
630 4475 795 4555 Gonane,
817 4474 948 4542 domino
969 4483 1003 4543 eq
1019 4475 1123 4546 qmjoo
1175 4460 1306 4525 serviat.
1349 4457 1527 4544 Nunquam
1548 4465 1657 4524 autem
1678 4458 1724 4525 aio
1749 4465 1954 4541 comparatae
1975 4467 2072 4523 erunt
2092 4479 2146 4524 raa

138 4557 141 4567 '
486 4584 546 4630 suo
567 4561 789 4648 pmeoolendo,
1174 4543 1354 4626 hominum,
1373 4553 1411 4610 ut
1428 4543 1550 4630 aliquid
1566 4544 1746 4630 perfectum
1763 4544 1953 4626 reperiatur.
1985 4541 2040 4609 Ad
2058 4543 2145 4659 huno

541 3507 597 3514 ..-..
606 3509 613 3514 .
660 3509 685 3514 ...
691 3506 733 3515 —.

236 4694 272 4763 S.
295 4696 333 4762 P.
357 4697 400 4762 D.
452 4695 491 4764 Si
517 4719 593 4764 cnm
619 4699 744 4765 familia
777 4707 835 4763 tua
861 4697 967 4778 vales,
1000 4699 1123 4782 optime

145 4781 294 4850 Domino
307 4779 444 4864 Οαῖυίηο,
463 4783 602 4868 gaudeo:
625 4806 703 4852 nam
724 4805 785 4870 ego
807 4805 881 4851 cum
902 4785 985 4850 mais
1006 4783 1122 4865 adhuc,
1191 4782 1256 4844 581·
1277 4787 1304 4848 Ι)
1326 4783 1401 4853 Μ
1423 4783 1527 4864 Nm?
1551 4799 1582 4837 ⁶⁰
1603 4787 1721 4851 temam
1742 4783 1775 4836 ⁶¹⁸
1800 4795 1858 4862 Μ,
1876 4781 2055 4836 lomim
2097 4851 2102 4862 ,
2120 4851 2125 4864 ,

1172 4852 1296 4920 [actm
1312 4859 1381 4921 erat,
1398 4867 1451 4906 noa
1461 4851 1576 4920 quadem
1592 4867 1650 4905 aaa
1665 4851 1731 4906 bene
1747 4865 1932 4931 aaseqmmur,
1956 4866 2041 4931 qaam
2091 4856 2141 4907 atto

331 4924 353 4930 “
1173 4919 1277 4975 Βθιάίι·
1293 4922 1375 4976 tertia
1392 4921 1482 4984 (1545)
1501 4939 1520 4976 c
1537 4919 1659 4974 munda
1674 4919 1768 4986 (1643)
1786 4917 1896 4972 ἁιυοτεα
1911 4934 1968 4972 noa
1985 4921 2029 4972 sat.

144 4984 380 5116 “diffidamus
396 4993 549 5056 aqueum
564 5003 651 5057 uqsue
668 4988 706 5044 ad
721 4989 804 5058 fimus
818 4989 911 5058 ipsias
921 4985 1123 5044 Fauiam
1190 4989 1256 5052 582.
1276 4992 1305 5122 ἐξ
1324 4989 1455 5113 ffrffi.

252 5123 283 5180 41
303 5123 502 5179 Documettum
519 5124 595 5179 istud
611 5125 662 5180 boc
674 5127 850 5194 potissimam
865 5125 923 5181 loco
933 5125 1121 5195 cremandum
1275 5127 1305 5196 8)
1323 5129 1480 5197 disciplinae
1497 5124 1557 5180 edd.

144 5209 215 5266 ease,
233 5209 290 5250 neu
305 5209 370 5250 cera
386 5193 495 5248 &mara
507 5199 574 5262 post
590 5193 631 5250 N.
649 5195 700 5250 594
713 5201 792 5264 patet
808 5211 843 5252 ee
858 5195 1042 5266 marceamus.
1274 5194 1305 5264 4)
1323 5199 1454 5265 seriptum
1470 5207 1522 5250 oar.
1539 5193 1599 5250 edd.
