4910 5974
186 300 249 362 ses
431 295 434 302 ·
954 302 1033 364 rar
1055 258 1398 394 riou-monus.
2102 306 2168 372 sro

188 483 298 550 omnia
317 482 437 550 babere
458 482 571 568 putat?
615 483 701 565 Quia
727 503 793 550 non
818 483 1011 550 dominatur.
1056 487 1103 552 At
1123 487 1152 554 si
1202 505 1313 550 amara
1334 485 1482 552 uberiore
1502 484 1730 552 oonsolationis
1750 506 1828 551 suae
1849 484 2020 552 duloedino
2042 495 2168 572 tempo-

212 589 289 634 ones
310 590 363 634 me
384 568 428 634 sit
448 567 589 652 eligendi
609 577 758 652 potestas,
788 591 831 636 ne
849 571 1000 636 infimum
1022 571 1151 652 quidem
1202 589 1284 636 rare.
1321 567 1417 650 Quod
1439 569 1644 652 potissimum
1665 569 1700 634 in
1718 571 1841 638 satione
1858 577 1971 638 nostra
1992 572 2165 654 desideras,

188 591 296 720 lboum
316 653 366 718 illi
387 653 522 720 daturus
543 655 614 720 sim.
658 655 770 737 Nuper
797 657 864 722 suis
891 657 1152 722 oursitstionibus
1202 662 1316 720 eontra
1356 653 1530 736 δημαγωγὸν
1568 662 1713 720 nostram
1751 654 1867 740 synodi
1904 657 2166 741 postulationem,

190 741 341 806 offooorat
361 745 400 804 ut
420 737 484 804 duo
506 747 563 804 aut
583 747 649 806 tres
665 748 845 823 praetorem
865 762 901 806 se
921 741 1061 806 fauturos
1078 762 1152 824 pro·
1203 760 1342 824 agnosoo
1364 741 1509 806 animum
1530 741 1787 824 sententiamque
1813 747 1913 820 tuam,
1941 763 2006 825 qua
2025 745 2168 810 moritis-

190 825 360 890 mittorent
383 845 538 890 sooerum.
574 823 657 905 .Quo
689 845 741 891 res
762 825 965 909 proaederet,
998 826 1154 910 vulgabat
1203 827 1285 892 simo
1306 825 1536 892 ecclesiastieae
1553 827 1786 892 oontroversias
1808 824 1849 891 ad
1870 825 2051 910 legitimum
2068 829 2167 896 etiam

190 930 354 976 rumorem
376 909 467 992 quasi
493 907 533 974 de
560 930 595 974 re
622 912 687 976 iam
708 912 860 976 oonloota.
904 911 1003 994 Atqui
1025 912 1061 976 in
1081 911 1153 975 Du·
1203 911 1347 976 tribunal
1373 910 1480 976 vooari
1510 911 1599 990 volis,
1632 931 1803 994 ooramque
1832 911 1967 996 synodis
1995 911 2099 980 deoidi
2126 913 2168 980 de

192 995 295 1062 oontis
322 1002 390 1060 tros
417 995 549 1058 fuerunt
576 995 748 1073 duntaxat,
777 1017 818 1060 ex
839 996 955 1078 quibus
976 997 1047 1078 ipse
1067 1017 1153 1063 unus
1204 995 1311 1062 oausis
1337 995 1518 1078 religionis,
1547 1005 1585 1060 ut
1614 1015 1751 1078 quarum
1778 996 1843 1060 iam
1869 996 1946 1062 inde
1974 1006 2168 1066 anasoente

192 1087 270 1158 erat,
293 1080 348 1162 qui
369 1100 443 1144 eum
464 1079 673 1145 nominarint.
717 1080 759 1144 In
787 1080 879 1164 plebe
907 1081 1034 1146 nullum
1055 1081 1095 1146 de
1116 1102 1154 1146 eo
1205 1079 1340 1148 eoolosia
1364 1100 1493 1163 semper
1523 1081 1623 1146 buerit
1647 1089 1852 1148 saerosanota
1883 1083 1970 1147 inter
2001 1081 2169 1152 eredentes

193 1165 338 1232 verbum.
381 1165 500 1230 Postea
527 1163 566 1229 ds
595 1166 741 1231 novitate
768 1165 933 1232 oleotionis
961 1173 1154 1248 oonqnestus
1205 1167 1369 1232 autoritas.
1412 1168 1521 1249 Atque
1547 1187 1586 1231 ea
1613 1173 1741 1232 tantum
1769 1165 1860 1231 abest
1887 1175 1925 1231 ut
1951 1189 1971 1232 a
1996 1167 2090 1236 nobis
2116 1168 2169 1236 vol

193 1257 252 1316 est
296 1247 431 1332 Aliquid
456 1250 542 1314 onim
570 1271 613 1314 ex
639 1251 744 1315 reteri
769 1251 835 1315 ritu
856 1259 1018 1316 mutatum
1039 1252 1154 1328 luerat,
1206 1257 1315 1334 sprota
1337 1249 1388 1316 vel
1409 1251 1556 1334 negleota
1576 1251 1629 1330 sit,
1656 1253 1779 1316 utiam
1801 1249 1878 1316 inde
1899 1253 1961 1318 sub
1982 1253 2169 1338 tragoediae

194 1333 251 1402 sed
272 1341 348 1400 ante
375 1334 447 1418 loge
467 1335 671 1418 promulgata
691 1345 725 1401 ot
746 1343 887 1418 reoepta.
931 1335 1018 1416 Quid
1037 1335 1153 1419 plura?
1205 1335 1304 1400 huius
1329 1336 1459 1400 initium
1480 1335 1568 1402 nihil·
1584 1336 1677 1402 nobis
1703 1338 1836 1420 gravius
1857 1337 2066 1422 acerbiusque
2087 1339 2171 1406 aoei-

194 1421 301 1486 Homo
321 1426 371 1484 ost
396 1419 610 1498 turbulentus,
638 1429 676 1485 ut
701 1421 798 1499 nosti,
826 1421 878 1485 oui
898 1441 1022 1486 morem
1042 1441 1155 1504 gerere
1206 1421 1292 1488 derit
1311 1441 1408 1504 quam
1430 1421 1515 1503 quod
1536 1441 1595 1486 oou
1617 1421 1741 1488 obtorto
1759 1421 1840 1488 eollo
1861 1421 1902 1488 ad
1924 1423 2170 1506 disoeptandum

194 1505 258 1572 nisi
277 1505 387 1569 omnia
403 1503 563 1569 turbando
580 1525 747 1587 nequeam.
779 1505 889 1570 Alium
901 1505 1002 1590 igitur
1012 1513 1153 1590 quaerat.
1207 1525 1314 1572 eoram
1351 1506 1439 1572 oivili
1479 1515 1607 1572 tantum
1645 1505 1760 1572 iudiee'
1790 1508 2060 1590 pertraheremur.
2104 1509 2171 1578 Ubi

278 1587 407 1674 Beue’)
429 1590 511 1664 vale,
538 1590 637 1655 frater
657 1589 832 1669 oarissims,
859 1611 935 1657 oum
957 1599 1014 1656 tua
1034 1591 1157 1656 familia
1207 1611 1307 1674 quum
1329 1612 1389 1658 nos
1410 1592 1552 1674 primum
1573 1612 1614 1658 ex
1640 1592 1818 1674 seripturao
1844 1593 2025 1672 aumnmte,
2053 1603 2091 1660 ut
2111 1615 2172 1678 par

196 1685 230 1740 ot
257 1673 421 1740 fratribus.
464 1675 574 1739 Nostri
602 1681 634 1740 te
661 1676 818 1756 salutant,
848 1678 1037 1759 praesertim
1063 1677 1155 1742 Geni·
1207 1677 1414 1752 osset,·iusto
1436 1676 1490 1742 vel
1511 1684 1765 1762 symmystarum
1786 1687 1971 1744 nostrorum
1992 1687 2096 1758 oootu,
2118 1679 2171 1746 vel

194 1761 322 1840 mirso,
353 1760 406 1825 oui
438 1767 515 1824 nata
544 1768 615 1825 erat
645 1761 782 1843 septimo
808 1781 919 1827 mense
947 1762 1049 1827 filiola
1075 1784 1157 1846 quae
1208 1769 1393 1826 exterorum
1415 1769 1448 1828 et
1477 1762 1659 1828 antistitum
1681 1771 1844 1828 eonventu
1865 1784 2076 1846 responsuros
2096 1785 2172 1846 pro·

195 1847 293 1910 tertio
320 1843 372 1911 dio
393 1845 546 1928 migravit
566 1845 608 1910 ad
629 1846 816 1910 Dominum.
859 1847 1028 1930 Puerpera
1049 1849 1157 1932 gravi-
1208 1846 1385 1924 fiteremur,
1414 1855 1450 1912 ut
1472 1845 1672 1912 deliberandi
1692 1847 1808 1913 saltem
1830 1869 1904 1913 oum
1926 1849 1967 1914 iis
1987 1849 2174 1916 facultatem

194 1937 246 1996 ter
272 1928 447 2009 laboravit,
479 1930 536 1996 sed
564 1951 651 1997 nune
679 1931 783 1996 evasit
808 1932 985 2014 perieulum
1015 1941 1048 1996 et
1079 1933 1158 1998 satis
1209 1932 1341 1998 oonoodi
1352 1931 1598 2013 postularemus,
1616 1931 1695 1998 adso
1712 1953 1777 1996 non
1795 1932 2003 2012 obtinuimus,
2022 1943 2058 1998 ut
2075 1935 2174 2000 etiam

196 2015 346 2082 alaeritor
367 2037 401 2080 se
423 2015 528 2082 babet
568 2015 660 2082 Uxor
680 2035 754 2081 moa
774 2023 808 2081 to
828 2017 1006 2098 plurimum
1028 2018 1157 2085 salutat.
1209 2017 1243 2082 iu
1266 2017 1479 2099 suspitionem
1500 2019 1654 2100 pertraoti
1669 2018 1772 2083 simus
1787 2038 1906 2100 pravae
1920 2017 2090 2084 ouiusdam
2109 2026 2174 2084 ter-

195 2099 357 2168 Dominus
377 2122 489 2168 omnes
518 2121 573 2168 vos
594 2109 771 2167 oonservot
815 2101 898 2167 Vale
918 2103 1047 2168 iterum.
1092 2105 1158 2172 Ge-
1209 2101 1437 2184 giversationis
1447 2109 1480 2167 et
1490 2101 1641 2168 faotiosae
1652 2102 1883 2185 propemodum
1893 2103 2029 2170 rationis
2040 2101 2174 2188 egendi:

196 2185 350 2272 nevao.⁸)
1210 2187 1351 2252 maximo
1383 2208 1484 2270 quum
1515 2185 1571 2254 illo
1604 2199 1670 2254 tam
1698 2209 1733 2254 se
1761 2185 1802 2252 ad
1829 2187 2053 2270 explicandam
2081 2209 2175 2254 suam

1210 2281 1354 2338 montom
1382 2291 1491 2338 eoram
1520 2272 1599 2354 ipsis
1626 2281 1813 2356 promptum
1836 2283 2045 2356 paratumque
2067 2283 2175 2340 osten·

1210 2356 1303 2435 derit,
1324 2357 1474 2439 ipsosque
1495 2355 1651 2424 diaoosios
1673 2357 1715 2424 ad
1736 2355 1953 2424 definiendum
1975 2359 2175 2424 constituen-

1211 2439 1352 2525 dumque
1373 2451 1513 2525 urgeret,
1541 2441 1689 2508 mirando
1711 2452 1794 2521 astu,
1821 2465 1903 2526 quae
1925 2441 1966 2508 ad
1988 2443 2176 2528 disputatio-

1210 2527 1261 2592 nis
1289 2525 1417 2592 babitae
1442 2527 1509 2592 iam
1535 2527 1660 2610 pridem
1688 2527 1945 2594 ineolumitatem
1966 2531 2176 2612 pertinerent,

1211 2619 1249 2676 ut
1264 2611 1357 2676 faoile
1374 2613 1440 2676 iam
1456 2619 1563 2678 tamen
1581 2621 1652 2678 tum
1669 2614 1923 2696 perspioeremus
1940 2613 2176 2682 infructuosum

1101 2745 1106 2754 .
1210 2703 1282 2760 tum
1314 2695 1354 2762 de
1386 2698 1613 2778 provooationo
1642 2707 1794 2764 oonatum
1825 2699 1901 2764 lore.
1917 2701 1946 2782 ²)
1997 2699 2112 2783 Itaque
2144 2706 2178 2766 et

1211 2780 1367 2862 sapienda
1388 2801 1428 2846 ea
1447 2781 1583 2848 oonsilio
1608 2789 1702 2848 erant
1727 2803 1810 2866 quae
1831 2804 1911 2864 sors,
1939 2805 2000 2850 oou
2020 2785 2057 2849 in
2079 2806 2178 2852 mena

1211 2864 1421 2946 laetantibus,
1442 2865 1606 2946 offerebat,
1627 2887 1709 2950 quae
1730 2868 1777 2934 sie
1794 2876 1903 2933 tamon
1921 2869 2106 2938 moderatus
2128 2877 2179 2938 est

645 2949 719 3022 487,
1211 2949 1370 3035 ohoragus
1392 2951 1488 3052 buius
1509 2951 1645 3051 labulso,
1668 2959 1707 3018 ut
1728 2953 1755 3018 si
1776 2973 1841 3018 non
1864 2953 1992 3036 qualem
2009 2955 2178 3053 pellemus,

442 3084 680 3154 suerro
702 3085 917 3154 ortuo.
1211 3035 2177 3206 uiuo‘taurustaurusuiua

1211 3227 1253 3272 ne
1270 3206 1347 3290 quid
1365 3227 1407 3272 ex
1424 3207 1588 3290 pontifioia
1604 3207 1841 3272 abominatione
1857 3207 2002 3273 redolere
2018 3207 2178 3290 videatur,

647 2322 785 2390 Ioannes
806 2323 966 2392 Oalvinus
987 2333 1074 2394 tuus.

287 3255 373 3337 Quos
382 3255 506 3324 Bornos
518 3259 678 3341 proximis
694 3257 850 3324 maus
864 3262 933 3324 asto
947 3259 1042 3342 saera
1060 3259 1161 3341 qtsood

201 3341 416 3408 mmmm
484 3347 547 3409 ms
572 3343 753 3426 Mem
867 3349 900 3412 d
1144 3347 1150 3360 .
1213 3311 1347 3375 eamque
1368 3301 1408 3358 ut
1428 3291 1519 3391 dooet
1545 3313 1672 3392 semper
1693 3294 1790 3358 etiam
1812 3292 2020 3391 detestamur.
2064 3293 2179 3392 Neque

201 3431 332 3492 Mum
350 3363 502 3510 „fid
521 3366 713 3510 ddeplgm·
774 3363 867 3410 ‘m
905 3397 914 3426 '
944 3345 1045 3428 W
1064 3364 1162 3432 ΜΨ·
1212 3378 1376 3456 formulas,
1408 3399 1454 3444 sre
1487 3399 1539 3442 me
1572 3377 1724 3444 Christus
1757 3385 1853 3456 amet,
1887 3399 2015 3460 prarum
2048 3399 2179 3444 aurium

1213 3463 1387 3528 offensivas
1413 3462 1496 3528 ullas
1524 3484 1669 3546 unquam
1689 3463 1887 3542 induximus,
1916 3463 1980 3528 nisi
2002 3464 2178 3531 offensivae

353 3597 409 3666 o
426 3599 592 3668 aba
609 3599 674 3654 o
1214 3546 1793 3632 ¹>

1214 3717 1367 3784 oensendi
1398 3739 1510 3784 sumus
1547 3719 1655 3784 nesam
1694 3740 1790 3802 quem
1824 3719 1876 3784 vol
1908 3720 2089 3803 papismum
2123 3720 2177 3788 vel

200 3801 282 3868 Viro
304 3801 489 3870 deotissime
515 3804 714 3887 pientissimo
735 3805 777 3870 D.
800 3805 916 3870 Ioanni
938 3805 1075 3873 (lalvino
1096 3805 1162 3872 Ge·
1213 3802 1441 3868 lutherismum
1455 3805 1482 3880 ³)
1515 3802 1643 3882 inferre,
1675 3824 1773 3886 quum
1802 3805 1944 3887 primum
1967 3853 2132 3870 ......
2147 3804 2175 3890 ⁴)

201 3887 354 3954 novensis
375 3889 527 3955 eoolesiae
544 3890 683 3954 antistiti
699 3892 898 3974 praoooptori
920 3897 952 3955 et
971 3892 1073 3956 amieo
1095 3891 1162 3957 sin·
1213 3887 1290 3969 quid
1308 3889 1341 3954 in
1359 3909 1458 3953 ooona
1468 3887 1621 3953 Christus
1639 3899 1735 3972 atque
1749 3887 1908 3972 baptismo
1919 3897 2061 3973 praestet
2079 3887 2176 3955 donet

553 3975 718 4040 uerissime
740 3997 807 4041 sno.
1213 3973 1364 4039 exhibeat
1385 3992 1458 4038 oum
1486 3972 1641 4056 symbolis
1668 3994 1789 4058 perque
1810 3995 1937 4039 saerum
1958 3975 2176 4040 ministerium

1213 4057 1534 4124 animadvertendum
1552 4079 1729 4140 monemus,
1751 4080 1809 4126 eeu
1828 4061 1926 4124 totius
1947 4080 2057 4124 saorae
2076 4060 2175 4124 aetio-

1212 4145 1264 4210 nis
1285 4143 1396 4220 besim,
1418 4163 1515 4226 quam
1538 4163 1576 4208 ea
1597 4143 1712 4208 deinde
1734 4164 1817 4227 quae
1838 4165 1897 4227 per
1913 4164 1972 4208 nos
1991 4145 2077 4208 fiunt
2097 4165 2174 4210 oon-

1212 4237 1400 4311 sequuntur,
1429 4235 1486 4294 oto.
1530 4227 1615 4292 Item
1636 4250 1735 4312 quum
1758 4229 1798 4294 do
1826 4230 2000 4308 vocatione,
2034 4229 2174 4294 olavium

1212 4335 1285 4392 usu,
1313 4315 1481 4396 utriusque
1509 4313 1678 4395 potestatis
1700 4314 1884 4380 disorimino
1906 4313 2103 4392 disserimus,
2132 4315 2173 4381 iis

1212 4399 1365 4464 nimirum
1387 4397 1551 4482 religionis
1572 4399 1730 4481 eapitibus
1750 4420 1831 4481 quae
1852 4407 1963 4464 tenero
1984 4400 2018 4463 in
2040 4399 2174 4466 eoolesia

1211 4485 1429 4568 neeessarium
1448 4493 1507 4562 est,
1525 4503 1668 4566 quasque
1684 4483 1779 4566 plaue
1800 4483 1879 4548 ferri
1896 4491 2054 4567 poterant,
2075 4485 2173 4550 etiam

1212 4589 1232 4634 a
1253 4567 1429 4652 quamlibet
1448 4570 1569 4633 teneris
1588 4568 1728 4646 auribus,
1750 4569 1813 4634 nisi
1835 4569 1900 4632 iam
1923 4567 2046 4651 pridem
2064 4577 2174 4635 nostor

1211 4653 1305 4732 illo⁶)
1332 4653 1406 4736 plus
1428 4675 1524 4738 quam
1549 4653 1681 4737 tragieis
1702 4653 1873 4719 ealumniis
1895 4663 2063 4738 gravasset
2085 4674 2175 4722 eom-

284 4108 320 4176 Β.
343 4107 456 4176 Sonus
477 4110 648 4193 postremis
668 4109 733 4176 illis
753 4111 818 4176 tuis
832 4109 863 4262 ἶ
882 4109 1068 4195 respondeo,
1089 4119 1160 4177 tum

199 4193 285 4278 quod
301 4195 428 4262 interea
446 4195 504 4262 vix
522 4216 665 4278 unquam
683 4197 777 4260 firma
793 4196 839 4261 mi
864 4195 1037 4264 ivaletudo
1054 4196 1161 4277 fuerit,

199 4301 282 4364 qnae
298 4279 443 4372 ἀγρυπνίᾳ
457 4281 585 4362 partim,
602 4281 722 4364 partim
741 4281 877 4364 pituitae
894 4281 1161 4348 destillationibus

199 4365 245 4432 sio
274 4367 340 4432 iam
361 4363 417 4430 diu
439 4365 648 4447 perturbatur
668 4375 705 4432 ut
727 4367 875 4434 omnibus
901 4367 968 4434 fers
990 4367 1160 4432 funotioni·

199 4451 259 4518 bus
291 4451 461 4518 inidoneus
488 4449 615 4516 reddar.
659 4450 715 4518 sie
746 4459 875 4518 exeroet
906 4451 1082 4535 probatque
1108 4474 1161 4518 me

198 4537 360 4603 Dominus
388 4557 456 4602 non
482 4557 547 4602 uno
568 4537 750 4604 afflietionis
770 4558 898 4622 genere.
941 4539 1027 4604 Eum
1049 4559 1162 4621 preoor

198 4629 237 4686 nt
256 4629 368 4706 pareat
387 4629 420 4688 ot
441 4623 580 4706 gratiam
601 4622 766 4708 largiatur,
788 4623 844 4706 qui
867 4621 954 4688 solus
971 4623 1064 4688 novit
1081 4623 1160 4690 haoo

202 4799 364 4806 ——-.-—-
371 4797 402 4805 --ι

303 4911 332 4976 7)
351 4911 400 4966 Ea
425 4909 477 4964 tao
502 4911 699 4979 subseripts'ono
728 4913 804 4966 Besa
833 4911 902 4966 deror
930 4913 1038 4966 mmor
1065 4923 1160 4966 eorm
1376 4975 1381 4986 ι

198 4982 307 5048 napa,
324 4982 443 5046 primam
459 4985 485 5034 ot
500 4981 632 5034 adtiraara.
1310 4969 1338 5040 2)
1356 4991 1396 5029 aro

301 5049 331 5115 8)
349 5049 447 5103 Mense
471 5047 623 5104 Nooeosbu
645 5049 713 5104 1542
738 5053 862 5118 onom
882 5049 1012 5117 seriptum
1034 5059 1091 5100 osae
1113 5046 1158 5101 ὼ-
1312 5045 1341 5109 3)
1361 5043 1402 5110 Os.
1421 5043 1459 5098 N.
1477 5041 1537 5110 424,
1555 5047 1610 5096 aot.
1628 5041 1660 5108 8,·
1678 5041 1882 5112 Harsdestopea
1896 5061 1925 5112 p.
1944 5042 2003 5098 168.

198 5122 353 5174 nomam
369 5131 439 5186 quoe
455 5117 489 5171 de
505 5117 625 5172 &som
640 5117 730 5184 rosen.
1311 5113 1341 5172 dl
1359 5111 1460 5166 meida
1476 5111 1634 5166 aarum
1651 5111 1746 5166 morto
1762 5112 1886 5167 damea.

215 5187 280 5249 437.
301 5189 328 5252 l)
346 5185 501 5256 deperditis.
1311 5181 1341 5248 5)
1358 5179 1489 5236 Rittorar.

1916 5263 1966 5318 ³0*
