<?xml version="1.0" encoding="UTF-8"?>
<!DOCTYPE html PUBLIC "-//W3C//DTD XHTML 1.0 Transitional//EN"
    "http://www.w3.org/TR/xhtml1/DTD/xhtml1-transitional.dtd">
<html xmlns="http://www.w3.org/1999/xhtml" xml:lang="en" lang="en">
 <head>
  <title>
</title>
<meta http-equiv="Content-Type" content="text/html;charset=utf-8" />
  <meta name='ocr-system' content='tesseract 3.04.00' />
  <meta name='ocr-capabilities' content='ocr_page ocr_carea ocr_par ocr_line ocrx_word'/>
</head>
<body>
  <div class='ocr_page' id='page_1' title='image "./ioanniscalvinio04reusgoog_0082.png"; bbox 0 0 4942 5982; ppageno 0'>
   <div class='ocr_carea' id='block_1_1' title="bbox 194 345 2191 434">
    <p class='ocr_par' dir='ltr' id='par_1_1' title="bbox 194 345 2191 434">
     <span class='ocr_line' id='line_1_1' title="bbox 194 345 2191 434; baseline 0.004 -24"><span class='ocrx_word' id='word_1_1' title='bbox 194 347 250 410; x_wconf 81' lang='lat'><strong>137</strong></span> <span class='ocrx_word' id='word_1_2' title='bbox 1042 347 1124 410; x_wconf 80' lang='lat'>1540</span> <span class='ocrx_word' id='word_1_3' title='bbox 1145 345 1349 434; x_wconf 66' lang='lat' dir='ltr'><strong>nnoeun.</strong></span> <span class='ocrx_word' id='word_1_4' title='bbox 2130 354 2191 418; x_wconf 84' lang='lat' dir='ltr'><strong>res</strong></span> 
     </span>
    </p>
   </div>
   <div class='ocr_carea' id='block_1_2' title="bbox 183 533 2281 4733">
    <p class='ocr_par' dir='ltr' id='par_1_2' title="bbox 183 533 2281 4733">
     <span class='ocr_line' id='line_1_2' title="bbox 190 533 2190 621; baseline 0.002 -19"><span class='ocrx_word' id='word_1_5' title='bbox 190 535 428 602; x_wconf 81' lang='lat' dir='ltr'><strong>consultarent</strong></span> <span class='ocrx_word' id='word_1_6' title='bbox 478 535 591 602; x_wconf 90' lang='lat' dir='ltr'><strong>Nostri</strong></span> <span class='ocrx_word' id='word_1_7' title='bbox 619 555 688 602; x_wconf 92' lang='lat' dir='ltr'><strong>non</strong></span> <span class='ocrx_word' id='word_1_8' title='bbox 716 535 813 602; x_wconf 92' lang='lat' dir='ltr'><strong>modo</strong></span> <span class='ocrx_word' id='word_1_9' title='bbox 839 555 860 600; x_wconf 92' lang='lat' dir='ltr'><strong>a</strong></span> <span class='ocrx_word' id='word_1_10' title='bbox 885 555 946 600; x_wconf 90' lang='lat' dir='ltr'><strong>sue</strong></span> <span class='ocrx_word' id='word_1_11' title='bbox 966 543 1060 618; x_wconf 91' lang='lat' dir='ltr'><strong>parte</strong></span> <span class='ocrx_word' id='word_1_12' title='bbox 1081 533 1166 600; x_wconf 83' lang='lat' dir='ltr'>nihil</span> <span class='ocrx_word' id='word_1_13' title='bbox 1217 535 1390 618; x_wconf 78' lang='lat' dir='ltr'>sponsione</span> <span class='ocrx_word' id='word_1_14' title='bbox 1413 535 1535 615; x_wconf 88' lang='lat' dir='ltr'><strong>habita,</strong></span> <span class='ocrx_word' id='word_1_15' title='bbox 1558 535 1651 602; x_wconf 90' lang='lat' dir='ltr'><strong>cuius</strong></span> <span class='ocrx_word' id='word_1_16' title='bbox 1668 535 1805 601; x_wconf 85' lang='lat' dir='ltr'><strong>formam</strong></span> <span class='ocrx_word' id='word_1_17' title='bbox 1823 535 1878 603; x_wconf 91' lang='lat' dir='ltr'><strong>hic</strong></span> <span class='ocrx_word' id='word_1_18' title='bbox 1895 558 2024 621; x_wconf 90' lang='lat' dir='ltr'><strong>quoque</strong></span> <span class='ocrx_word' id='word_1_19' title='bbox 2046 538 2190 619; x_wconf 89' lang='lat' dir='ltr'><strong>hebebis,</strong></span> 
     </span>
     <span class='ocr_line' id='line_1_3' title="bbox 190 620 2190 706; baseline 0 -18"><span class='ocrx_word' id='word_1_20' title='bbox 190 642 259 688; x_wconf 88' lang='lat' dir='ltr'><strong>esse</strong></span> <span class='ocrx_word' id='word_1_21' title='bbox 288 621 515 706; x_wconf 78' lang='lat' dir='ltr'><strong>impedimenti</strong></span> <span class='ocrx_word' id='word_1_22' title='bbox 544 621 731 702; x_wconf 90' lang='lat' dir='ltr'><strong>ostendere,</strong></span> <span class='ocrx_word' id='word_1_23' title='bbox 762 620 820 686; x_wconf 93' lang='lat' dir='ltr'><strong>sed</strong></span> <span class='ocrx_word' id='word_1_24' title='bbox 847 641 967 705; x_wconf 83' lang='lat' dir='ltr'><strong>urgere</strong></span> <span class='ocrx_word' id='word_1_25' title='bbox 999 621 1099 686; x_wconf 91' lang='lat' dir='ltr'><strong>etiam</strong></span> <span class='ocrx_word' id='word_1_26' title='bbox 1132 629 1166 686; x_wconf 92' lang='lat' dir='ltr'><strong>et</strong></span> <span class='ocrx_word' id='word_1_27' title='bbox 1218 620 1398 688; x_wconf 76' lang='lat' dir='ltr'><strong>discessum</strong></span> <span class='ocrx_word' id='word_1_28' title='bbox 1420 631 1487 699; x_wconf 90' lang='lat' dir='ltr'><strong>est,</strong></span> <span class='ocrx_word' id='word_1_29' title='bbox 1516 641 1702 704; x_wconf 86' lang='lat' dir='ltr'><strong>quenquam</strong></span> <span class='ocrx_word' id='word_1_30' title='bbox 1727 623 1848 688; x_wconf 88' lang='lat' dir='ltr'><strong>nostris</strong></span> <span class='ocrx_word' id='word_1_31' title='bbox 1874 622 2054 706; x_wconf 90' lang='lat' dir='ltr'><strong>plurimum</strong></span> <span class='ocrx_word' id='word_1_32' title='bbox 2077 623 2190 704; x_wconf 90' lang='lat' dir='ltr'><strong>doluit,</strong></span> 
     </span>
     <span class='ocr_line' id='line_1_4' title="bbox 188 705 2216 790; baseline 0.003 -18"><span class='ocrx_word' id='word_1_33' title='bbox 188 707 312 790; x_wconf 88' lang='lat' dir='ltr'><strong>passim</strong></span> <span class='ocrx_word' id='word_1_34' title='bbox 334 705 574 790; x_wconf 88' lang='lat' dir='ltr'><strong>reprehendere</strong></span> <span class='ocrx_word' id='word_1_35' title='bbox 600 707 687 772; x_wconf 88' lang='lat' dir='ltr'><strong>hanc</strong></span> <span class='ocrx_word' id='word_1_36' title='bbox 706 727 841 773; x_wconf 90' lang='lat' dir='ltr'><strong>moram.</strong></span> <span class='ocrx_word' id='word_1_37' title='bbox 893 705 1041 772; x_wconf 73' lang='lat' dir='ltr'><strong>Pandam</strong></span> <span class='ocrx_word' id='word_1_38' title='bbox 1069 726 1165 772; x_wconf 86' lang='lat' dir='ltr'><strong>vere-</strong></span> <span class='ocrx_word' id='word_1_39' title='bbox 1216 706 1305 773; x_wconf 84' lang='lat' dir='ltr'><strong>vices</strong></span> <span class='ocrx_word' id='word_1_40' title='bbox 1326 705 1480 790; x_wconf 90' lang='lat' dir='ltr'><strong>loquendi</strong></span> <span class='ocrx_word' id='word_1_41' title='bbox 1502 715 1582 774; x_wconf 90' lang='lat' dir='ltr'><strong>tunc</strong></span> <span class='ocrx_word' id='word_1_42' title='bbox 1604 707 1665 773; x_wconf 90' lang='lat' dir='ltr'><strong>sibi</strong></span> <span class='ocrx_word' id='word_1_43' title='bbox 1686 706 1787 774; x_wconf 83' lang='lat' dir='ltr'><strong>fnisse</strong></span> <span class='ocrx_word' id='word_1_44' title='bbox 1809 717 1945 790; x_wconf 90' lang='lat' dir='ltr'><strong>ereptas.</strong></span> <span class='ocrx_word' id='word_1_45' title='bbox 1982 708 2216 778; x_wconf 85' lang='lat' dir='ltr'><strong>Oordetioros</strong></span> 
     </span>
     <span class='ocr_line' id='line_1_5' title="bbox 189 790 2191 877; baseline 0.001 -18"><span class='ocrx_word' id='word_1_46' title='bbox 189 790 309 859; x_wconf 89' lang='lat' dir='ltr'><strong>cundia</strong></span> <span class='ocrx_word' id='word_1_47' title='bbox 342 794 444 859; x_wconf 89' lang='lat' dir='ltr'><strong>coacti</strong></span> <span class='ocrx_word' id='word_1_48' title='bbox 476 794 648 858; x_wconf 87' lang='lat' dir='ltr'><strong>finxerunt</strong></span> <span class='ocrx_word' id='word_1_49' title='bbox 679 815 716 860; x_wconf 90' lang='lat' dir='ltr'><strong>se</strong></span> <span class='ocrx_word' id='word_1_50' title='bbox 748 792 832 858; x_wconf 87' lang='lat' dir='ltr'><strong>velle</strong></span> <span class='ocrx_word' id='word_1_51' title='bbox 865 793 1018 876; x_wconf 89' lang='lat' dir='ltr'><strong>incipere.</strong></span> <span class='ocrx_word' id='word_1_52' title='bbox 1071 790 1165 859; x_wconf 83' lang='lat' dir='ltr'><strong>Occi-</strong></span> <span class='ocrx_word' id='word_1_53' title='bbox 1216 800 1329 858; x_wconf 89' lang='lat' dir='ltr'><strong>tamen</strong></span> <span class='ocrx_word' id='word_1_54' title='bbox 1350 790 1512 872; x_wconf 86' lang='lat' dir='ltr'><strong>iudicant,</strong></span> <span class='ocrx_word' id='word_1_55' title='bbox 1540 792 1635 858; x_wconf 90' lang='lat' dir='ltr'><strong>nobis</strong></span> <span class='ocrx_word' id='word_1_56' title='bbox 1657 792 1839 859; x_wconf 87' lang='lat' dir='ltr'><strong>tacentibus</strong></span> <span class='ocrx_word' id='word_1_57' title='bbox 1860 815 1928 859; x_wconf 93' lang='lat' dir='ltr'><strong>non</strong></span> <span class='ocrx_word' id='word_1_58' title='bbox 1949 815 2065 877; x_wconf 89' lang='lat' dir='ltr'><strong>perum</strong></span> <span class='ocrx_word' id='word_1_59' title='bbox 2090 795 2191 862; x_wconf 77' lang='lat' dir='ltr'><strong>brisso</strong></span> 
     </span>
     <span class='ocr_line' id='line_1_6' title="bbox 189 877 2192 963; baseline 0.002 -19"><span class='ocrx_word' id='word_1_60' title='bbox 189 886 312 944; x_wconf 86' lang='lat' dir='ltr'><strong>nerunt</strong></span> <span class='ocrx_word' id='word_1_61' title='bbox 339 879 442 963; x_wconf 71' lang='lat' dir='ltr'><strong>igitur</strong></span> <span class='ocrx_word' id='word_1_62' title='bbox 469 879 605 944; x_wconf 89' lang='lat' dir='ltr'><strong>missam</strong></span> <span class='ocrx_word' id='word_1_63' title='bbox 633 899 727 945; x_wconf 91' lang='lat' dir='ltr'><strong>suam</strong></span> <span class='ocrx_word' id='word_1_64' title='bbox 754 877 794 944; x_wconf 91' lang='lat' dir='ltr'><strong>de</strong></span> <span class='ocrx_word' id='word_1_65' title='bbox 827 879 944 961; x_wconf 91' lang='lat' dir='ltr'><strong>spiritu</strong></span> <span class='ocrx_word' id='word_1_66' title='bbox 977 885 1089 944; x_wconf 88' lang='lat' dir='ltr'><strong>sancto</strong></span> <span class='ocrx_word' id='word_1_67' title='bbox 1127 884 1166 942; x_wconf 93' lang='lat' dir='ltr'><strong>ut</strong></span> <span class='ocrx_word' id='word_1_68' title='bbox 1218 879 1372 944; x_wconf 82' lang='lat' dir='ltr'><strong>effectum</strong></span> <span class='ocrx_word' id='word_1_69' title='bbox 1393 899 1432 944; x_wconf 90' lang='lat' dir='ltr'><strong>eo</strong></span> <span class='ocrx_word' id='word_1_70' title='bbox 1454 877 1516 943; x_wconf 89' lang='lat' dir='ltr'><strong>die.</strong></span> <span class='ocrx_word' id='word_1_71' title='bbox 1561 877 1649 944; x_wconf 90' lang='lat' dir='ltr'><strong>Nam</strong></span> <span class='ocrx_word' id='word_1_72' title='bbox 1669 879 1726 962; x_wconf 91' lang='lat' dir='ltr'><strong>qui</strong></span> <span class='ocrx_word' id='word_1_73' title='bbox 1756 878 1849 958; x_wconf 89' lang='lat' dir='ltr'><strong>olim,</strong></span> <span class='ocrx_word' id='word_1_74' title='bbox 1879 879 1945 944; x_wconf 92' lang='lat' dir='ltr'><strong>imo</strong></span> <span class='ocrx_word' id='word_1_75' title='bbox 1974 887 2050 946; x_wconf 90' lang='lat' dir='ltr'><strong>ente</strong></span> <span class='ocrx_word' id='word_1_76' title='bbox 2071 901 2192 963; x_wconf 89' lang='lat' dir='ltr'><strong>pancos</strong></span> 
     </span>
     <span class='ocr_line' id='line_1_7' title="bbox 190 962 2191 1049; baseline 0.001 -19"><span class='ocrx_word' id='word_1_77' title='bbox 190 964 358 1049; x_wconf 89' lang='lat' dir='ltr'><strong>auspicato</strong></span> <span class='ocrx_word' id='word_1_78' title='bbox 379 964 644 1048; x_wconf 77' lang='lat' dir='ltr'><strong>aggrederentur.</strong></span> <span class='ocrx_word' id='word_1_79' title='bbox 687 964 755 1030; x_wconf 90' lang='lat' dir='ltr'><strong>Nos</strong></span> <span class='ocrx_word' id='word_1_80' title='bbox 783 965 881 1030; x_wconf 89' lang='lat' dir='ltr'><strong>etiam</strong></span> <span class='ocrx_word' id='word_1_81' title='bbox 907 963 1059 1030; x_wconf 81' lang='lat' dir='ltr'><strong>solennes</strong></span> <span class='ocrx_word' id='word_1_82' title='bbox 1087 985 1165 1046; x_wconf 91' lang='lat' dir='ltr'><strong>sup-</strong></span> <span class='ocrx_word' id='word_1_83' title='bbox 1218 984 1330 1042; x_wconf 90' lang='lat' dir='ltr'><strong>annos,</strong></span> <span class='ocrx_word' id='word_1_84' title='bbox 1352 964 1394 1029; x_wconf 93' lang='lat' dir='ltr'><strong>ad</strong></span> <span class='ocrx_word' id='word_1_85' title='bbox 1415 964 1502 1030; x_wconf 91' lang='lat' dir='ltr'><strong>letus</strong></span> <span class='ocrx_word' id='word_1_86' title='bbox 1526 962 1674 1030; x_wconf 64' lang='lat' dir='ltr'><strong>osane</strong></span> <span class='ocrx_word' id='word_1_87' title='bbox 1702 987 1802 1048; x_wconf 90' lang='lat' dir='ltr'><strong>supra</strong></span> <span class='ocrx_word' id='word_1_88' title='bbox 1828 987 1941 1030; x_wconf 92' lang='lat' dir='ltr'><strong>omnes</strong></span> <span class='ocrx_word' id='word_1_89' title='bbox 1962 965 2118 1032; x_wconf 92' lang='lat' dir='ltr'><strong>electores</strong></span> <span class='ocrx_word' id='word_1_90' title='bbox 2139 987 2191 1032; x_wconf 91' lang='lat' dir='ltr'><strong>re-</strong></span> 
     </span>
     <span class='ocr_line' id='line_1_8' title="bbox 189 1049 2237 1135; baseline 0.001 -21"><span class='ocrx_word' id='word_1_91' title='bbox 189 1049 379 1135; x_wconf 89' lang='lat' dir='ltr'><strong>plicationes</strong></span> <span class='ocrx_word' id='word_1_92' title='bbox 401 1051 436 1115; x_wconf 94' lang='lat' dir='ltr'><strong>in</strong></span> <span class='ocrx_word' id='word_1_93' title='bbox 457 1049 579 1134; x_wconf 90' lang='lat' dir='ltr'><strong>templo</strong></span> <span class='ocrx_word' id='word_1_94' title='bbox 600 1060 712 1116; x_wconf 90' lang='lat' dir='ltr'><strong>nostro</strong></span> <span class='ocrx_word' id='word_1_95' title='bbox 733 1049 916 1116; x_wconf 79' lang='lat' dir='ltr'><strong>habuimus.</strong></span> <span class='ocrx_word' id='word_1_96' title='bbox 966 1049 1071 1114; x_wconf 91' lang='lat' dir='ltr'><strong>Nemo</strong></span> <span class='ocrx_word' id='word_1_97' title='bbox 1095 1057 1167 1114; x_wconf 88' lang='lat' dir='ltr'><strong>erat</strong></span> <span class='ocrx_word' id='word_1_98' title='bbox 1217 1049 1416 1133; x_wconf 88' lang='lat' dir='ltr'><strong>cipiebetnr,</strong></span> <span class='ocrx_word' id='word_1_99' title='bbox 1449 1071 1537 1115; x_wconf 91' lang='lat' dir='ltr'><strong>nnnc</strong></span> <span class='ocrx_word' id='word_1_100' title='bbox 1576 1071 1617 1115; x_wconf 87' lang='lat' dir='ltr'><strong>ex</strong></span> <span class='ocrx_word' id='word_1_101' title='bbox 1650 1049 1803 1116; x_wconf 90' lang='lat' dir='ltr'><strong>subsellio</strong></span> <span class='ocrx_word' id='word_1_102' title='bbox 1836 1051 1923 1134; x_wconf 94' lang='lat' dir='ltr'><strong>loqui</strong></span> <span class='ocrx_word' id='word_1_103' title='bbox 1955 1059 2087 1116; x_wconf 89' lang='lat' dir='ltr'><strong>coactus</strong></span> <span class='ocrx_word' id='word_1_104' title='bbox 2118 1053 2189 1117; x_wconf 85' lang='lat' dir='ltr'><strong>fuit.</strong></span> <span class='ocrx_word' id='word_1_105' title='bbox 2233 1089 2237 1098; x_wconf 87' lang='lat'><strong>·</strong></span> 
     </span>
     <span class='ocr_line' id='line_1_9' title="bbox 189 1133 2191 1220; baseline 0.001 -20"><span class='ocrx_word' id='word_1_106' title='bbox 189 1137 245 1220; x_wconf 91' lang='lat' dir='ltr'><strong>qni</strong></span> <span class='ocrx_word' id='word_1_107' title='bbox 271 1157 340 1201; x_wconf 93' lang='lat' dir='ltr'><strong>non</strong></span> <span class='ocrx_word' id='word_1_108' title='bbox 365 1143 497 1219; x_wconf 88' lang='lat' dir='ltr'><strong>putaret</strong></span> <span class='ocrx_word' id='word_1_109' title='bbox 523 1157 600 1200; x_wconf 87' lang='lat' dir='ltr'><strong>mox</strong></span> <span class='ocrx_word' id='word_1_110' title='bbox 627 1137 774 1201; x_wconf 88' lang='lat' dir='ltr'><strong>futurum</strong></span> <span class='ocrx_word' id='word_1_111' title='bbox 803 1143 841 1200; x_wconf 93' lang='lat' dir='ltr'><strong>ut</strong></span> <span class='ocrx_word' id='word_1_112' title='bbox 862 1135 903 1200; x_wconf 92' lang='lat' dir='ltr'><strong>ad</strong></span> <span class='ocrx_word' id='word_1_113' title='bbox 925 1143 1091 1202; x_wconf 88' lang='lat' dir='ltr'><strong>certamen</strong></span> <span class='ocrx_word' id='word_1_114' title='bbox 1112 1155 1165 1200; x_wconf 92' lang='lat' dir='ltr'><strong>ec-</strong></span> <span class='ocrx_word' id='word_1_115' title='bbox 1217 1133 1328 1216; x_wconf 77' lang='lat' dir='ltr'><strong>Quum</strong></span> <span class='ocrx_word' id='word_1_116' title='bbox 1354 1133 1492 1202; x_wconf 78' lang='lat' dir='ltr'><strong>Paulam</strong></span> <span class='ocrx_word' id='word_1_117' title='bbox 1520 1133 1704 1200; x_wconf 90' lang='lat' dir='ltr'><strong>Dominum</strong></span> <span class='ocrx_word' id='word_1_118' title='bbox 1730 1157 1826 1202; x_wconf 90' lang='lat' dir='ltr'><strong>suum</strong></span> <span class='ocrx_word' id='word_1_119' title='bbox 1853 1137 2040 1202; x_wconf 92' lang='lat' dir='ltr'><strong>nominaret</strong></span> <span class='ocrx_word' id='word_1_120' title='bbox 2066 1159 2109 1214; x_wconf 82' lang='lat' dir='ltr'><strong>ec</strong></span> <span class='ocrx_word' id='word_1_121' title='bbox 2131 1136 2191 1202; x_wconf 94' lang='lat' dir='ltr'><strong>ho-</strong></span> 
     </span>
     <span class='ocr_line' id='line_1_10' title="bbox 189 1219 2192 1306; baseline -0 -18"><span class='ocrx_word' id='word_1_122' title='bbox 189 1223 405 1306; x_wconf 82' lang='lat' dir='ltr'><strong>oingeremnr.</strong></span> <span class='ocrx_word' id='word_1_123' title='bbox 460 1221 511 1286; x_wconf 82' lang='lat' dir='ltr'><strong>Ilo</strong></span> <span class='ocrx_word' id='word_1_124' title='bbox 546 1231 656 1287; x_wconf 90' lang='lat' dir='ltr'><strong>tamen</strong></span> <span class='ocrx_word' id='word_1_125' title='bbox 692 1219 744 1287; x_wconf 91' lang='lat' dir='ltr'><strong>die</strong></span> <span class='ocrx_word' id='word_1_126' title='bbox 772 1220 867 1286; x_wconf 91' lang='lat' dir='ltr'><strong>nobis</strong></span> <span class='ocrx_word' id='word_1_127' title='bbox 898 1221 998 1287; x_wconf 85' lang='lat' dir='ltr'><strong>feriae</strong></span> <span class='ocrx_word' id='word_1_128' title='bbox 1030 1222 1166 1286; x_wconf 86' lang='lat' dir='ltr'><strong>fuerunt</strong></span> <span class='ocrx_word' id='word_1_129' title='bbox 1216 1221 1307 1286; x_wconf 90' lang='lat' dir='ltr'><strong>noris</strong></span> <span class='ocrx_word' id='word_1_130' title='bbox 1329 1240 1427 1286; x_wconf 90' lang='lat' dir='ltr'><strong>causa</strong></span> <span class='ocrx_word' id='word_1_131' title='bbox 1447 1229 1618 1306; x_wconf 84' lang='lat' dir='ltr'><strong>retegeret,</strong></span> <span class='ocrx_word' id='word_1_132' title='bbox 1640 1243 1737 1287; x_wconf 91' lang='lat' dir='ltr'><strong>nemo</strong></span> <span class='ocrx_word' id='word_1_133' title='bbox 1755 1231 1912 1304; x_wconf 90' lang='lat' dir='ltr'><strong>sequutus</strong></span> <span class='ocrx_word' id='word_1_134' title='bbox 1930 1232 1989 1299; x_wconf 91' lang='lat' dir='ltr'><strong>est,</strong></span> <span class='ocrx_word' id='word_1_135' title='bbox 2011 1245 2054 1288; x_wconf 93' lang='lat' dir='ltr'><strong>ne</strong></span> <span class='ocrx_word' id='word_1_136' title='bbox 2071 1245 2114 1288; x_wconf 84' lang='lat' dir='ltr'><strong>ex</strong></span> <span class='ocrx_word' id='word_1_137' title='bbox 2134 1221 2192 1288; x_wconf 90' lang='lat' dir='ltr'><strong>ad-</strong></span> 
     </span>
     <span class='ocr_line' id='line_1_11' title="bbox 189 1305 2191 1390; baseline 0 -19"><span class='ocrx_word' id='word_1_138' title='bbox 189 1315 284 1390; x_wconf 89' lang='lat' dir='ltr'><strong>atque</strong></span> <span class='ocrx_word' id='word_1_139' title='bbox 307 1305 406 1374; x_wconf 92' lang='lat' dir='ltr'><strong>etiem</strong></span> <span class='ocrx_word' id='word_1_140' title='bbox 429 1306 594 1389; x_wconf 90' lang='lat' dir='ltr'><strong>postridie.</strong></span> <span class='ocrx_word' id='word_1_141' title='bbox 637 1305 796 1374; x_wconf 87' lang='lat' dir='ltr'><strong>Mercurii</strong></span> <span class='ocrx_word' id='word_1_142' title='bbox 824 1325 980 1372; x_wconf 87' lang='lat' dir='ltr'><strong>vocamur</strong></span> <span class='ocrx_word' id='word_1_143' title='bbox 1007 1315 1165 1389; x_wconf 86' lang='lat' dir='ltr'><strong>tanquam</strong></span> <span class='ocrx_word' id='word_1_144' title='bbox 1217 1306 1372 1372; x_wconf 87' lang='lat' dir='ltr'><strong>versariis</strong></span> <span class='ocrx_word' id='word_1_145' title='bbox 1389 1305 1534 1390; x_wconf 91' lang='lat' dir='ltr'><strong>quidem:</strong></span> <span class='ocrx_word' id='word_1_146' title='bbox 1559 1328 1660 1390; x_wconf 92' lang='lat' dir='ltr'><strong>quum</strong></span> <span class='ocrx_word' id='word_1_147' title='bbox 1680 1305 1826 1374; x_wconf 76' lang='lat' dir='ltr'><strong>caesara</strong></span> <span class='ocrx_word' id='word_1_148' title='bbox 1843 1309 2043 1374; x_wconf 90' lang='lat' dir='ltr'><strong>mentionem</strong></span> <span class='ocrx_word' id='word_1_149' title='bbox 2061 1309 2191 1386; x_wconf 88' lang='lat' dir='ltr'><strong>feceret,</strong></span> 
     </span>
     <span class='ocr_line' id='line_1_12' title="bbox 189 1390 2193 1478; baseline 0 -21"><span class='ocrx_word' id='word_1_150' title='bbox 189 1392 323 1458; x_wconf 89' lang='lat' dir='ltr'><strong>adrem</strong></span> <span class='ocrx_word' id='word_1_151' title='bbox 346 1391 491 1458; x_wconf 87' lang='lat' dir='ltr'><strong>maxime</strong></span> <span class='ocrx_word' id='word_1_152' title='bbox 512 1394 640 1458; x_wconf 91' lang='lat' dir='ltr'><strong>seriam.</strong></span> <span class='ocrx_word' id='word_1_153' title='bbox 684 1394 863 1476; x_wconf 83' lang='lat' dir='ltr'><strong>Postquam</strong></span> <span class='ocrx_word' id='word_1_154' title='bbox 885 1390 927 1456; x_wconf 93' lang='lat' dir='ltr'><strong>ed</strong></span> <span class='ocrx_word' id='word_1_155' title='bbox 945 1392 1054 1458; x_wconf 89' lang='lat' dir='ltr'><strong>aulem</strong></span> <span class='ocrx_word' id='word_1_156' title='bbox 1070 1413 1165 1476; x_wconf 89' lang='lat' dir='ltr'><strong>prae-</strong></span> <span class='ocrx_word' id='word_1_157' title='bbox 1217 1411 1330 1458; x_wconf 90' lang='lat' dir='ltr'><strong>omnes</strong></span> <span class='ocrx_word' id='word_1_158' title='bbox 1352 1391 1474 1476; x_wconf 83' lang='lat' dir='ltr'><strong>pileum</strong></span> <span class='ocrx_word' id='word_1_159' title='bbox 1496 1390 1708 1476; x_wconf 78' lang='lat' dir='ltr'><strong>deponebant.</strong></span> <span class='ocrx_word' id='word_1_160' title='bbox 1753 1391 1846 1474; x_wconf 77' lang='lat' dir='ltr'><strong>Quae</strong></span> <span class='ocrx_word' id='word_1_161' title='bbox 1874 1403 1984 1459; x_wconf 87' lang='lat' dir='ltr'><strong>autem</strong></span> <span class='ocrx_word' id='word_1_162' title='bbox 2012 1394 2193 1478; x_wconf 82' lang='lat' dir='ltr'><strong>ignominia</strong></span> 
     </span>
     <span class='ocr_line' id='line_1_13' title="bbox 190 1477 2192 1564; baseline 0 -20"><span class='ocrx_word' id='word_1_163' title='bbox 190 1477 296 1544; x_wconf 89' lang='lat' dir='ltr'><strong>sidum</strong></span> <span class='ocrx_word' id='word_1_164' title='bbox 310 1479 351 1560; x_wconf 81' lang='lat'><strong>¹⁶)</strong></span> <span class='ocrx_word' id='word_1_165' title='bbox 374 1488 509 1545; x_wconf 86' lang='lat' dir='ltr'><strong>ventum</strong></span> <span class='ocrx_word' id='word_1_166' title='bbox 533 1487 591 1558; x_wconf 91' lang='lat' dir='ltr'><strong>est,</strong></span> <span class='ocrx_word' id='word_1_167' title='bbox 613 1478 794 1545; x_wconf 90' lang='lat' dir='ltr'><strong>indicatum</strong></span> <span class='ocrx_word' id='word_1_168' title='bbox 822 1485 873 1544; x_wconf 91' lang='lat' dir='ltr'><strong>est</strong></span> <span class='ocrx_word' id='word_1_169' title='bbox 897 1477 1080 1554; x_wconf 69' lang='grc' dir='ltr'>Θνεειυεῑῐο,</span> <span class='ocrx_word' id='word_1_170' title='bbox 1109 1478 1166 1561; x_wconf 93' lang='lat' dir='ltr'><strong>qui</strong></span> <span class='ocrx_word' id='word_1_171' title='bbox 1216 1478 1323 1543; x_wconf 89' lang='lat' dir='ltr'><strong>maior</strong></span> <span class='ocrx_word' id='word_1_172' title='bbox 1345 1477 1406 1543; x_wconf 90' lang='lat' dir='ltr'><strong>hoo</strong></span> <span class='ocrx_word' id='word_1_173' title='bbox 1428 1485 1517 1544; x_wconf 89' lang='lat' dir='ltr'><strong>statu</strong></span> <span class='ocrx_word' id='word_1_174' title='bbox 1538 1499 1650 1543; x_wconf 90' lang='lat' dir='ltr'><strong>rerum</strong></span> <span class='ocrx_word' id='word_1_175' title='bbox 1670 1499 1774 1564; x_wconf 88' lang='lat' dir='ltr'><strong>papae</strong></span> <span class='ocrx_word' id='word_1_176' title='bbox 1796 1479 1934 1564; x_wconf 80' lang='lat' dir='ltr'><strong>irrogari</strong></span> <span class='ocrx_word' id='word_1_177' title='bbox 1956 1481 2071 1564; x_wconf 90' lang='lat' dir='ltr'><strong>potuit,</strong></span> <span class='ocrx_word' id='word_1_178' title='bbox 2095 1501 2192 1563; x_wconf 91' lang='lat' dir='ltr'><strong>quem</strong></span> 
     </span>
     <span class='ocr_line' id='line_1_14' title="bbox 189 1561 2191 1649; baseline 0.001 -21"><span class='ocrx_word' id='word_1_179' title='bbox 189 1563 355 1646; x_wconf 88' lang='lat' dir='ltr'><strong>aliquanto</strong></span> <span class='ocrx_word' id='word_1_180' title='bbox 387 1571 461 1646; x_wconf 89' lang='lat' dir='ltr'><strong>post</strong></span> <span class='ocrx_word' id='word_1_181' title='bbox 494 1563 710 1648; x_wconf 81' lang='lat' dir='ltr'><strong>subsequutus</strong></span> <span class='ocrx_word' id='word_1_182' title='bbox 742 1572 802 1630; x_wconf 92' lang='lat' dir='ltr'><strong>est.</strong></span> <span class='ocrx_word' id='word_1_183' title='bbox 858 1563 951 1628; x_wconf 72' lang='lat' dir='ltr'><strong>Tunc</strong></span> <span class='ocrx_word' id='word_1_184' title='bbox 988 1561 1165 1630; x_wconf 88' lang='lat' dir='ltr'><strong>accersitus</strong></span> <span class='ocrx_word' id='word_1_185' title='bbox 1216 1563 1265 1627; x_wconf 83' lang='lat' dir='ltr'><strong>ita</strong></span> <span class='ocrx_word' id='word_1_186' title='bbox 1289 1562 1480 1648; x_wconf 89' lang='lat' dir='ltr'><strong>responderi</strong></span> <span class='ocrx_word' id='word_1_187' title='bbox 1507 1585 1527 1628; x_wconf 89' lang='lat' dir='ltr'><strong>a</strong></span> <span class='ocrx_word' id='word_1_188' title='bbox 1551 1561 1684 1628; x_wconf 83' lang='lat' dir='ltr'><strong>Caesare</strong></span> <span class='ocrx_word' id='word_1_189' title='bbox 1712 1571 1745 1628; x_wconf 90' lang='lat' dir='ltr'><strong>et</strong></span> <span class='ocrx_word' id='word_1_190' title='bbox 1772 1562 1939 1630; x_wconf 87' lang='lat' dir='ltr'><strong>ordinibus</strong></span> <span class='ocrx_word' id='word_1_191' title='bbox 1969 1565 2098 1649; x_wconf 91' lang='lat' dir='ltr'><strong>imperii</strong></span> <span class='ocrx_word' id='word_1_192' title='bbox 2120 1565 2191 1631; x_wconf 90' lang='lat' dir='ltr'><strong>eius</strong></span> 
     </span>
     <span class='ocr_line' id='line_1_15' title="bbox 188 1648 2192 1734; baseline 0.002 -20"><span class='ocrx_word' id='word_1_193' title='bbox 188 1650 250 1714; x_wconf 82' lang='lat' dir='ltr'><strong>fuit</strong></span> <span class='ocrx_word' id='word_1_194' title='bbox 272 1649 415 1716; x_wconf 87' lang='lat' dir='ltr'><strong>nuncius</strong></span> <span class='ocrx_word' id='word_1_195' title='bbox 436 1649 631 1732; x_wconf 83' lang='lat' dir='ltr'><strong>apostoliens</strong></span> <span class='ocrx_word' id='word_1_196' title='bbox 652 1650 709 1732; x_wconf 92' lang='lat' dir='ltr'><strong>qui</strong></span> <span class='ocrx_word' id='word_1_197' title='bbox 724 1671 784 1715; x_wconf 92' lang='lat' dir='ltr'><strong>nos</strong></span> <span class='ocrx_word' id='word_1_198' title='bbox 796 1649 996 1716; x_wconf 82' lang='lat' dir='ltr'><strong>sanctissimi</strong></span> <span class='ocrx_word' id='word_1_199' title='bbox 1008 1649 1108 1715; x_wconf 83' lang='lat' dir='ltr'><strong>Pauli</strong></span> <span class='ocrx_word' id='word_1_200' title='bbox 1122 1649 1164 1732; x_wconf 90' lang='lat'><strong>¹⁷)</strong></span> <span class='ocrx_word' id='word_1_201' title='bbox 1215 1648 1333 1732; x_wconf 83' lang='lat' dir='ltr'><strong>legato,</strong></span> <span class='ocrx_word' id='word_1_202' title='bbox 1356 1657 1394 1714; x_wconf 91' lang='lat' dir='ltr'><strong>ut</strong></span> <span class='ocrx_word' id='word_1_203' title='bbox 1414 1652 1485 1715; x_wconf 92' lang='lat' dir='ltr'><strong>eius</strong></span> <span class='ocrx_word' id='word_1_204' title='bbox 1502 1669 1622 1714; x_wconf 92' lang='lat' dir='ltr'><strong>nomen</strong></span> <span class='ocrx_word' id='word_1_205' title='bbox 1640 1652 1828 1734; x_wconf 64' lang='lat' dir='ltr'><strong>prorsusw)</strong></span> <span class='ocrx_word' id='word_1_206' title='bbox 1846 1651 2085 1718; x_wconf 80' lang='lat' dir='ltr'><strong>subticeretur?</strong></span> <span class='ocrx_word' id='word_1_207' title='bbox 2119 1651 2192 1718; x_wconf 93' lang='lat' dir='ltr'><strong>Hoc</strong></span> 
     </span>
     <span class='ocr_line' id='line_1_16' title="bbox 188 1733 2193 1816; baseline 0 -16"><span class='ocrx_word' id='word_1_208' title='bbox 188 1735 321 1800; x_wconf 91' lang='lat' dir='ltr'><strong>nomine</strong></span> <span class='ocrx_word' id='word_1_209' title='bbox 354 1733 397 1800; x_wconf 88' lang='lat' dir='ltr'><strong>ed</strong></span> <span class='ocrx_word' id='word_1_210' title='bbox 427 1734 574 1800; x_wconf 90' lang='lat' dir='ltr'><strong>studium</strong></span> <span class='ocrx_word' id='word_1_211' title='bbox 606 1733 796 1802; x_wconf 89' lang='lat' dir='ltr'><strong>concordiae</strong></span> <span class='ocrx_word' id='word_1_212' title='bbox 824 1742 858 1800; x_wconf 90' lang='lat' dir='ltr'><strong>et</strong></span> <span class='ocrx_word' id='word_1_213' title='bbox 889 1734 1164 1801; x_wconf 80' lang='lat' dir='ltr'><strong>reconciliationis</strong></span> <span class='ocrx_word' id='word_1_214' title='bbox 1216 1742 1304 1800; x_wconf 89' lang='lat' dir='ltr'><strong>certe</strong></span> <span class='ocrx_word' id='word_1_215' title='bbox 1330 1756 1448 1816; x_wconf 90' lang='lat' dir='ltr'><strong>parum</strong></span> <span class='ocrx_word' id='word_1_216' title='bbox 1476 1735 1567 1800; x_wconf 90' lang='lat' dir='ltr'><strong>abest</strong></span> <span class='ocrx_word' id='word_1_217' title='bbox 1594 1756 1614 1800; x_wconf 91' lang='lat' dir='ltr'><strong>a</strong></span> <span class='ocrx_word' id='word_1_218' title='bbox 1641 1734 1811 1800; x_wconf 83' lang='lat' dir='ltr'><strong>manifesto</strong></span> <span class='ocrx_word' id='word_1_219' title='bbox 1837 1734 1988 1802; x_wconf 88' lang='lat' dir='ltr'><strong>ludibrio.</strong></span> <span class='ocrx_word' id='word_1_220' title='bbox 2043 1736 2130 1802; x_wconf 85' lang='lat' dir='ltr'><strong>Nem</strong></span> <span class='ocrx_word' id='word_1_221' title='bbox 2158 1745 2193 1801; x_wconf 89' lang='lat' dir='ltr'><strong>et</strong></span> 
     </span>
     <span class='ocr_line' id='line_1_17' title="bbox 188 1820 2192 1904; baseline -0 -17"><span class='ocrx_word' id='word_1_222' title='bbox 188 1843 261 1888; x_wconf 90' lang='lat' dir='ltr'><strong>cum</strong></span> <span class='ocrx_word' id='word_1_223' title='bbox 289 1820 427 1887; x_wconf 91' lang='lat' dir='ltr'><strong>ecelesia</strong></span> <span class='ocrx_word' id='word_1_224' title='bbox 454 1821 648 1886; x_wconf 87' lang='lat' dir='ltr'><strong>hortaretur.</strong></span> <span class='ocrx_word' id='word_1_225' title='bbox 697 1822 781 1886; x_wconf 83' lang='lat' dir='ltr'><strong>Erat</strong></span> <span class='ocrx_word' id='word_1_226' title='bbox 809 1827 919 1886; x_wconf 88' lang='lat' dir='ltr'><strong>eutem</strong></span> <span class='ocrx_word' id='word_1_227' title='bbox 947 1820 997 1885; x_wconf 93' lang='lat' dir='ltr'><strong>illi</strong></span> <span class='ocrx_word' id='word_1_228' title='bbox 1018 1821 1165 1904; x_wconf 88' lang='lat' dir='ltr'><strong>apposite</strong></span> <span class='ocrx_word' id='word_1_229' title='bbox 1216 1828 1374 1903; x_wconf 89' lang='lat' dir='ltr'><strong>tanquam</strong></span> <span class='ocrx_word' id='word_1_230' title='bbox 1395 1820 1523 1886; x_wconf 90' lang='lat' dir='ltr'><strong>homini</strong></span> <span class='ocrx_word' id='word_1_231' title='bbox 1531 1821 1576 1903; x_wconf 88' lang='lat'><strong>²⁴)</strong></span> <span class='ocrx_word' id='word_1_232' title='bbox 1598 1821 1728 1903; x_wconf 83' lang='lat' dir='ltr'><strong>privato</strong></span> <span class='ocrx_word' id='word_1_233' title='bbox 1750 1841 1943 1904; x_wconf 90' lang='lat' dir='ltr'><strong>responsum</strong></span> <span class='ocrx_word' id='word_1_234' title='bbox 1961 1829 2021 1900; x_wconf 92' lang='lat' dir='ltr'><strong>est,</strong></span> <span class='ocrx_word' id='word_1_235' title='bbox 2043 1830 2077 1887; x_wconf 93' lang='lat' dir='ltr'><strong>et</strong></span> <span class='ocrx_word' id='word_1_236' title='bbox 2093 1821 2192 1888; x_wconf 91' lang='lat' dir='ltr'><strong>silen-</strong></span> 
     </span>
     <span class='ocr_line' id='line_1_18' title="bbox 188 1905 2190 1991; baseline -0.001 -18"><span class='ocrx_word' id='word_1_237' title='bbox 188 1907 267 1974; x_wconf 90' lang='lat' dir='ltr'><strong>sella</strong></span> <span class='ocrx_word' id='word_1_238' title='bbox 289 1928 308 1972; x_wconf 92' lang='lat' dir='ltr'><strong>e</strong></span> <span class='ocrx_word' id='word_1_239' title='bbox 330 1907 464 1991; x_wconf 81' lang='lat' dir='ltr'><strong>regione</strong></span> <span class='ocrx_word' id='word_1_240' title='bbox 488 1906 660 1980; x_wconf 68' lang='lat' dir='ltr'><strong>Graecani,</strong></span> <span class='ocrx_word' id='word_1_241' title='bbox 683 1908 737 1990; x_wconf 91' lang='lat' dir='ltr'><strong>qui</strong></span> <span class='ocrx_word' id='word_1_242' title='bbox 758 1907 795 1971; x_wconf 93' lang='lat' dir='ltr'><strong>in</strong></span> <span class='ocrx_word' id='word_1_243' title='bbox 817 1907 983 1989; x_wconf 89' lang='lat' dir='ltr'><strong>superiore</strong></span> <span class='ocrx_word' id='word_1_244' title='bbox 1000 1906 1070 1971; x_wconf 94' lang='lat' dir='ltr'><strong>loco</strong></span> <span class='ocrx_word' id='word_1_245' title='bbox 1089 1927 1164 1972; x_wconf 91' lang='lat' dir='ltr'><strong>cum</strong></span> <span class='ocrx_word' id='word_1_246' title='bbox 1217 1906 1299 1970; x_wconf 75' lang='lat' dir='ltr'><strong>dum</strong></span> <span class='ocrx_word' id='word_1_247' title='bbox 1332 1905 1372 1970; x_wconf 93' lang='lat' dir='ltr'><strong>de</strong></span> <span class='ocrx_word' id='word_1_248' title='bbox 1405 1907 1558 1989; x_wconf 88' lang='lat' dir='ltr'><strong>pontifice</strong></span> <span class='ocrx_word' id='word_1_249' title='bbox 1590 1906 1726 1970; x_wconf 89' lang='lat' dir='ltr'><strong>notabili</strong></span> <span class='ocrx_word' id='word_1_250' title='bbox 1759 1915 1946 1989; x_wconf 90' lang='lat' dir='ltr'><strong>contemptu</strong></span> <span class='ocrx_word' id='word_1_251' title='bbox 1977 1929 2044 1972; x_wconf 93' lang='lat' dir='ltr'><strong>non</strong></span> <span class='ocrx_word' id='word_1_252' title='bbox 2076 1908 2190 1974; x_wconf 90' lang='lat' dir='ltr'><strong>caruit.</strong></span> 
     </span>
     <span class='ocr_line' id='line_1_19' title="bbox 189 1989 2191 2076; baseline 0 -19"><span class='ocrx_word' id='word_1_253' title='bbox 189 1993 367 2058; x_wconf 88' lang='lat' dir='ltr'><strong>electorum</strong></span> <span class='ocrx_word' id='word_1_254' title='bbox 405 1990 521 2076; x_wconf 79' lang='lat' dir='ltr'><strong>legatis</strong></span> <span class='ocrx_word' id='word_1_255' title='bbox 559 1992 701 2058; x_wconf 78' lang='lat' dir='ltr'><strong>sedebat.</strong></span> <span class='ocrx_word' id='word_1_256' title='bbox 762 1993 927 2058; x_wconf 85' lang='lat' dir='ltr'><strong>Processit</strong></span> <span class='ocrx_word' id='word_1_257' title='bbox 965 1999 1077 2056; x_wconf 91' lang='lat' dir='ltr'><strong>tamen</strong></span> <span class='ocrx_word' id='word_1_258' title='bbox 1115 1991 1165 2056; x_wconf 93' lang='lat' dir='ltr'><strong>illi</strong></span> <span class='ocrx_word' id='word_1_259' title='bbox 1216 1989 1255 2056; x_wconf 81' lang='lat' dir='ltr'><strong>si</strong></span> <span class='ocrx_word' id='word_1_260' title='bbox 1277 1990 1353 2074; x_wconf 91' lang='lat' dir='ltr'><strong>quid</strong></span> <span class='ocrx_word' id='word_1_261' title='bbox 1376 1993 1523 2076; x_wconf 85' lang='lat' dir='ltr'><strong>asperius</strong></span> <span class='ocrx_word' id='word_1_262' title='bbox 1545 2012 1565 2056; x_wconf 93' lang='lat' dir='ltr'><strong>a</strong></span> <span class='ocrx_word' id='word_1_263' title='bbox 1586 1992 1681 2058; x_wconf 92' lang='lat' dir='ltr'><strong>nobis</strong></span> <span class='ocrx_word' id='word_1_264' title='bbox 1703 1989 1827 2058; x_wconf 90' lang='lat' dir='ltr'><strong>dictum</strong></span> <span class='ocrx_word' id='word_1_265' title='bbox 1849 2001 1948 2072; x_wconf 89' lang='lat' dir='ltr'><strong>esset,</strong></span> <span class='ocrx_word' id='word_1_266' title='bbox 1975 2014 2042 2058; x_wconf 92' lang='lat' dir='ltr'><strong>non</strong></span> <span class='ocrx_word' id='word_1_267' title='bbox 2068 2014 2191 2059; x_wconf 88' lang='lat' dir='ltr'><strong>novum</strong></span> 
     </span>
     <span class='ocr_line' id='line_1_20' title="bbox 193 2077 2191 2162; baseline 0.001 -19"><span class='ocrx_word' id='word_1_268' title='bbox 193 2077 379 2144; x_wconf 80' lang='lat' dir='ltr'><strong>Gronocllus</strong></span> <span class='ocrx_word' id='word_1_269' title='bbox 407 2085 549 2160; x_wconf 89' lang='lat' dir='ltr'><strong>quatuor</strong></span> <span class='ocrx_word' id='word_1_270' title='bbox 575 2087 633 2142; x_wconf 89' lang='lat' dir='ltr'><strong>ent</strong></span> <span class='ocrx_word' id='word_1_271' title='bbox 665 2077 809 2162; x_wconf 90' lang='lat' dir='ltr'><strong>quinque</strong></span> <span class='ocrx_word' id='word_1_272' title='bbox 840 2078 991 2160; x_wconf 91' lang='lat' dir='ltr'><strong>passibus</strong></span> <span class='ocrx_word' id='word_1_273' title='bbox 1023 2077 1164 2156; x_wconf 85' lang='lat' dir='ltr'><strong>obviem,</strong></span> <span class='ocrx_word' id='word_1_274' title='bbox 1216 2085 1304 2142; x_wconf 90' lang='lat' dir='ltr'><strong>esset</strong></span> <span class='ocrx_word' id='word_1_275' title='bbox 1331 2099 1351 2144; x_wconf 88' lang='lat' dir='ltr'><strong>a</strong></span> <span class='ocrx_word' id='word_1_276' title='bbox 1379 2086 1447 2142; x_wconf 88' lang='lat' dir='ltr'><strong>tam</strong></span> <span class='ocrx_word' id='word_1_277' title='bbox 1481 2077 1727 2144; x_wconf 77' lang='lat' dir='ltr'><strong>contumacibus</strong></span> <span class='ocrx_word' id='word_1_278' title='bbox 1759 2077 1989 2161; x_wconf 88' lang='lat' dir='ltr'><strong>indomitisque</strong></span> <span class='ocrx_word' id='word_1_279' title='bbox 2022 2078 2191 2161; x_wconf 89' lang='lat' dir='ltr'><strong>capitibus.</strong></span> 
     </span>
     <span class='ocr_line' id='line_1_21' title="bbox 189 2159 2191 2248; baseline 0 -20"><span class='ocrx_word' id='word_1_280' title='bbox 189 2185 230 2229; x_wconf 91' lang='lat' dir='ltr'><strong>ne</strong></span> <span class='ocrx_word' id='word_1_281' title='bbox 253 2171 403 2230; x_wconf 89' lang='lat' dir='ltr'><strong>sanctam</strong></span> <span class='ocrx_word' id='word_1_282' title='bbox 421 2161 533 2229; x_wconf 90' lang='lat' dir='ltr'><strong>sedem</strong></span> <span class='ocrx_word' id='word_1_283' title='bbox 555 2163 765 2248; x_wconf 89' lang='lat' dir='ltr'><strong>apostolicam</strong></span> <span class='ocrx_word' id='word_1_284' title='bbox 794 2185 930 2246; x_wconf 89' lang='lat' dir='ltr'><strong>prorsus</strong></span> <span class='ocrx_word' id='word_1_285' title='bbox 956 2171 1164 2230; x_wconf 88' lang='lat' dir='ltr'><strong>contemnere</strong></span> <span class='ocrx_word' id='word_1_286' title='bbox 1219 2159 1383 2228; x_wconf 80' lang='lat' dir='ltr'><strong>Gaesarem</strong></span> <span class='ocrx_word' id='word_1_287' title='bbox 1417 2184 1494 2228; x_wconf 85' lang='lat' dir='ltr'><strong>vero</strong></span> <span class='ocrx_word' id='word_1_288' title='bbox 1528 2171 1562 2228; x_wconf 91' lang='lat' dir='ltr'><strong>et</strong></span> <span class='ocrx_word' id='word_1_289' title='bbox 1594 2173 1697 2228; x_wconf 89' lang='lat' dir='ltr'><strong>tetam</strong></span> <span class='ocrx_word' id='word_1_290' title='bbox 1733 2163 1877 2228; x_wconf 91' lang='lat' dir='ltr'><strong>filiorum</strong></span> <span class='ocrx_word' id='word_1_291' title='bbox 1914 2165 1984 2229; x_wconf 91' lang='lat' dir='ltr'><strong>eius</strong></span> <span class='ocrx_word' id='word_1_292' title='bbox 2025 2173 2191 2231; x_wconf 86' lang='lat' dir='ltr'><strong>catervam</strong></span> 
     </span>
     <span class='ocr_line' id='line_1_22' title="bbox 189 2247 2190 2334; baseline 0 -20"><span class='ocrx_word' id='word_1_293' title='bbox 189 2249 364 2314; x_wconf 82' lang='lat' dir='ltr'><strong>rideretur.</strong></span> <span class='ocrx_word' id='word_1_294' title='bbox 405 2247 599 2314; x_wconf 89' lang='lat' dir='ltr'><strong>Orationem</strong></span> <span class='ocrx_word' id='word_1_295' title='bbox 621 2249 737 2315; x_wconf 88' lang='lat' dir='ltr'><strong>habuit</strong></span> <span class='ocrx_word' id='word_1_296' title='bbox 758 2249 972 2332; x_wconf 90' lang='lat' dir='ltr'><strong>compositam</strong></span> <span class='ocrx_word' id='word_1_297' title='bbox 991 2271 1031 2314; x_wconf 89' lang='lat' dir='ltr'><strong>ex</strong></span> <span class='ocrx_word' id='word_1_298' title='bbox 1050 2249 1164 2334; x_wconf 85' lang='lat' dir='ltr'><strong>elogiis</strong></span> <span class='ocrx_word' id='word_1_299' title='bbox 1216 2255 1344 2312; x_wconf 87' lang='lat' dir='ltr'><strong>tantum</strong></span> <span class='ocrx_word' id='word_1_300' title='bbox 1368 2249 1462 2314; x_wconf 93' lang='lat' dir='ltr'><strong>nobis</strong></span> <span class='ocrx_word' id='word_1_301' title='bbox 1483 2247 1562 2314; x_wconf 90' lang='lat' dir='ltr'><strong>dere</strong></span> <span class='ocrx_word' id='word_1_302' title='bbox 1589 2261 1627 2314; x_wconf 90' lang='lat' dir='ltr'><strong>ut</strong></span> <span class='ocrx_word' id='word_1_303' title='bbox 1655 2249 1758 2332; x_wconf 89' lang='lat' dir='ltr'><strong>ipsius</strong></span> <span class='ocrx_word' id='word_1_304' title='bbox 1785 2249 1974 2315; x_wconf 86' lang='lat' dir='ltr'><strong>meminisse</strong></span> <span class='ocrx_word' id='word_1_305' title='bbox 1995 2271 2062 2314; x_wconf 92' lang='lat' dir='ltr'><strong>non</strong></span> <span class='ocrx_word' id='word_1_306' title='bbox 2083 2249 2190 2329; x_wconf 89' lang='lat' dir='ltr'><strong>liceat,</strong></span> 
     </span>
     <span class='ocr_line' id='line_1_23' title="bbox 190 2333 2191 2418; baseline 0 -18"><span class='ocrx_word' id='word_1_307' title='bbox 190 2336 349 2413; x_wconf 89' lang='lat' dir='ltr'><strong>caritatis,</strong></span> <span class='ocrx_word' id='word_1_308' title='bbox 379 2333 603 2418; x_wconf 83' lang='lat' dir='ltr'><strong>deploratione</strong></span> <span class='ocrx_word' id='word_1_309' title='bbox 630 2337 852 2418; x_wconf 89' lang='lat' dir='ltr'><strong>praesentium</strong></span> <span class='ocrx_word' id='word_1_310' title='bbox 875 2343 1075 2416; x_wconf 88' lang='lat' dir='ltr'><strong>temporum,</strong></span> <span class='ocrx_word' id='word_1_311' title='bbox 1105 2356 1163 2399; x_wconf 83' lang='lat' dir='ltr'><strong>ex·</strong></span> <span class='ocrx_word' id='word_1_312' title='bbox 1216 2333 1249 2398; x_wconf 93' lang='lat' dir='ltr'><strong>id</strong></span> <span class='ocrx_word' id='word_1_313' title='bbox 1279 2353 1358 2398; x_wconf 89' lang='lat' dir='ltr'><strong>vero</strong></span> <span class='ocrx_word' id='word_1_314' title='bbox 1386 2335 1456 2400; x_wconf 90' lang='lat' dir='ltr'><strong>eius</strong></span> <span class='ocrx_word' id='word_1_315' title='bbox 1483 2335 1688 2400; x_wconf 90' lang='lat' dir='ltr'><strong>maiestatem</strong></span> <span class='ocrx_word' id='word_1_316' title='bbox 1710 2356 1776 2400; x_wconf 94' lang='lat' dir='ltr'><strong>non</strong></span> <span class='ocrx_word' id='word_1_317' title='bbox 1798 2355 1915 2418; x_wconf 91' lang='lat' dir='ltr'><strong>perum</strong></span> <span class='ocrx_word' id='word_1_318' title='bbox 1940 2335 2114 2400; x_wconf 87' lang='lat' dir='ltr'><strong>imminuit.</strong></span> <span class='ocrx_word' id='word_1_319' title='bbox 2158 2337 2191 2400; x_wconf 91' lang='lat' dir='ltr'><strong>A</strong></span> 
     </span>
     <span class='ocr_line' id='line_1_24' title="bbox 188 2418 2191 2504; baseline 0 -18"><span class='ocrx_word' id='word_1_320' title='bbox 188 2421 370 2486; x_wconf 86' lang='lat' dir='ltr'><strong>hortatione</strong></span> <span class='ocrx_word' id='word_1_321' title='bbox 403 2419 444 2485; x_wconf 92' lang='lat' dir='ltr'><strong>ad</strong></span> <span class='ocrx_word' id='word_1_322' title='bbox 478 2418 624 2486; x_wconf 89' lang='lat' dir='ltr'><strong>tollenda</strong></span> <span class='ocrx_word' id='word_1_323' title='bbox 656 2421 799 2488; x_wconf 87' lang='lat' dir='ltr'><strong>dissidia.</strong></span> <span class='ocrx_word' id='word_1_324' title='bbox 855 2419 957 2486; x_wconf 86' lang='lat' dir='ltr'><strong>Cuius</strong></span> <span class='ocrx_word' id='word_1_325' title='bbox 996 2419 1164 2504; x_wconf 81' lang='lat' dir='ltr'><strong>exemplar</strong></span> <span class='ocrx_word' id='word_1_326' title='bbox 1215 2419 1354 2502; x_wconf 90' lang='lat' dir='ltr'><strong>prandio</strong></span> <span class='ocrx_word' id='word_1_327' title='bbox 1376 2419 1557 2485; x_wconf 85' lang='lat' dir='ltr'><strong>adversarii</strong></span> <span class='ocrx_word' id='word_1_328' title='bbox 1580 2421 1684 2485; x_wconf 91' lang='lat' dir='ltr'><strong>nostri</strong></span> <span class='ocrx_word' id='word_1_329' title='bbox 1706 2421 1794 2486; x_wconf 89' lang='lat' dir='ltr'><strong>inter</strong></span> <span class='ocrx_word' id='word_1_330' title='bbox 1814 2441 1849 2485; x_wconf 88' lang='lat' dir='ltr'><strong>se</strong></span> <span class='ocrx_word' id='word_1_331' title='bbox 1871 2419 2102 2498; x_wconf 89' lang='lat' dir='ltr'><strong>deliberarunt,</strong></span> <span class='ocrx_word' id='word_1_332' title='bbox 2127 2441 2191 2504; x_wconf 92' lang='lat' dir='ltr'><strong>quo</strong></span> 
     </span>
     <span class='ocr_line' id='line_1_25' title="bbox 189 2503 2192 2588; baseline -0 -17"><span class='ocrx_word' id='word_1_333' title='bbox 189 2505 246 2571; x_wconf 92' lang='lat' dir='ltr'><strong>tibi</strong></span> <span class='ocrx_word' id='word_1_334' title='bbox 268 2508 372 2572; x_wconf 90' lang='lat' dir='ltr'><strong>mitto.</strong></span> <span class='ocrx_word' id='word_1_335' title='bbox 416 2503 529 2588; x_wconf 80' lang='lat' dir='ltr'><strong>Quum</strong></span> <span class='ocrx_word' id='word_1_336' title='bbox 561 2508 661 2572; x_wconf 91' lang='lat' dir='ltr'><strong>finem</strong></span> <span class='ocrx_word' id='word_1_337' title='bbox 690 2505 820 2572; x_wconf 90' lang='lat' dir='ltr'><strong>dicendi</strong></span> <span class='ocrx_word' id='word_1_338' title='bbox 840 2507 978 2584; x_wconf 88' lang='lat' dir='ltr'><strong>fecisset,</strong></span> <span class='ocrx_word' id='word_1_339' title='bbox 1008 2505 1164 2572; x_wconf 90' lang='lat' dir='ltr'><strong>secedunt</strong></span> <span class='ocrx_word' id='word_1_340' title='bbox 1214 2506 1358 2588; x_wconf 89' lang='lat' dir='ltr'><strong>primum</strong></span> <span class='ocrx_word' id='word_1_341' title='bbox 1379 2506 1570 2582; x_wconf 75' lang='lat' dir='ltr'><strong>vulnere²⁶)</strong></span> <span class='ocrx_word' id='word_1_342' title='bbox 1592 2505 1749 2572; x_wconf 88' lang='lat' dir='ltr'><strong>deberent</strong></span> <span class='ocrx_word' id='word_1_343' title='bbox 1769 2527 1830 2570; x_wconf 92' lang='lat' dir='ltr'><strong>nos</strong></span> <span class='ocrx_word' id='word_1_344' title='bbox 1851 2507 2017 2573; x_wconf 89' lang='lat' dir='ltr'><strong>conficere.</strong></span> <span class='ocrx_word' id='word_1_345' title='bbox 2061 2505 2192 2572; x_wconf 86' lang='lat' dir='ltr'><strong>Placuit</strong></span> 
     </span>
     <span class='ocr_line' id='line_1_26' title="bbox 188 2589 2281 2677; baseline -0 -19"><span class='ocrx_word' id='word_1_346' title='bbox 188 2614 246 2658; x_wconf 90' lang='lat' dir='ltr'><strong>suo</strong></span> <span class='ocrx_word' id='word_1_347' title='bbox 268 2613 359 2657; x_wconf 92' lang='lat' dir='ltr'><strong>more</strong></span> <span class='ocrx_word' id='word_1_348' title='bbox 381 2591 481 2676; x_wconf 83' lang='lat' dir='ltr'><strong>legati</strong></span> <span class='ocrx_word' id='word_1_349' title='bbox 503 2591 679 2657; x_wconf 91' lang='lat' dir='ltr'><strong>electorum</strong></span> <span class='ocrx_word' id='word_1_350' title='bbox 701 2591 743 2657; x_wconf 89' lang='lat' dir='ltr'><strong>ad</strong></span> <span class='ocrx_word' id='word_1_351' title='bbox 765 2591 1041 2657; x_wconf 86' lang='lat' dir='ltr'><strong>deliberationem.</strong></span> <span class='ocrx_word' id='word_1_352' title='bbox 1080 2591 1165 2656; x_wconf 86' lang='lat' dir='ltr'><strong>Erat</strong></span> <span class='ocrx_word' id='word_1_353' title='bbox 1216 2590 1330 2656; x_wconf 91' lang='lat' dir='ltr'><strong>ordine</strong></span> <span class='ocrx_word' id='word_1_354' title='bbox 1358 2599 1513 2656; x_wconf 86' lang='lat' dir='ltr'><strong>excutere</strong></span> <span class='ocrx_word' id='word_1_355' title='bbox 1540 2597 1644 2656; x_wconf 86' lang='lat' dir='ltr'><strong>totam</strong></span> <span class='ocrx_word' id='word_1_356' title='bbox 1671 2591 1915 2658; x_wconf 84' lang='lat' dir='ltr'><strong>consessionem.</strong></span> <span class='ocrx_word' id='word_1_357' title='bbox 1960 2592 2002 2657; x_wconf 82' lang='lat' dir='ltr'><strong>ln</strong></span> <span class='ocrx_word' id='word_1_358' title='bbox 2028 2592 2136 2677; x_wconf 91' lang='lat' dir='ltr'><strong>primo</strong></span> <span class='ocrx_word' id='word_1_359' title='bbox 2145 2589 2190 2676; x_wconf 77' lang='lat'><strong>²⁶)</strong></span> <span class='ocrx_word' id='word_1_360' title='bbox 2277 2665 2281 2673; x_wconf 34' lang='lat'><strong><em>¹</em></strong></span> 
     </span>
     <span class='ocr_line' id='line_1_27' title="bbox 188 2675 2190 2762; baseline -0 -19"><span class='ocrx_word' id='word_1_361' title='bbox 188 2679 274 2743; x_wconf 89' lang='lat' dir='ltr'><strong>enim</strong></span> <span class='ocrx_word' id='word_1_362' title='bbox 294 2679 401 2743; x_wconf 82' lang='lat' dir='ltr'><strong>forme</strong></span> <span class='ocrx_word' id='word_1_363' title='bbox 422 2684 604 2744; x_wconf 85' lang='lat' dir='ltr'><strong>conventus</strong></span> <span class='ocrx_word' id='word_1_364' title='bbox 625 2678 813 2760; x_wconf 86' lang='lat' dir='ltr'><strong>imperialis.</strong></span> <span class='ocrx_word' id='word_1_365' title='bbox 847 2677 972 2744; x_wconf 91' lang='lat' dir='ltr'><strong>Petunt</strong></span> <span class='ocrx_word' id='word_1_366' title='bbox 983 2675 1163 2743; x_wconf 85' lang='lat' dir='ltr'><strong>adversarii</strong></span> <span class='ocrx_word' id='word_1_367' title='bbox 1215 2676 1353 2742; x_wconf 89' lang='lat' dir='ltr'><strong>articulo</strong></span> <span class='ocrx_word' id='word_1_368' title='bbox 1379 2685 1608 2757; x_wconf 82' lang='lat' dir='ltr'><strong>controverso,</strong></span> <span class='ocrx_word' id='word_1_369' title='bbox 1637 2677 1694 2760; x_wconf 93' lang='lat' dir='ltr'><strong>qui</strong></span> <span class='ocrx_word' id='word_1_370' title='bbox 1722 2686 1773 2743; x_wconf 93' lang='grc' dir='ltr'><strong>εει</strong></span> <span class='ocrx_word' id='word_1_371' title='bbox 1799 2677 1839 2742; x_wconf 93' lang='lat' dir='ltr'><strong>de</strong></span> <span class='ocrx_word' id='word_1_372' title='bbox 1863 2678 2016 2762; x_wconf 77' lang='lat' dir='ltr'><strong>originali</strong></span> <span class='ocrx_word' id='word_1_373' title='bbox 2049 2685 2190 2760; x_wconf 83' lang='lat' dir='ltr'><strong>peccato,</strong></span> 
     </span>
     <span class='ocr_line' id='line_1_28' title="bbox 187 2761 2190 2846; baseline 0 -18"><span class='ocrx_word' id='word_1_374' title='bbox 187 2772 225 2828; x_wconf 90' lang='lat' dir='ltr'><strong>ut</strong></span> <span class='ocrx_word' id='word_1_375' title='bbox 251 2765 486 2830; x_wconf 88' lang='lat' dir='ltr'><strong>incommune</strong></span> <span class='ocrx_word' id='word_1_376' title='bbox 513 2763 757 2846; x_wconf 89' lang='lat' dir='ltr'><strong>respondeatur.</strong></span> <span class='ocrx_word' id='word_1_377' title='bbox 811 2761 906 2842; x_wconf 75' lang='lat' dir='ltr'><strong>seeo,</strong></span> <span class='ocrx_word' id='word_1_378' title='bbox 921 2763 963 2846; x_wconf 78' lang='grc'><strong>18)</strong></span> <span class='ocrx_word' id='word_1_379' title='bbox 991 2763 1048 2846; x_wconf 93' lang='lat' dir='ltr'><strong>qui</strong></span> <span class='ocrx_word' id='word_1_380' title='bbox 1077 2782 1163 2828; x_wconf 91' lang='lat' dir='ltr'><strong>unus</strong></span> <span class='ocrx_word' id='word_1_381' title='bbox 1215 2782 1315 2844; x_wconf 89' lang='lat' dir='ltr'><strong>quum</strong></span> <span class='ocrx_word' id='word_1_382' title='bbox 1337 2761 1472 2827; x_wconf 89' lang='lat' dir='ltr'><strong>biduum</strong></span> <span class='ocrx_word' id='word_1_383' title='bbox 1498 2762 1757 2846; x_wconf 83' lang='lat' dir='ltr'><strong>depugnassent,</strong></span> <span class='ocrx_word' id='word_1_384' title='bbox 1786 2765 2000 2830; x_wconf 88' lang='lat' dir='ltr'><strong>secessionem</strong></span> <span class='ocrx_word' id='word_1_385' title='bbox 2028 2763 2190 2830; x_wconf 83' lang='lat' dir='ltr'><strong>fecerunt:</strong></span> 
     </span>
     <span class='ocr_line' id='line_1_29' title="bbox 188 2847 2191 2932; baseline 0 -18"><span class='ocrx_word' id='word_1_386' title='bbox 188 2857 237 2914; x_wconf 90' lang='lat' dir='ltr'><strong>est</strong></span> <span class='ocrx_word' id='word_1_387' title='bbox 257 2871 300 2914; x_wconf 84' lang='lat' dir='ltr'><strong>cx</strong></span> <span class='ocrx_word' id='word_1_388' title='bbox 317 2849 593 2932; x_wconf 87' lang='lat' dir='ltr'><strong>professonoster‚</strong></span> <span class='ocrx_word' id='word_1_389' title='bbox 616 2849 793 2914; x_wconf 84' lang='lat' dir='ltr'><strong>reclamare</strong></span> <span class='ocrx_word' id='word_1_390' title='bbox 810 2858 844 2914; x_wconf 91' lang='lat' dir='ltr'><strong>et</strong></span> <span class='ocrx_word' id='word_1_391' title='bbox 861 2848 964 2914; x_wconf 90' lang='lat' dir='ltr'><strong>firmis</strong></span> <span class='ocrx_word' id='word_1_392' title='bbox 981 2847 1162 2913; x_wconf 91' lang='lat' dir='ltr'><strong>rationibus</strong></span> <span class='ocrx_word' id='word_1_393' title='bbox 1214 2867 1273 2912; x_wconf 84' lang='lat' dir='ltr'><strong>sex</strong></span> <span class='ocrx_word' id='word_1_394' title='bbox 1294 2857 1490 2930; x_wconf 88' lang='lat' dir='ltr'><strong>receperunt</strong></span> <span class='ocrx_word' id='word_1_395' title='bbox 1511 2858 1659 2914; x_wconf 89' lang='lat' dir='ltr'><strong>nostram</strong></span> <span class='ocrx_word' id='word_1_396' title='bbox 1687 2849 1940 2928; x_wconf 79' lang='lat' dir='ltr'><strong>contessionem,</strong></span> <span class='ocrx_word' id='word_1_397' title='bbox 1968 2849 2111 2932; x_wconf 91' lang='lat' dir='ltr'><strong>quinque</strong></span> <span class='ocrx_word' id='word_1_398' title='bbox 2139 2869 2191 2914; x_wconf 90' lang='lat' dir='ltr'><strong>re-</strong></span> 
     </span>
     <span class='ocr_line' id='line_1_30' title="bbox 188 2931 2190 3086; baseline -0.001 -84"><span class='ocrx_word' id='word_1_399' title='bbox 188 2933 366 3014; x_wconf 87' lang='lat' dir='ltr'><strong>ostendere,</strong></span> <span class='ocrx_word' id='word_1_400' title='bbox 380 2933 427 3086; x_wconf 56' lang='grc' dir='ltr'><strong>]θί</strong></span> <span class='ocrx_word' id='word_1_401' title='bbox 461 2933 554 3000; x_wconf 92' lang='lat' dir='ltr'><strong>nobis</strong></span> <span class='ocrx_word' id='word_1_402' title='bbox 593 2954 664 3001; x_wconf 90' lang='lat' dir='ltr'><strong>esse</strong></span> <span class='ocrx_word' id='word_1_403' title='bbox 701 2955 848 3000; x_wconf 89' lang='lat' dir='ltr'><strong>seorsum</strong></span> <span class='ocrx_word' id='word_1_404' title='bbox 886 2931 1160 3016; x_wconf 91' lang='lat' dir='ltr'><strong>respondendum.</strong></span> <span class='ocrx_word' id='word_1_405' title='bbox 1214 2931 1404 2997; x_wconf 79' lang='lat' dir='ltr'><strong>clamarunt.</strong></span> <span class='ocrx_word' id='word_1_406' title='bbox 1438 2931 1481 2996; x_wconf 91' lang='lat' dir='ltr'><strong>In</strong></span> <span class='ocrx_word' id='word_1_407' title='bbox 1502 2933 1619 3016; x_wconf 92' lang='lat' dir='ltr'><strong>quibus</strong></span> <span class='ocrx_word' id='word_1_408' title='bbox 1641 2943 1712 2999; x_wconf 89' lang='lat' dir='ltr'><strong>eret</strong></span> <span class='ocrx_word' id='word_1_409' title='bbox 1733 2933 1879 3000; x_wconf 89' lang='lat' dir='ltr'><strong>Achilles</strong></span> <span class='ocrx_word' id='word_1_410' title='bbox 1900 2935 1970 3018; x_wconf 90' lang='lat' dir='ltr'><strong>ipse</strong></span> <span class='ocrx_word' id='word_1_411' title='bbox 1987 2933 2124 3000; x_wconf 76' lang='lat' dir='ltr'><strong>Eccbias</strong></span> <span class='ocrx_word' id='word_1_412' title='bbox 2134 2935 2190 3020; x_wconf 82' lang='lat'><strong>²⁷).</strong></span> 
     </span>
     <span class='ocr_line' id='line_1_31' title="bbox 187 3016 2192 3104; baseline 0 -18"><span class='ocrx_word' id='word_1_413' title='bbox 187 3021 253 3086; x_wconf 91' lang='lat' dir='ltr'><strong>Nos</strong></span> <span class='ocrx_word' id='word_1_414' title='bbox 275 3021 365 3086; x_wconf 89' lang='lat' dir='ltr'><strong>enim</strong></span> <span class='ocrx_word' id='word_1_415' title='bbox 387 3041 406 3086; x_wconf 94' lang='lat' dir='ltr'><strong>o</strong></span> <span class='ocrx_word' id='word_1_416' title='bbox 428 3019 516 3102; x_wconf 88' lang='lat' dir='ltr'><strong>lique</strong></span> <span class='ocrx_word' id='word_1_417' title='bbox 531 3019 633 3086; x_wconf 78' lang='lat' dir='ltr'><strong>firisse</strong></span> <span class='ocrx_word' id='word_1_418' title='bbox 643 3021 842 3104; x_wconf 88' lang='lat' dir='ltr'><strong>perstrictos,</strong></span> <span class='ocrx_word' id='word_1_419' title='bbox 860 3019 997 3102; x_wconf 91' lang='lat' dir='ltr'><strong>ideoque</strong></span> <span class='ocrx_word' id='word_1_420' title='bbox 1007 3019 1162 3103; x_wconf 86' lang='lat' dir='ltr'><strong>privatim</strong></span> <span class='ocrx_word' id='word_1_421' title='bbox 1214 3017 1325 3082; x_wconf 73' lang='lat' dir='ltr'><strong>Tertio</strong></span> <span class='ocrx_word' id='word_1_422' title='bbox 1346 3016 1399 3082; x_wconf 93' lang='lat' dir='ltr'><strong>die</strong></span> <span class='ocrx_word' id='word_1_423' title='bbox 1419 3017 1595 3082; x_wconf 80' lang='lat' dir='ltr'><strong>formulam</strong></span> <span class='ocrx_word' id='word_1_424' title='bbox 1616 3020 1726 3086; x_wconf 92' lang='lat' dir='ltr'><strong>nescio</strong></span> <span class='ocrx_word' id='word_1_425' title='bbox 1746 3041 1845 3102; x_wconf 92' lang='lat' dir='ltr'><strong>quem</strong></span> <span class='ocrx_word' id='word_1_426' title='bbox 1862 3021 2135 3104; x_wconf 90' lang='lat' dir='ltr'><strong>conscripserunt,</strong></span> <span class='ocrx_word' id='word_1_427' title='bbox 2156 3020 2192 3086; x_wconf 93' lang='lat' dir='ltr'><strong>in</strong></span> 
     </span>
     <span class='ocr_line' id='line_1_32' title="bbox 189 3103 2191 3190; baseline -0 -18"><span class='ocrx_word' id='word_1_428' title='bbox 189 3127 256 3172; x_wconf 92' lang='lat' dir='ltr'><strong>esse</strong></span> <span class='ocrx_word' id='word_1_429' title='bbox 279 3105 320 3171; x_wconf 93' lang='lat' dir='ltr'><strong>de</strong></span> <span class='ocrx_word' id='word_1_430' title='bbox 342 3105 383 3170; x_wconf 91' lang='lat' dir='ltr'><strong>iis</strong></span> <span class='ocrx_word' id='word_1_431' title='bbox 404 3127 487 3190; x_wconf 90' lang='lat' dir='ltr'><strong>quae</strong></span> <span class='ocrx_word' id='word_1_432' title='bbox 507 3104 633 3172; x_wconf 92' lang='lat' dir='ltr'><strong>obieeta</strong></span> <span class='ocrx_word' id='word_1_433' title='bbox 650 3115 745 3172; x_wconf 89' lang='lat' dir='ltr'><strong>erent</strong></span> <span class='ocrx_word' id='word_1_434' title='bbox 762 3103 1037 3185; x_wconf 87' lang='lat' dir='ltr'><strong>satisfaciendum,</strong></span> <span class='ocrx_word' id='word_1_435' title='bbox 1060 3124 1162 3187; x_wconf 91' lang='lat' dir='ltr'><strong>quum</strong></span> <span class='ocrx_word' id='word_1_436' title='bbox 1214 3124 1312 3186; x_wconf 88' lang='lat' dir='ltr'><strong>quam</strong></span> <span class='ocrx_word' id='word_1_437' title='bbox 1334 3104 1458 3186; x_wconf 88' lang='lat' dir='ltr'><strong>pariter</strong></span> <span class='ocrx_word' id='word_1_438' title='bbox 1477 3103 1707 3170; x_wconf 86' lang='lat' dir='ltr'><strong>consentirent.</strong></span> <span class='ocrx_word' id='word_1_439' title='bbox 1741 3104 1814 3170; x_wconf 91' lang='lat' dir='ltr'><strong>Illic</strong></span> <span class='ocrx_word' id='word_1_440' title='bbox 1836 3113 1944 3170; x_wconf 90' lang='lat' dir='ltr'><strong>eutem</strong></span> <span class='ocrx_word' id='word_1_441' title='bbox 1967 3126 2033 3170; x_wconf 94' lang='lat' dir='ltr'><strong>non</strong></span> <span class='ocrx_word' id='word_1_442' title='bbox 2056 3104 2191 3170; x_wconf 88' lang='lat' dir='ltr'><strong>demna-</strong></span> 
     </span>
     <span class='ocr_line' id='line_1_33' title="bbox 188 3187 2191 3276; baseline -0.001 -19"><span class='ocrx_word' id='word_1_443' title='bbox 188 3199 254 3257; x_wconf 88' lang='lat' dir='ltr'><strong>tote</strong></span> <span class='ocrx_word' id='word_1_444' title='bbox 275 3191 372 3274; x_wconf 91' lang='lat' dir='ltr'><strong>culpa</strong></span> <span class='ocrx_word' id='word_1_445' title='bbox 393 3191 430 3254; x_wconf 94' lang='lat' dir='ltr'><strong>in</strong></span> <span class='ocrx_word' id='word_1_446' title='bbox 451 3212 511 3256; x_wconf 91' lang='lat' dir='ltr'><strong>nos</strong></span> <span class='ocrx_word' id='word_1_447' title='bbox 534 3191 737 3276; x_wconf 85' lang='lat' dir='ltr'><strong>dirigeretur.</strong></span> <span class='ocrx_word' id='word_1_448' title='bbox 773 3190 902 3257; x_wconf 90' lang='lat' dir='ltr'><strong>Deinde</strong></span> <span class='ocrx_word' id='word_1_449' title='bbox 924 3212 983 3256; x_wconf 90' lang='lat' dir='ltr'><strong>nos</strong></span> <span class='ocrx_word' id='word_1_450' title='bbox 1005 3189 1073 3274; x_wconf 90' lang='lat' dir='ltr'><strong>pati</strong></span> <span class='ocrx_word' id='word_1_451' title='bbox 1095 3212 1162 3254; x_wconf 92' lang='lat' dir='ltr'><strong>non</strong></span> <span class='ocrx_word' id='word_1_452' title='bbox 1213 3189 1311 3255; x_wconf 90' lang='lat' dir='ltr'><strong>betur</strong></span> <span class='ocrx_word' id='word_1_453' title='bbox 1343 3187 1463 3274; x_wconf 80' lang='lat' dir='ltr'><strong>dogma</strong></span> <span class='ocrx_word' id='word_1_454' title='bbox 1494 3196 1658 3268; x_wconf 89' lang='lat' dir='ltr'><strong>nostrum,</strong></span> <span class='ocrx_word' id='word_1_455' title='bbox 1698 3187 1755 3254; x_wconf 87' lang='lat' dir='ltr'><strong>scd</strong></span> <span class='ocrx_word' id='word_1_456' title='bbox 1788 3187 1935 3256; x_wconf 90' lang='lat' dir='ltr'><strong>adhibita</strong></span> <span class='ocrx_word' id='word_1_457' title='bbox 1966 3190 2191 3255; x_wconf 86' lang='lat' dir='ltr'><strong>moderatione</strong></span> 
     </span>
     <span class='ocr_line' id='line_1_34' title="bbox 186 3273 2190 3362; baseline -0.002 -19"><span class='ocrx_word' id='word_1_458' title='bbox 186 3298 279 3362; x_wconf 90' lang='lat' dir='ltr'><strong>posse</strong></span> <span class='ocrx_word' id='word_1_459' title='bbox 304 3285 344 3342; x_wconf 89' lang='lat' dir='ltr'><strong>nt</strong></span> <span class='ocrx_word' id='word_1_460' title='bbox 370 3283 481 3361; x_wconf 89' lang='lat' dir='ltr'><strong>partes</strong></span> <span class='ocrx_word' id='word_1_461' title='bbox 509 3277 635 3361; x_wconf 90' lang='lat' dir='ltr'><strong>aliquas</strong></span> <span class='ocrx_word' id='word_1_462' title='bbox 659 3278 791 3343; x_wconf 91' lang='lat' dir='ltr'><strong>honoris</strong></span> <span class='ocrx_word' id='word_1_463' title='bbox 813 3277 875 3343; x_wconf 93' lang='lat' dir='ltr'><strong>sibi</strong></span> <span class='ocrx_word' id='word_1_464' title='bbox 895 3279 930 3342; x_wconf 94' lang='lat' dir='ltr'><strong>in</strong></span> <span class='ocrx_word' id='word_1_465' title='bbox 953 3297 1106 3342; x_wconf 91' lang='lat' dir='ltr'><strong>consessu</strong></span> <span class='ocrx_word' id='word_1_466' title='bbox 1115 3277 1161 3360; x_wconf 84' lang='lat'><strong>²⁰)</strong></span> <span class='ocrx_word' id='word_1_467' title='bbox 1214 3274 1437 3360; x_wconf 82' lang='lat' dir='ltr'><strong>mitigabatur.</strong></span> <span class='ocrx_word' id='word_1_468' title='bbox 1481 3273 1631 3340; x_wconf 90' lang='lat' dir='ltr'><strong>Ventum</strong></span> <span class='ocrx_word' id='word_1_469' title='bbox 1652 3282 1703 3339; x_wconf 92' lang='lat' dir='ltr'><strong>est</strong></span> <span class='ocrx_word' id='word_1_470' title='bbox 1724 3282 1838 3358; x_wconf 89' lang='lat' dir='ltr'><strong>postea</strong></span> <span class='ocrx_word' id='word_1_471' title='bbox 1859 3275 1900 3340; x_wconf 90' lang='lat' dir='ltr'><strong>ad</strong></span> <span class='ocrx_word' id='word_1_472' title='bbox 1914 3276 2190 3354; x_wconf 85' lang='lat' dir='ltr'><strong>iustificationem,</strong></span> 
     </span>
     <span class='ocr_line' id='line_1_35' title="bbox 187 3359 2191 3448; baseline -0.002 -20"><span class='ocrx_word' id='word_1_473' title='bbox 187 3363 250 3430; x_wconf 92' lang='lat' dir='ltr'><strong>hoc</strong></span> <span class='ocrx_word' id='word_1_474' title='bbox 277 3371 428 3429; x_wconf 91' lang='lat' dir='ltr'><strong>sumeret.</strong></span> <span class='ocrx_word' id='word_1_475' title='bbox 476 3363 567 3448; x_wconf 80' lang='lat' dir='ltr'><strong>Ergo</strong></span> <span class='ocrx_word' id='word_1_476' title='bbox 595 3364 831 3448; x_wconf 87' lang='lat' dir='ltr'><strong>protestatione</strong></span> <span class='ocrx_word' id='word_1_477' title='bbox 860 3363 926 3428; x_wconf 91' lang='lat' dir='ltr'><strong>iam</strong></span> <span class='ocrx_word' id='word_1_478' title='bbox 955 3362 1063 3446; x_wconf 88' lang='lat' dir='ltr'><strong>aliqua</strong></span> <span class='ocrx_word' id='word_1_479' title='bbox 1090 3383 1162 3429; x_wconf 91' lang='lat' dir='ltr'><strong>esse</strong></span> <span class='ocrx_word' id='word_1_480' title='bbox 1214 3362 1250 3426; x_wconf 91' lang='lat' dir='ltr'><strong>in</strong></span> <span class='ocrx_word' id='word_1_481' title='bbox 1272 3383 1336 3445; x_wconf 92' lang='lat' dir='ltr'><strong>que</strong></span> <span class='ocrx_word' id='word_1_482' title='bbox 1357 3362 1478 3426; x_wconf 91' lang='lat' dir='ltr'><strong>mirum</strong></span> <span class='ocrx_word' id='word_1_483' title='bbox 1500 3369 1550 3424; x_wconf 91' lang='lat' dir='ltr'><strong>est</strong></span> <span class='ocrx_word' id='word_1_484' title='bbox 1571 3380 1669 3444; x_wconf 89' lang='lat' dir='ltr'><strong>quam</strong></span> <span class='ocrx_word' id='word_1_485' title='bbox 1691 3359 1893 3425; x_wconf 90' lang='lat' dir='ltr'><strong>tumultuose</strong></span> <span class='ocrx_word' id='word_1_486' title='bbox 1915 3362 2002 3426; x_wconf 89' lang='lat' dir='ltr'><strong>inter</strong></span> <span class='ocrx_word' id='word_1_487' title='bbox 2030 3382 2065 3426; x_wconf 90' lang='lat' dir='ltr'><strong>se</strong></span> <span class='ocrx_word' id='word_1_488' title='bbox 2089 3361 2191 3425; x_wconf 78' lang='lat' dir='ltr'><strong>rixati</strong></span> 
     </span>
     <span class='ocr_line' id='line_1_36' title="bbox 189 3446 2189 3532; baseline -0.002 -18"><span class='ocrx_word' id='word_1_489' title='bbox 189 3449 250 3514; x_wconf 90' lang='lat' dir='ltr'><strong>sihi</strong></span> <span class='ocrx_word' id='word_1_490' title='bbox 272 3446 440 3527; x_wconf 88' lang='lat' dir='ltr'><strong>utendum,</strong></span> <span class='ocrx_word' id='word_1_491' title='bbox 462 3469 505 3513; x_wconf 94' lang='lat' dir='ltr'><strong>ne</strong></span> <span class='ocrx_word' id='word_1_492' title='bbox 524 3447 601 3532; x_wconf 90' lang='lat' dir='ltr'><strong>quid</strong></span> <span class='ocrx_word' id='word_1_493' title='bbox 618 3449 763 3516; x_wconf 90' lang='lat' dir='ltr'><strong>tribuere</strong></span> <span class='ocrx_word' id='word_1_494' title='bbox 774 3449 822 3513; x_wconf 91' lang='lat' dir='ltr'><strong>illi</strong></span> <span class='ocrx_word' id='word_1_495' title='bbox 835 3449 1055 3516; x_wconf 90' lang='lat' dir='ltr'><strong>crederentur.</strong></span> <span class='ocrx_word' id='word_1_496' title='bbox 1089 3449 1163 3514; x_wconf 90' lang='lat' dir='ltr'><strong>Iam</strong></span> <span class='ocrx_word' id='word_1_497' title='bbox 1203 3447 1289 3512; x_wconf 89' lang='lat' dir='ltr'><strong>sint.</strong></span> <span class='ocrx_word' id='word_1_498' title='bbox 1340 3447 1433 3514; x_wconf 87' lang='lat' dir='ltr'><strong>Haeo</strong></span> <span class='ocrx_word' id='word_1_499' title='bbox 1461 3455 1572 3512; x_wconf 90' lang='lat' dir='ltr'><strong>autem</strong></span> <span class='ocrx_word' id='word_1_500' title='bbox 1598 3453 1708 3512; x_wconf 88' lang='lat' dir='ltr'><strong>tantae</strong></span> <span class='ocrx_word' id='word_1_501' title='bbox 1735 3446 1989 3528; x_wconf 88' lang='lat' dir='ltr'><strong>perturbationis</strong></span> <span class='ocrx_word' id='word_1_502' title='bbox 2010 3455 2061 3512; x_wconf 90' lang='lat' dir='ltr'><strong>est</strong></span> <span class='ocrx_word' id='word_1_503' title='bbox 2082 3467 2189 3524; x_wconf 88' lang='lat' dir='ltr'><strong>causa,</strong></span> 
     </span>
     <span class='ocr_line' id='line_1_37' title="bbox 189 3531 2191 3619; baseline -0.001 -21"><span class='ocrx_word' id='word_1_504' title='bbox 189 3555 267 3599; x_wconf 86' lang='lat' dir='ltr'><strong>vero</strong></span> <span class='ocrx_word' id='word_1_505' title='bbox 294 3533 384 3600; x_wconf 91' lang='lat' dir='ltr'><strong>nullo</strong></span> <span class='ocrx_word' id='word_1_506' title='bbox 411 3533 507 3599; x_wconf 91' lang='lat' dir='ltr'><strong>modo</strong></span> <span class='ocrx_word' id='word_1_507' title='bbox 537 3536 676 3619; x_wconf 73' lang='lat' dir='ltr'><strong>coire21)</strong></span> <span class='ocrx_word' id='word_1_508' title='bbox 705 3557 799 3618; x_wconf 89' lang='lat' dir='ltr'><strong>posse</strong></span> <span class='ocrx_word' id='word_1_509' title='bbox 827 3533 964 3600; x_wconf 88' lang='lat' dir='ltr'><strong>duorum</strong></span> <span class='ocrx_word' id='word_1_510' title='bbox 990 3535 1161 3613; x_wconf 89' lang='lat' dir='ltr'><strong>orationes,</strong></span> <span class='ocrx_word' id='word_1_511' title='bbox 1214 3532 1301 3616; x_wconf 91' lang='lat' dir='ltr'><strong>quod</strong></span> <span class='ocrx_word' id='word_1_512' title='bbox 1322 3531 1634 3617; x_wconf 85' lang='lat' dir='ltr'><strong>Brandeburgensos</strong></span> <span class='ocrx_word' id='word_1_513' title='bbox 1655 3552 1788 3616; x_wconf 89' lang='lat' dir='ltr'><strong>prorsus</strong></span> <span class='ocrx_word' id='word_1_514' title='bbox 1807 3533 1911 3598; x_wconf 89' lang='lat' dir='ltr'><strong>nostri</strong></span> <span class='ocrx_word' id='word_1_515' title='bbox 1933 3540 2019 3611; x_wconf 88' lang='lat' dir='ltr'><strong>sunt,</strong></span> <span class='ocrx_word' id='word_1_516' title='bbox 2046 3531 2191 3597; x_wconf 90' lang='lat' dir='ltr'><strong>Palatini</strong></span> 
     </span>
     <span class='ocr_line' id='line_1_38' title="bbox 188 3617 2190 3704; baseline -0.002 -18"><span class='ocrx_word' id='word_1_517' title='bbox 188 3641 324 3704; x_wconf 90' lang='lat' dir='ltr'><strong>quorum</strong></span> <span class='ocrx_word' id='word_1_518' title='bbox 347 3620 443 3686; x_wconf 90' lang='lat' dir='ltr'><strong>elteri</strong></span> <span class='ocrx_word' id='word_1_519' title='bbox 459 3620 593 3686; x_wconf 87' lang='lat' dir='ltr'><strong>titulum</strong></span> <span class='ocrx_word' id='word_1_520' title='bbox 604 3621 802 3686; x_wconf 90' lang='lat' dir='ltr'><strong>sanctissimi</strong></span> <span class='ocrx_word' id='word_1_521' title='bbox 813 3621 916 3704; x_wconf 89' lang='lat' dir='ltr'><strong>patris</strong></span> <span class='ocrx_word' id='word_1_522' title='bbox 926 3619 976 3684; x_wconf 91' lang='lat' dir='ltr'><strong>illi</strong></span> <span class='ocrx_word' id='word_1_523' title='bbox 988 3619 1161 3699; x_wconf 82' lang='lat' dir='ltr'><strong>deferrent,</strong></span> <span class='ocrx_word' id='word_1_524' title='bbox 1215 3617 1457 3702; x_wconf 90' lang='lat' dir='ltr'><strong>aliquantulum</strong></span> <span class='ocrx_word' id='word_1_525' title='bbox 1484 3617 1652 3684; x_wconf 89' lang='lat' dir='ltr'><strong>accedunt.</strong></span> <span class='ocrx_word' id='word_1_526' title='bbox 1703 3617 1887 3684; x_wconf 79' lang='lat' dir='ltr'><strong>Olirienses</strong></span> <span class='ocrx_word' id='word_1_527' title='bbox 1914 3627 1947 3684; x_wconf 93' lang='lat' dir='ltr'><strong>et</strong></span> <span class='ocrx_word' id='word_1_528' title='bbox 1976 3617 2190 3684; x_wconf 84' lang='lat' dir='ltr'><strong>Oolouiensos</strong></span> 
     </span>
     <span class='ocr_line' id='line_1_39' title="bbox 187 3704 2190 3804; baseline -0 -34"><span class='ocrx_word' id='word_1_529' title='bbox 187 3706 282 3772; x_wconf 90' lang='lat' dir='ltr'><strong>alteri</strong></span> <span class='ocrx_word' id='word_1_530' title='bbox 303 3704 370 3770; x_wconf 91' lang='lat' dir='ltr'><strong>Dei</strong></span> <span class='ocrx_word' id='word_1_531' title='bbox 396 3705 525 3771; x_wconf 91' lang='lat' dir='ltr'><strong>hostem</strong></span> <span class='ocrx_word' id='word_1_532' title='bbox 555 3715 588 3771; x_wconf 88' lang='lat' dir='ltr'><strong>et</strong></span> <span class='ocrx_word' id='word_1_533' title='bbox 616 3707 770 3772; x_wconf 88' lang='lat' dir='ltr'><strong>ecclcsiae</strong></span> <span class='ocrx_word' id='word_1_534' title='bbox 792 3715 973 3792; x_wconf 80' lang='lat' dir='ltr'><strong>tyrannum</strong></span> <span class='ocrx_word' id='word_1_535' title='bbox 994 3713 1162 3783; x_wconf 85' lang='lat' dir='ltr'><strong>vocarent,</strong></span> <span class='ocrx_word' id='word_1_536' title='bbox 1214 3726 1280 3768; x_wconf 92' lang='lat' dir='ltr'><strong>non</strong></span> <span class='ocrx_word' id='word_1_537' title='bbox 1313 3713 1393 3770; x_wconf 90' lang='lat' dir='ltr'><strong>suut</strong></span> <span class='ocrx_word' id='word_1_538' title='bbox 1425 3705 1631 3786; x_wconf 90' lang='lat' dir='ltr'><strong>iniquissimi.</strong></span> <span class='ocrx_word' id='word_1_539' title='bbox 1687 3704 1756 3768; x_wconf 88' lang='lat' dir='ltr'><strong>Alii</strong></span> <span class='ocrx_word' id='word_1_540' title='bbox 1788 3725 1883 3785; x_wconf 85' lang='lat' dir='ltr'><strong>vero,</strong></span> <span class='ocrx_word' id='word_1_541' title='bbox 1916 3704 2064 3804; x_wconf 57' lang='lat' dir='ltr'><strong>quasi‘ss)</strong></span> <span class='ocrx_word' id='word_1_542' title='bbox 2096 3704 2190 3769; x_wconf 85' lang='lat' dir='ltr'><strong>furiis</strong></span> 
     </span>
     <span class='ocr_line' id='line_1_40' title="bbox 186 3789 2188 3876; baseline -0.002 -18"><span class='ocrx_word' id='word_1_543' title='bbox 186 3793 280 3858; x_wconf 87' lang='lat' dir='ltr'><strong>alteri</strong></span> <span class='ocrx_word' id='word_1_544' title='bbox 303 3789 521 3856; x_wconf 88' lang='lat' dir='ltr'><strong>obedientiam</strong></span> <span class='ocrx_word' id='word_1_545' title='bbox 544 3791 573 3856; x_wconf 91' lang='lat' dir='ltr'><strong>ei</strong></span> <span class='ocrx_word' id='word_1_546' title='bbox 593 3812 725 3856; x_wconf 89' lang='lat' dir='ltr'><strong>omnem</strong></span> <span class='ocrx_word' id='word_1_547' title='bbox 746 3792 986 3876; x_wconf 87' lang='lat' dir='ltr'><strong>pollicerentur,</strong></span> <span class='ocrx_word' id='word_1_548' title='bbox 1010 3791 1104 3856; x_wconf 90' lang='lat' dir='ltr'><strong>elteri</strong></span> <span class='ocrx_word' id='word_1_549' title='bbox 1126 3811 1162 3856; x_wconf 91' lang='lat' dir='ltr'><strong>se</strong></span> <span class='ocrx_word' id='word_1_550' title='bbox 1214 3790 1364 3872; x_wconf 91' lang='lat' dir='ltr'><strong>correpti,</strong></span> <span class='ocrx_word' id='word_1_551' title='bbox 1383 3789 1469 3854; x_wconf 92' lang='lat' dir='ltr'><strong>nihil</strong></span> <span class='ocrx_word' id='word_1_552' title='bbox 1486 3792 1591 3872; x_wconf 90' lang='lat' dir='ltr'><strong>aequi,</strong></span> <span class='ocrx_word' id='word_1_553' title='bbox 1610 3789 1693 3854; x_wconf 88' lang='lat' dir='ltr'><strong>nihil</strong></span> <span class='ocrx_word' id='word_1_554' title='bbox 1705 3789 1872 3868; x_wconf 89' lang='lat' dir='ltr'><strong>moderati,</strong></span> <span class='ocrx_word' id='word_1_555' title='bbox 1890 3790 2188 3856; x_wconf 88' lang='lat' dir='ltr'><strong>nihilsamferunt</strong></span> 
     </span>
     <span class='ocr_line' id='line_1_41' title="bbox 186 3874 2189 3962; baseline -0.003 -18"><span class='ocrx_word' id='word_1_556' title='bbox 186 3879 268 3944; x_wconf 82' lang='lat' dir='ltr'><strong>velle</strong></span> <span class='ocrx_word' id='word_1_557' title='bbox 299 3877 422 3952; x_wconf 78' lang='lat' dir='ltr'><strong>eius²⁷)</strong></span> <span class='ocrx_word' id='word_1_558' title='bbox 452 3878 601 3961; x_wconf 80' lang='lat' dir='ltr'><strong>regimen</strong></span> <span class='ocrx_word' id='word_1_559' title='bbox 628 3899 833 3962; x_wconf 81' lang='lat' dir='ltr'><strong>expugnare,</strong></span> <span class='ocrx_word' id='word_1_560' title='bbox 859 3898 937 3962; x_wconf 89' lang='lat' dir='ltr'><strong>prae</strong></span> <span class='ocrx_word' id='word_1_561' title='bbox 965 3899 1000 3943; x_wconf 89' lang='lat' dir='ltr'><strong>se</strong></span> <span class='ocrx_word' id='word_1_562' title='bbox 1027 3876 1162 3942; x_wconf 83' lang='lat' dir='ltr'><strong>ferrent</strong></span> <span class='ocrx_word' id='word_1_563' title='bbox 1213 3874 1292 3940; x_wconf 90' lang='lat' dir='ltr'><strong>Ideo</strong></span> <span class='ocrx_word' id='word_1_564' title='bbox 1314 3876 1479 3940; x_wconf 88' lang='lat' dir='ltr'><strong>eutemin</strong></span> <span class='ocrx_word' id='word_1_565' title='bbox 1502 3875 1959 3958; x_wconf 82' lang='lat' dir='ltr'><strong>eorumperteestMcrcbic,</strong></span> <span class='ocrx_word' id='word_1_566' title='bbox 1981 3875 2189 3960; x_wconf 88' lang='lat' dir='ltr'><strong>quodquam</strong></span> 
     </span>
     <span class='ocr_line' id='line_1_42' title="bbox 187 3959 2189 4046; baseline -0.004 -16"><span class='ocrx_word' id='word_1_567' title='bbox 187 3963 298 4046; x_wconf 79' lang='lat' dir='ltr'><strong>Quum</strong></span> <span class='ocrx_word' id='word_1_568' title='bbox 321 3963 364 4028; x_wconf 88' lang='lat' dir='ltr'><strong>ad</strong></span> <span class='ocrx_word' id='word_1_569' title='bbox 389 3963 596 4030; x_wconf 68' lang='lat' dir='ltr'><strong>&amp;ancellum</strong></span> <span class='ocrx_word' id='word_1_570' title='bbox 614 3973 702 4029; x_wconf 91' lang='lat' dir='ltr'><strong>esset</strong></span> <span class='ocrx_word' id='word_1_571' title='bbox 718 3971 863 4040; x_wconf 83' lang='lat' dir='ltr'><strong>ventum,</strong></span> <span class='ocrx_word' id='word_1_572' title='bbox 881 3963 937 4029; x_wconf 91' lang='lat' dir='ltr'><strong>ille</strong></span> <span class='ocrx_word' id='word_1_573' title='bbox 955 3983 1162 4046; x_wconf 86' lang='lat' dir='ltr'><strong>verorogare</strong></span> <span class='ocrx_word' id='word_1_574' title='bbox 1213 3981 1248 4026; x_wconf 91' lang='lat' dir='ltr'><strong>se</strong></span> <span class='ocrx_word' id='word_1_575' title='bbox 1281 3959 1428 4024; x_wconf 91' lang='lat' dir='ltr'><strong>nondum</strong></span> <span class='ocrx_word' id='word_1_576' title='bbox 1465 3961 1604 4026; x_wconf 89' lang='lat' dir='ltr'><strong>decretis</strong></span> <span class='ocrx_word' id='word_1_577' title='bbox 1639 3960 1788 4027; x_wconf 67' lang='grc' dir='ltr'>Οαεεαιιε</span> <span class='ocrx_word' id='word_1_578' title='bbox 1819 3961 2020 4045; x_wconf 92' lang='lat' dir='ltr'><strong>opposuerit,</strong></span> <span class='ocrx_word' id='word_1_579' title='bbox 2059 3979 2118 4025; x_wconf 90' lang='lat' dir='ltr'><strong>nec</strong></span> <span class='ocrx_word' id='word_1_580' title='bbox 2154 3960 2189 4023; x_wconf 93' lang='lat' dir='ltr'><strong>in</strong></span> 
     </span>
     <span class='ocr_line' id='line_1_43' title="bbox 187 4046 2189 4133; baseline -0.002 -20"><span class='ocrx_word' id='word_1_581' title='bbox 187 4059 218 4114; x_wconf 89' lang='lat' dir='ltr'><strong>et</strong></span> <span class='ocrx_word' id='word_1_582' title='bbox 253 4047 394 4115; x_wconf 91' lang='lat' dir='ltr'><strong>suadere</strong></span> <span class='ocrx_word' id='word_1_583' title='bbox 427 4057 465 4112; x_wconf 88' lang='lat' dir='ltr'><strong>nt</strong></span> <span class='ocrx_word' id='word_1_584' title='bbox 498 4069 611 4114; x_wconf 91' lang='lat' dir='ltr'><strong>omnes</strong></span> <span class='ocrx_word' id='word_1_585' title='bbox 645 4049 775 4114; x_wconf 91' lang='lat' dir='ltr'><strong>ordines</strong></span> <span class='ocrx_word' id='word_1_586' title='bbox 802 4049 838 4114; x_wconf 94' lang='lat' dir='ltr'><strong>in</strong></span> <span class='ocrx_word' id='word_1_587' title='bbox 860 4049 1003 4132; x_wconf 87' lang='lat' dir='ltr'><strong>aliquam</strong></span> <span class='ocrx_word' id='word_1_588' title='bbox 1029 4069 1161 4133; x_wconf 89' lang='lat' dir='ltr'><strong>respon·</strong></span> <span class='ocrx_word' id='word_1_589' title='bbox 1213 4046 1352 4111; x_wconf 83' lang='lat' dir='ltr'><strong>foederis</strong></span> <span class='ocrx_word' id='word_1_590' title='bbox 1374 4046 1561 4112; x_wconf 88' lang='lat' dir='ltr'><strong>societatem</strong></span> <span class='ocrx_word' id='word_1_591' title='bbox 1584 4047 1788 4125; x_wconf 85' lang='lat' dir='ltr'><strong>concesserit,</strong></span> <span class='ocrx_word' id='word_1_592' title='bbox 1811 4067 1852 4112; x_wconf 85' lang='lat' dir='ltr'><strong>ex</strong></span> <span class='ocrx_word' id='word_1_593' title='bbox 1874 4068 1973 4132; x_wconf 83' lang='lat' dir='ltr'><strong>grege</strong></span> <span class='ocrx_word' id='word_1_594' title='bbox 1991 4053 2102 4110; x_wconf 89' lang='lat' dir='ltr'><strong>nostro</strong></span> <span class='ocrx_word' id='word_1_595' title='bbox 2122 4065 2189 4109; x_wconf 91' lang='lat' dir='ltr'><strong>non</strong></span> 
     </span>
     <span class='ocr_line' id='line_1_44' title="bbox 187 4131 2187 4218; baseline -0.003 -18"><span class='ocrx_word' id='word_1_596' title='bbox 187 4137 311 4201; x_wconf 88' lang='lat' dir='ltr'><strong>sionem</strong></span> <span class='ocrx_word' id='word_1_597' title='bbox 334 4135 559 4200; x_wconf 84' lang='lat' dir='ltr'><strong>convenirent.</strong></span> <span class='ocrx_word' id='word_1_598' title='bbox 599 4133 804 4200; x_wconf 81' lang='lat' dir='ltr'><strong>Cursitatum</strong></span> <span class='ocrx_word' id='word_1_599' title='bbox 827 4143 877 4200; x_wconf 89' lang='lat' dir='ltr'><strong>est</strong></span> <span class='ocrx_word' id='word_1_600' title='bbox 897 4135 984 4199; x_wconf 90' lang='lat' dir='ltr'><strong>ultro</strong></span> <span class='ocrx_word' id='word_1_601' title='bbox 1006 4134 1160 4218; x_wconf 90' lang='lat' dir='ltr'><strong>citroque,</strong></span> <span class='ocrx_word' id='word_1_602' title='bbox 1214 4132 1364 4198; x_wconf 90' lang='lat' dir='ltr'><strong>habetur.</strong></span> <span class='ocrx_word' id='word_1_603' title='bbox 1409 4131 1520 4212; x_wconf 79' lang='lat' dir='ltr'><strong>Quum</strong></span> <span class='ocrx_word' id='word_1_604' title='bbox 1543 4131 1663 4198; x_wconf 92' lang='lat' dir='ltr'><strong>elector</strong></span> <span class='ocrx_word' id='word_1_605' title='bbox 1689 4133 1746 4212; x_wconf 89' lang='lat' dir='ltr'><strong>sit,</strong></span> <span class='ocrx_word' id='word_1_606' title='bbox 1776 4152 1843 4198; x_wconf 93' lang='lat' dir='ltr'><strong>non</strong></span> <span class='ocrx_word' id='word_1_607' title='bbox 1870 4133 1978 4215; x_wconf 90' lang='lat' dir='ltr'><strong>potuit</strong></span> <span class='ocrx_word' id='word_1_608' title='bbox 2005 4131 2187 4214; x_wconf 90' lang='lat' dir='ltr'><strong>praeteriri.</strong></span> 
     </span>
     <span class='ocr_line' id='line_1_45' title="bbox 185 4216 2186 4303; baseline -0.001 -19"><span class='ocrx_word' id='word_1_609' title='bbox 185 4223 285 4287; x_wconf 86' lang='lat' dir='ltr'><strong>octies</strong></span> <span class='ocrx_word' id='word_1_610' title='bbox 318 4228 378 4284; x_wconf 91' lang='lat' dir='ltr'><strong>aut</strong></span> <span class='ocrx_word' id='word_1_611' title='bbox 410 4221 552 4300; x_wconf 89' lang='lat' dir='ltr'><strong>circiter,</strong></span> <span class='ocrx_word' id='word_1_612' title='bbox 586 4231 759 4303; x_wconf 89' lang='lat' dir='ltr'><strong>antequam</strong></span> <span class='ocrx_word' id='word_1_613' title='bbox 798 4221 902 4286; x_wconf 90' lang='lat' dir='ltr'><strong>nostri</strong></span> <span class='ocrx_word' id='word_1_614' title='bbox 940 4221 1159 4285; x_wconf 87' lang='lat' dir='ltr'><strong>flecterentur.</strong></span> <span class='ocrx_word' id='word_1_615' title='bbox 1213 4219 1304 4303; x_wconf 81' lang='lat' dir='ltr'><strong>Ergo</strong></span> <span class='ocrx_word' id='word_1_616' title='bbox 1347 4238 1421 4282; x_wconf 91' lang='lat' dir='ltr'><strong>cum</strong></span> <span class='ocrx_word' id='word_1_617' title='bbox 1474 4217 1618 4300; x_wconf 90' lang='lat' dir='ltr'><strong>recipere</strong></span> <span class='ocrx_word' id='word_1_618' title='bbox 1661 4219 1772 4283; x_wconf 88' lang='lat' dir='ltr'><strong>hostes</strong></span> <span class='ocrx_word' id='word_1_619' title='bbox 1816 4218 1921 4282; x_wconf 89' lang='lat' dir='ltr'><strong>nostri</strong></span> <span class='ocrx_word' id='word_1_620' title='bbox 1959 4216 2063 4282; x_wconf 90' lang='lat' dir='ltr'><strong>coacti</strong></span> <span class='ocrx_word' id='word_1_621' title='bbox 2100 4223 2186 4282; x_wconf 90' lang='lat' dir='ltr'><strong>suut.</strong></span> 
     </span>
     <span class='ocr_line' id='line_1_46' title="bbox 184 4301 2187 4389; baseline -0.002 -19"><span class='ocrx_word' id='word_1_622' title='bbox 184 4305 362 4374; x_wconf 88' lang='lat' dir='ltr'><strong>Postulant</strong></span> <span class='ocrx_word' id='word_1_623' title='bbox 383 4305 516 4370; x_wconf 89' lang='lat' dir='ltr'><strong>demum</strong></span> <span class='ocrx_word' id='word_1_624' title='bbox 537 4317 576 4371; x_wconf 90' lang='lat' dir='ltr'><strong>ut</strong></span> <span class='ocrx_word' id='word_1_625' title='bbox 596 4306 713 4372; x_wconf 88' lang='lat' dir='ltr'><strong>saltem</strong></span> <span class='ocrx_word' id='word_1_626' title='bbox 735 4307 1009 4389; x_wconf 87' lang='lat' dir='ltr'><strong>permitteremus,</strong></span> <span class='ocrx_word' id='word_1_627' title='bbox 1036 4305 1085 4370; x_wconf 92' lang='lat' dir='ltr'><strong>illi</strong></span> <span class='ocrx_word' id='word_1_628' title='bbox 1107 4306 1160 4389; x_wconf 81' lang='lat' dir='ltr'><strong>egi</strong></span> <span class='ocrx_word' id='word_1_629' title='bbox 1212 4304 1326 4370; x_wconf 89' lang='lat' dir='ltr'><strong>Nostri</strong></span> <span class='ocrx_word' id='word_1_630' title='bbox 1348 4304 1476 4367; x_wconf 91' lang='lat' dir='ltr'><strong>interea</strong></span> <span class='ocrx_word' id='word_1_631' title='bbox 1497 4304 1667 4386; x_wconf 89' lang='lat' dir='ltr'><strong>conqueri,</strong></span> <span class='ocrx_word' id='word_1_632' title='bbox 1696 4311 1766 4368; x_wconf 91' lang='lat' dir='ltr'><strong>tum</strong></span> <span class='ocrx_word' id='word_1_633' title='bbox 1789 4301 1877 4385; x_wconf 89' lang='lat' dir='ltr'><strong>apud</strong></span> <span class='ocrx_word' id='word_1_634' title='bbox 1905 4301 2085 4386; x_wconf 88' lang='lat' dir='ltr'><strong>praesides,</strong></span> <span class='ocrx_word' id='word_1_635' title='bbox 2114 4309 2187 4366; x_wconf 92' lang='lat' dir='ltr'><strong>tum</strong></span> 
     </span>
     <span class='ocr_line' id='line_1_47' title="bbox 184 4387 2187 4476; baseline -0.002 -19"><span class='ocrx_word' id='word_1_636' title='bbox 184 4393 324 4476; x_wconf 83' lang='lat' dir='ltr'><strong>gratias,</strong></span> <span class='ocrx_word' id='word_1_637' title='bbox 354 4391 447 4456; x_wconf 88' lang='lat' dir='ltr'><strong>nulla</strong></span> <span class='ocrx_word' id='word_1_638' title='bbox 467 4391 636 4461; x_wconf 86' lang='lat' dir='ltr'><strong>Pontificis</strong></span> <span class='ocrx_word' id='word_1_639' title='bbox 660 4393 828 4457; x_wconf 90' lang='lat' dir='ltr'><strong>mentione</strong></span> <span class='ocrx_word' id='word_1_640' title='bbox 849 4393 943 4458; x_wconf 81' lang='lat' dir='ltr'><strong>tacta.</strong></span> <span class='ocrx_word' id='word_1_641' title='bbox 988 4391 1062 4456; x_wconf 90' lang='lat' dir='ltr'><strong>Hoc</strong></span> <span class='ocrx_word' id='word_1_642' title='bbox 1084 4412 1104 4454; x_wconf 91' lang='lat' dir='ltr'><strong>a</strong></span> <span class='ocrx_word' id='word_1_643' title='bbox 1125 4410 1161 4455; x_wconf 92' lang='lat' dir='ltr'><strong>se</strong></span> <span class='ocrx_word' id='word_1_644' title='bbox 1213 4388 1300 4473; x_wconf 91' lang='lat' dir='ltr'><strong>apud</strong></span> <span class='ocrx_word' id='word_1_645' title='bbox 1336 4389 1555 4468; x_wconf 69' lang='lat' dir='ltr'><strong>Graecarum,</strong></span> <span class='ocrx_word' id='word_1_646' title='bbox 1588 4389 1672 4472; x_wconf 92' lang='lat' dir='ltr'><strong>quod</strong></span> <span class='ocrx_word' id='word_1_647' title='bbox 1706 4389 1753 4452; x_wconf 90' lang='lat' dir='ltr'><strong>ita</strong></span> <span class='ocrx_word' id='word_1_648' title='bbox 1780 4387 2006 4452; x_wconf 85' lang='lat' dir='ltr'><strong>extrahantur.</strong></span> <span class='ocrx_word' id='word_1_649' title='bbox 2058 4387 2187 4453; x_wconf 89' lang='lat' dir='ltr'><strong>Instare</strong></span> 
     </span>
     <span class='ocr_line' id='line_1_48' title="bbox 183 4471 2187 4562; baseline -0.002 -20"><span class='ocrx_word' id='word_1_650' title='bbox 183 4477 356 4562; x_wconf 88' lang='lat' dir='ltr'><strong>impetrari</strong></span> <span class='ocrx_word' id='word_1_651' title='bbox 387 4477 476 4559; x_wconf 89' lang='lat' dir='ltr'><strong>passi</strong></span> <span class='ocrx_word' id='word_1_652' title='bbox 508 4485 601 4555; x_wconf 91' lang='lat' dir='ltr'><strong>sunt,</strong></span> <span class='ocrx_word' id='word_1_653' title='bbox 635 4499 677 4543; x_wconf 93' lang='lat' dir='ltr'><strong>ne</strong></span> <span class='ocrx_word' id='word_1_654' title='bbox 708 4477 819 4544; x_wconf 90' lang='lat' dir='ltr'><strong>omnia</strong></span> <span class='ocrx_word' id='word_1_655' title='bbox 845 4485 1012 4562; x_wconf 83' lang='lat' dir='ltr'><strong>negarent.</strong></span> <span class='ocrx_word' id='word_1_656' title='bbox 1068 4475 1160 4542; x_wconf 90' lang='lat' dir='ltr'><strong>Haec</strong></span> <span class='ocrx_word' id='word_1_657' title='bbox 1213 4475 1300 4540; x_wconf 92' lang='lat' dir='ltr'><strong>enim</strong></span> <span class='ocrx_word' id='word_1_658' title='bbox 1323 4481 1452 4539; x_wconf 85' lang='lat' dir='ltr'><strong>sextum</strong></span> <span class='ocrx_word' id='word_1_659' title='bbox 1474 4474 1629 4553; x_wconf 88' lang='lat' dir='ltr'><strong>Ianuarii,</strong></span> <span class='ocrx_word' id='word_1_660' title='bbox 1653 4475 1707 4557; x_wconf 92' lang='lat' dir='ltr'><strong>qui</strong></span> <span class='ocrx_word' id='word_1_661' title='bbox 1729 4471 2023 4539; x_wconf 88' lang='lat' dir='ltr'><strong>Ratisbonensibus</strong></span> <span class='ocrx_word' id='word_1_662' title='bbox 2046 4474 2187 4539; x_wconf 91' lang='lat' dir='ltr'><strong>comitiis</strong></span> 
     </span>
     <span class='ocr_line' id='line_1_49' title="bbox 183 4557 2186 4646; baseline -0.003 -18"><span class='ocrx_word' id='word_1_663' title='bbox 183 4563 295 4629; x_wconf 89' lang='lat' dir='ltr'><strong>omnia</strong></span> <span class='ocrx_word' id='word_1_664' title='bbox 316 4561 439 4628; x_wconf 90' lang='lat' dir='ltr'><strong>fiebant</strong></span> <span class='ocrx_word' id='word_1_665' title='bbox 460 4563 496 4627; x_wconf 92' lang='lat' dir='ltr'><strong>in</strong></span> <span class='ocrx_word' id='word_1_666' title='bbox 513 4565 583 4628; x_wconf 90' lang='lat' dir='ltr'><strong>eius</strong></span> <span class='ocrx_word' id='word_1_667' title='bbox 601 4571 786 4646; x_wconf 91' lang='lat' dir='ltr'><strong>conspectu,</strong></span> <span class='ocrx_word' id='word_1_668' title='bbox 809 4572 843 4628; x_wconf 92' lang='lat' dir='ltr'><strong>ct</strong></span> <span class='ocrx_word' id='word_1_669' title='bbox 866 4562 946 4628; x_wconf 90' lang='lat' dir='ltr'><strong>adeo</strong></span> <span class='ocrx_word' id='word_1_670' title='bbox 963 4582 1031 4627; x_wconf 92' lang='lat' dir='ltr'><strong>non</strong></span> <span class='ocrx_word' id='word_1_671' title='bbox 1048 4561 1161 4644; x_wconf 93' lang='lat' dir='ltr'><strong>procul</strong></span> <span class='ocrx_word' id='word_1_672' title='bbox 1212 4561 1257 4626; x_wconf 91' lang='lat' dir='ltr'><strong>sit</strong></span> <span class='ocrx_word' id='word_1_673' title='bbox 1277 4557 1435 4626; x_wconf 88' lang='lat' dir='ltr'><strong>indictus:</strong></span> <span class='ocrx_word' id='word_1_674' title='bbox 1458 4561 1614 4626; x_wconf 92' lang='lat' dir='ltr'><strong>nimirum</strong></span> <span class='ocrx_word' id='word_1_675' title='bbox 1637 4581 1707 4625; x_wconf 90' lang='lat' dir='ltr'><strong>esse</strong></span> <span class='ocrx_word' id='word_1_676' title='bbox 1729 4580 1794 4623; x_wconf 92' lang='lat' dir='ltr'><strong>non</strong></span> <span class='ocrx_word' id='word_1_677' title='bbox 1817 4557 2004 4641; x_wconf 77' lang='lat' dir='ltr'><strong>dubiam²⁹)</strong></span> <span class='ocrx_word' id='word_1_678' title='bbox 2027 4560 2186 4644; x_wconf 77' lang='lat' dir='ltr'><strong>tergiver-</strong></span> 
     </span>
     <span class='ocr_line' id='line_1_50' title="bbox 184 4641 2187 4733; baseline -0.003 -19"><span class='ocrx_word' id='word_1_679' title='bbox 184 4661 220 4714; x_wconf 89' lang='lat' dir='ltr'><strong>nt</strong></span> <span class='ocrx_word' id='word_1_680' title='bbox 248 4647 408 4714; x_wconf 86' lang='lat' dir='ltr'><strong>exaudire</strong></span> <span class='ocrx_word' id='word_1_681' title='bbox 440 4647 606 4714; x_wconf 90' lang='lat' dir='ltr'><strong>interdum</strong></span> <span class='ocrx_word' id='word_1_682' title='bbox 643 4669 739 4715; x_wconf 87' lang='lat' dir='ltr'><strong>voces</strong></span> <span class='ocrx_word' id='word_1_683' title='bbox 773 4647 899 4732; x_wconf 90' lang='lat' dir='ltr'><strong>aliquas</strong></span> <span class='ocrx_word' id='word_1_684' title='bbox 925 4657 1043 4733; x_wconf 90' lang='lat' dir='ltr'><strong>posset.</strong></span> <span class='ocrx_word' id='word_1_685' title='bbox 1092 4648 1159 4712; x_wconf 89' lang='lat' dir='ltr'><strong>Re·</strong></span> <span class='ocrx_word' id='word_1_686' title='bbox 1212 4645 1387 4724; x_wconf 86' lang='lat' dir='ltr'><strong>sationem,</strong></span> <span class='ocrx_word' id='word_1_687' title='bbox 1417 4655 1456 4710; x_wconf 93' lang='lat' dir='ltr'><strong>ut</strong></span> <span class='ocrx_word' id='word_1_688' title='bbox 1482 4667 1518 4711; x_wconf 91' lang='lat' dir='ltr'><strong>re</strong></span> <span class='ocrx_word' id='word_1_689' title='bbox 1539 4647 1660 4712; x_wconf 82' lang='lat' dir='ltr'><strong>infecta</strong></span> <span class='ocrx_word' id='word_1_690' title='bbox 1681 4641 1909 4711; x_wconf 90' lang='lat' dir='ltr'><strong>discederetur.</strong></span> <span class='ocrx_word' id='word_1_691' title='bbox 1958 4645 2037 4711; x_wconf 92' lang='lat' dir='ltr'><strong>Istis</strong></span> <span class='ocrx_word' id='word_1_692' title='bbox 2058 4643 2187 4728; x_wconf 82' lang='lat' dir='ltr'><strong>flagite-</strong></span> 
     </span>
    </p>
   </div>
   <div class='ocr_carea' id='block_1_3' title="bbox 182 4787 1314 4798">
    <p class='ocr_par' dir='ltr' id='par_1_3' title="bbox 182 4787 1314 4798">
     <span class='ocr_line' id='line_1_51' title="bbox 182 4787 1314 4798; baseline -0.004 0"><span class='ocrx_word' id='word_1_693' title='bbox 182 4787 390 4798; x_wconf 67' lang='lat'><strong>—.-..--·—---</strong></span> <span class='ocrx_word' id='word_1_694' title='bbox 1215 4787 1314 4793; x_wconf 79' lang='lat'><strong>---</strong></span> 
     </span>
    </p>
   </div>
   <div class='ocr_carea' id='block_1_4' title="bbox 287 4869 1586 5330">
    <p class='ocr_par' dir='ltr' id='par_1_4' title="bbox 287 4869 1586 5330">
     <span class='ocr_line' id='line_1_52' title="bbox 288 4869 1531 4986; baseline 0 -14"><span class='ocrx_word' id='word_1_695' title='bbox 288 4919 334 4986; x_wconf 79' lang='grc'><strong>17)</strong></span> <span class='ocrx_word' id='word_1_696' title='bbox 353 4869 385 4973; x_wconf 73' lang='lat' dir='ltr'><strong>l&#39;.</strong></span> <span class='ocrx_word' id='word_1_697' title='bbox 403 4921 482 4976; x_wconf 82' lang='lat' dir='ltr'><strong>Pauli</strong></span> <span class='ocrx_word' id='word_1_698' title='bbox 499 4921 533 4974; x_wconf 90' lang='lat' dir='ltr'><strong>N.</strong></span> <span class='ocrx_word' id='word_1_699' title='bbox 1315 4917 1359 4982; x_wconf 75' lang='lat'><strong>24)</strong></span> <span class='ocrx_word' id='word_1_700' title='bbox 1377 4920 1479 4973; x_wconf 90' lang='lat' dir='ltr'><strong>nomini</strong></span> <span class='ocrx_word' id='word_1_701' title='bbox 1497 4919 1531 4972; x_wconf 94' lang='lat' dir='ltr'><strong>A.</strong></span> 
     </span>
     <span class='ocr_line' id='line_1_53' title="bbox 288 4972 1521 5056; baseline -0.003 -13"><span class='ocrx_word' id='word_1_702' title='bbox 288 4987 336 5056; x_wconf 88' lang='grc'><strong>18)</strong></span> <span class='ocrx_word' id='word_1_703' title='bbox 352 4989 414 5044; x_wconf 78' lang='lat' dir='ltr'><strong>laxo</strong></span> <span class='ocrx_word' id='word_1_704' title='bbox 432 4990 466 5043; x_wconf 88' lang='lat' dir='ltr'><strong>N.</strong></span> <span class='ocrx_word' id='word_1_705' title='bbox 1184 4972 1187 5031; x_wconf 73' lang='lat' dir='ltr'><strong>l</strong></span> <span class='ocrx_word' id='word_1_706' title='bbox 1315 4986 1361 5053; x_wconf 76' lang='lat'><strong>25)</strong></span> <span class='ocrx_word' id='word_1_707' title='bbox 1380 4988 1470 5042; x_wconf 87' lang='lat' dir='ltr'><strong>ulcere</strong></span> <span class='ocrx_word' id='word_1_708' title='bbox 1488 4989 1521 5040; x_wconf 91' lang='lat' dir='ltr'><strong>B.</strong></span> 
     </span>
     <span class='ocr_line' id='line_1_54' title="bbox 287 5055 1586 5124; baseline -0.002 -14"><span class='ocrx_word' id='word_1_709' title='bbox 287 5057 335 5124; x_wconf 86' lang='grc'><strong>19)</strong></span> <span class='ocrx_word' id='word_1_710' title='bbox 353 5059 517 5114; x_wconf 88' lang='lat' dir='ltr'><strong>contendere</strong></span> <span class='ocrx_word' id='word_1_711' title='bbox 534 5061 567 5113; x_wconf 86' lang='lat' dir='ltr'><strong>B.</strong></span> <span class='ocrx_word' id='word_1_712' title='bbox 1314 5055 1360 5120; x_wconf 73' lang='lat'><strong>26)</strong></span> <span class='ocrx_word' id='word_1_713' title='bbox 1398 5057 1466 5110; x_wconf 87' lang='lat' dir='ltr'><strong>rimo</strong></span> <span class='ocrx_word' id='word_1_714' title='bbox 1482 5073 1533 5111; x_wconf 85' lang='lat' dir='ltr'><strong>om.</strong></span> <span class='ocrx_word' id='word_1_715' title='bbox 1551 5057 1586 5108; x_wconf 88' lang='lat' dir='ltr'><strong>A.</strong></span> 
     </span>
     <span class='ocr_line' id='line_1_55' title="bbox 289 5073 1535 5192; baseline 0 -14"><span class='ocrx_word' id='word_1_716' title='bbox 289 5125 335 5192; x_wconf 72' lang='grc' dir='ltr'><strong>ιο)</strong></span> <span class='ocrx_word' id='word_1_717' title='bbox 351 5128 380 5180; x_wconf 92' lang='lat' dir='ltr'><strong>in</strong></span> <span class='ocrx_word' id='word_1_718' title='bbox 398 5143 526 5182; x_wconf 88' lang='lat' dir='ltr'><strong>concessu</strong></span> <span class='ocrx_word' id='word_1_719' title='bbox 545 5127 574 5181; x_wconf 91' lang='lat' dir='ltr'><strong>B.</strong></span> <span class='ocrx_word' id='word_1_720' title='bbox 593 5128 621 5182; x_wconf 89' lang='lat' dir='ltr'><strong>in</strong></span> <span class='ocrx_word' id='word_1_721' title='bbox 638 5143 764 5182; x_wconf 76' lang='lat' dir='ltr'><strong>conceme</strong></span> <span class='ocrx_word' id='word_1_722' title='bbox 781 5127 816 5182; x_wconf 87' lang='lat' dir='ltr'><strong>N.</strong></span> <span class='ocrx_word' id='word_1_723' title='bbox 1315 5123 1362 5188; x_wconf 74' lang='lat'><strong>27)</strong></span> <span class='ocrx_word' id='word_1_724' title='bbox 1379 5073 1481 5178; x_wconf 65' lang='lat' dir='ltr'><strong>liticine</strong></span> <span class='ocrx_word' id='word_1_725' title='bbox 1501 5125 1535 5178; x_wconf 91' lang='lat' dir='ltr'><strong>A.</strong></span> 
     </span>
     <span class='ocr_line' id='line_1_56' title="bbox 287 5191 1571 5262; baseline -0.002 -15"><span class='ocrx_word' id='word_1_726' title='bbox 287 5193 334 5262; x_wconf 74' lang='grc'><strong>21)</strong></span> <span class='ocrx_word' id='word_1_727' title='bbox 351 5197 496 5250; x_wconf 86' lang='lat' dir='ltr'><strong>convenire</strong></span> <span class='ocrx_word' id='word_1_728' title='bbox 514 5197 545 5249; x_wconf 93' lang='lat' dir='ltr'><strong>B.</strong></span> <span class='ocrx_word' id='word_1_729' title='bbox 1313 5191 1361 5256; x_wconf 73' lang='lat'><strong>28)</strong></span> <span class='ocrx_word' id='word_1_730' title='bbox 1399 5194 1455 5246; x_wconf 88' lang='lat' dir='ltr'><strong>nesi</strong></span> <span class='ocrx_word' id='word_1_731' title='bbox 1474 5209 1524 5247; x_wconf 84' lang='lat' dir='ltr'><strong>om.</strong></span> <span class='ocrx_word' id='word_1_732' title='bbox 1542 5192 1571 5246; x_wconf 90' lang='lat' dir='ltr'><strong>B.</strong></span> 
     </span>
     <span class='ocr_line' id='line_1_57' title="bbox 288 5209 1509 5330; baseline -0.002 -11"><span class='ocrx_word' id='word_1_733' title='bbox 288 5263 337 5330; x_wconf 60' lang='grc' dir='ltr'><strong>Ἠ)</strong></span> <span class='ocrx_word' id='word_1_734' title='bbox 356 5265 411 5320; x_wconf 81' lang='lat' dir='ltr'><strong>Hic</strong></span> <span class='ocrx_word' id='word_1_735' title='bbox 428 5267 551 5320; x_wconf 65' lang='lat' dir='ltr'><strong>arbenii</strong></span> <span class='ocrx_word' id='word_1_736' title='bbox 571 5265 605 5318; x_wconf 86' lang='lat' dir='ltr'><strong>N.</strong></span> <span class='ocrx_word' id='word_1_737' title='bbox 644 5262 756 5320; x_wconf 69' lang='lat' dir='ltr'><strong>omero</strong></span> <span class='ocrx_word' id='word_1_738' title='bbox 774 5265 879 5320; x_wconf 60' lang='lat' dir='ltr'><strong>meant.</strong></span> <span class='ocrx_word' id='word_1_739' title='bbox 1217 5257 1224 5268; x_wconf 83' lang='grc'><strong>”</strong></span> <span class='ocrx_word' id='word_1_740' title='bbox 1313 5260 1360 5329; x_wconf 79' lang='lat'><strong>29)</strong></span> <span class='ocrx_word' id='word_1_741' title='bbox 1379 5209 1461 5315; x_wconf 70' lang='lat' dir='ltr'><strong>lubio</strong></span> <span class='ocrx_word' id='word_1_742' title='bbox 1479 5261 1509 5316; x_wconf 88' lang='lat' dir='ltr'><strong>B.</strong></span> 
     </span>
    </p>
   </div>
   <div class='ocr_carea' id='block_1_5' title="bbox 373 4849 1611 4919">
    <p class='ocr_par' dir='ltr' id='par_1_5' title="bbox 373 4849 1611 4919">
     <span class='ocr_line' id='line_1_58' title="bbox 373 4849 1611 4919; baseline -0.001 -13"><span class='ocrx_word' id='word_1_743' title='bbox 373 4852 486 4906; x_wconf 75' lang='lat' dir='ltr'><strong>aeacidis</strong></span> <span class='ocrx_word' id='word_1_744' title='bbox 503 4853 537 4906; x_wconf 90' lang='lat' dir='ltr'><strong>N.</strong></span> <span class='ocrx_word' id='word_1_745' title='bbox 1314 4849 1362 4914; x_wconf 77' lang='grc'><strong>23)</strong></span> <span class='ocrx_word' id='word_1_746' title='bbox 1380 4867 1490 4919; x_wconf 88' lang='lat' dir='ltr'><strong>prorsus</strong></span> <span class='ocrx_word' id='word_1_747' title='bbox 1508 4867 1558 4904; x_wconf 78' lang='lat' dir='ltr'><strong>cm.</strong></span> <span class='ocrx_word' id='word_1_748' title='bbox 1576 4852 1611 4906; x_wconf 90' lang='lat' dir='ltr'><strong>A.</strong></span> 
     </span>
    </p>
   </div>
   <div class='ocr_carea' id='block_1_6' title="bbox 0 0 2476 5975">
    <p class='ocr_par' dir='ltr' id='par_1_6' title="bbox 0 0 2476 5975">
     <span class='ocr_line' id='line_1_59' title="bbox 0 0 2476 5975; baseline 0 0"><span class='ocrx_word' id='word_1_749' title='bbox 0 0 2476 5975; x_wconf 95' lang='lat' dir='ltr'><strong> </strong></span> 
     </span>
    </p>
   </div>
  </div>
 </body>
</html>
