4942 5982
268 283 311 346 ta
1043 271 1305 340 aplsuohalt
1328 275 1499 337 219-220
2225 278 2267 343 44

268 475 358 536 tsurs
380 467 442 534 tola
460 488 541 551 gens
558 465 645 548 qnila
662 465 814 550 puissent
829 463 969 548 quelque
986 464 1060 530 iour
1077 464 1240 554 squstenir
1292 460 1361 539 reli,
1374 463 1399 543 ¹)
1422 460 1510 543 apud
1538 460 1714 526 nonnullos
1742 462 1886 526 efficeret
1914 469 1954 526 ιιι
1974 471 2148 546 erogarent
2168 481 2268 544 pecu-

268 553 441 638 lenburgo
463 573 557 636 apres
579 572 670 617 nous.
716 549 876 617 Combicn
903 570 964 632 que
986 549 1016 614 ie
1043 569 1123 632 eope
1145 551 1240 614 ieune
1292 547 1365 612 nias
1386 547 1422 610 in
1443 567 1521 612 usus
1541 567 1721 628 pauperum
1733 547 1908 612 Gallorum
1925 546 1982 629 qui
2003 547 2101 612 multi
2123 548 2268 612 conflue-

269 639 436 706 toutesfois
456 635 566 722 quand
588 639 618 703 ia
641 657 706 721 ιο]
728 657 784 702 ma
805 635 938 702 debilite
957 643 991 699 et
1012 633 1240 718 indisposition
1292 643 1376 698 rent
1420 632 1493 716 Ego
1514 632 1659 698 mirabar
1681 631 1822 699 hominis
1849 632 2011 712 studium,
2041 631 2127 715 qnod
2154 633 2268 698 statim

268 723 308 790 de
335 745 412 790 mon
440 743 551 805 corps,
580 724 636 808 iay
658 723 732 787 soin
754 721 794 787 de
815 743 896 788 ceux
918 721 973 804 qui
1003 731 1115 786 seront
1144 739 1239 803 apres
1292 718 1413 782 anxius
1436 727 1521 784 esset
1543 717 1584 782 de
1605 717 1818 800 pauperibus,
1850 717 1984 784 edoctus
2012 717 2169 802 quosdam
2198 739 2267 784 mo·

267 830 351 876 nous
373 831 497 878 comme
519 809 548 874 si
569 809 693 892 icstoye
721 807 812 872 dcsia
831 805 917 872 vicii.
962 805 1000 870 Ie
1019 826 1062 870 ne
1084 825 1167 872 vous
1189 826 1239 870 es·
1292 801 1414 870 nachos
1441 804 1534 886 paria
1562 801 1641 868 olim
1668 804 1809 870 movisse
1838 813 1871 868 et
1898 803 2053 870 Lutetiae
2079 803 2267 869 emunxisse

266 895 376 980 eriray
398 893 443 960 du
466 903 538 960 tout
559 895 631 960 rica
653 915 695 959 ns
714 891 757 958 du
775 891 885 976 publiq
909 913 950 957 ne
968 891 1008 956 de
1026 912 1085 956 nou
1109 891 1240 956 affaires
1292 887 1414 972 aliquid
1437 889 1592 972 pecuniae
1615 888 1655 954 dc
1683 911 1749 972 qua
1771 889 1854 954 nihil
1877 889 1997 955 rescivi
2021 911 2166 972 unquam
2187 911 2267 972 pan·

290 979 490 1048 articulicres
512 1000 631 1063 pource
654 999 718 1062 que
739 979 770 1042 ie
796 978 853 1064 luy
876 999 918 1061 ay
949 977 1076 1044 declaro
1104 983 1176 1042 tout
1197 997 1240 1042 au
1292 973 1423 1057 paribus
1457 974 1585 1040 datum:
1619 995 1656 1040 ac
1687 975 1767 1040 novi
1798 973 1958 1060 quosdam
1990 975 2076 1042 nolle
2108 973 2267 1058 quaedam

266 1003 346 1152 long
367 1065 415 1132 lcs
437 1067 552 1133 choses
574 1087 636 1150 quc
657 1065 688 1129 is
711 1063 946 1148 vousvouloye
968 1064 1046 1127 taire
1067 1063 1240 1140 aequiust
1292 1060 1489 1143 pauperibus
1517 1081 1560 1126 en
1592 1067 1787 1126 testamento
1816 1061 1931 1126 relicta
1963 1061 2169 1143 dispensare,
2202 1060 2268 1126 nisi

267 1152 290 1218 il
312 1174 394 1217 vous
416 1163 586 1218 raconteru
613 1150 777 1231 beaucoup
806 1149 930 1214 miculx
960 1147 1006 1214 de'
1021 1147 1148 1214 boucha
1170 1156 1241 1212 tout
1293 1155 1362 1210 tam
1383 1146 1469 1212 clam
1489 1155 1527 1210 ut
1547 1167 1643 1210 nemo
1666 1147 1800 1212 resciat:
1824 1157 1857 1212 et
1878 1167 1945 1212 uon
1962 1146 2103 1231 legantis
2126 1146 2267 1224 nomine,

266 1238 299 1304 le
320 1237 465 1304 discours
483 1259 546 1322 quo
564 1237 594 1302 ie
614 1257 656 1300 ne
674 1255 832 1320 scauroye
852 1233 932 1299 faire
953 1255 1012 1317 par
1030 1233 1153 1300 lettres.
1177 1231 1240 1299 sn-
1293 1231 1350 1298 sed
1371 1233 1528 1316 ipsorum,
1557 1233 1585 1296 si
1607 1231 1684 1314 quid
1703 1231 1793 1296 dent:
1826 1241 1860 1298 et
1881 1247 1990 1297 tamen
2013 1231 2088 1314 plus
2110 1230 2267 1298 videban-

267 1323 340 1388 luea
361 1325 392 1389 is
415 1324 577 1406 vousprie
597 1344 638 1387 en
655 1342 732 1386 mou
750 1341 828 1385 nom
851 1321 925 1387 bien
948 1319 1241 1386 affectueusemcnt
1293 1325 1349 1382 tur
1369 1317 1418 1382 illi
1440 1319 1475 1382 in
1497 1337 1657 1400 pauperes
1675 1318 1782 1384 affecti
1800 1339 1899 1401 quam
1912 1317 2053 1384 Carolus.
2085 1316 2164 1383 Ideo
2182 1315 2269 1400 quod

266 1409 300 1474 la
320 1409 521 1494 campagnia.
555 1407 608 1472 De
630 1406 831 1490 Strasbourg
852 1405 883 1472 le
907 1410 957 1470 30.
979 1405 1020 1470 dc
1042 1405 1121 1492 May
1148 1409 1238 1470 1540.
1293 1423 1464 1486 nunquam
1487 1401 1746 1480 emendicaram,
1776 1404 1864 1470 nolui
1893 1423 1994 1470 suasu
2019 1401 2127 1470 Caroli
2148 1403 2265 1468 ordiri:

1293 1489 1351 1554 sed
1373 1488 1453 1568 dixi,
1476 1490 1568 1571 prius
1590 1488 1685 1554 nobis
1714 1487 1878 1574 agendum
1908 1510 1979 1555 esse
2001 1499 2038 1554 ιιι
2059 1489 2153 1572 panis
2172 1489 2266 1554 verbi

1293 1573 1389 1640 detur
1411 1575 1520 1640 animo
1542 1596 1640 1658 quam
1659 1575 1750 1641 cibus
1770 1576 1910 1658 corpori:
1934 1597 2010 1640 eum
2031 1575 2087 1658 qui
2108 1575 2266 1640 hactenus

653 1718 855 1730 ...-.....
1294 1659 2266 1746 prospexitpauperibusnobisnondefnturum,nequepau-

1293 1746 1434 1829 peribus.
1469 1745 1582 1825 Quum
1602 1745 1670 1812 dies
1686 1745 1810 1830 aliquot
1822 1747 1953 1831 egisset,
1971 1768 2009 1814 ac
2023 1757 2094 1811 tum
2107 1746 2177 1830 ipse
2193 1755 2267 1812 tum

1292 1831 1348 1897 alii
1370 1832 1426 1914 qui
1447 1853 1523 1898 cum
1541 1853 1578 1896 eo
1596 1839 1692 1898 erant
1709 1853 1775 1897 non
1793 1833 2026 1899 imminuerent
2042 1833 2164 1898 famam
2183 1852 2265 1914 quae

718 1971 790 2039 22⁰·
1292 1916 1881 2069 ἰὲἶξὶῗὲῗὲἑέἳ,063ὴὲῗέιῖιίᾏῖἓί
1904 1917 2265 2087 ltatttssltttlt

1878 2055 1885 2082 2

1291 2087 1304 2152 l
1348 2111 1405 2152 ur
1553 2087 1573 2102 ''
1625 2111 1642 2152 r
1680 2090 1686 2103 '
1856 2111 1873 2152 r
1948 2089 1955 2103 ”
2057 2111 2086 2152 m

504 2141 753 2210 strennus
777 2141 1007 2224 omno-⁴
1292 2088 2266 2258 teusetaetargosaattestatus

620 2331 626 2344 ⁸
697 2332 703 2346 ¹
878 2333 885 2345 ‚
995 2333 1001 2345 ι
1202 2331 1208 2344 ,
1291 2259 1472 2344 migrarent
1489 2259 1530 2325 ad
1548 2260 1619 2326 loca
1636 2261 1692 2326 ubi
1710 2261 1920 2346 evangelium
1937 2259 2156 2346 praedicatur)
2173 2260 2267 2344 coepi

354 2331 440 2400 Fuso
460 2336 575 2398 nami
592 2329 757 2396 'mimam
776 2329 893 2410 Carolt,
912 2352 1050 2432 ΨΜ
1068 2353 1147 2415 duae
1163 2331 1240 2396 ⁰l²m
1292 2366 1329 2412 ro
1354 2367 1410 2411 are
1436 2343 1583 2412 Garolam
1608 2355 1647 2410 ut
1667 2347 1929 2424 concionaretur,
1960 2355 1994 2412 et
2014 2345 2047 2412 id
2069 2345 2264 2412 instantius:

267 2441 337 2487 ΝΜ
356 2439 390 2486 ⁰⁰
415 2417 556 2484 Gemi
577 2422 648 2481 “⁷¹⁶0
671 2418 836 2482 adventum
860 2417 987 2484 0⁰1le
1007 2424 1094 2501 9⁶³²st
1115 2421 1195 2482 sunl·
1292 2367 1400 2498 selis
1422 2431 1526 2496 multa
1543 2441 1706 2510 causatus,
1728 2433 1887 2498 nimirum
1907 2431 1992 2516 quod
2015 2452 2122 2498 novus
2143 2429 2265 2498 adven·

1293 2525 1409 2595 tasset,
1439 2517 1603 2600 velletque
1631 2517 1760 2602 plenius
1788 2520 1947 2584 rabonem
1976 2529 2088 2584 tenere
2117 2515 2265 2598 docendi,

270 2609 325 2674 (Ex
348 2607 475 2661 thesemo
498 2605 606 2658 Bereno
630 2603 730 2658 Gener.
746 2623 780 2725 ,Γ
806 2603 853 2670 58,
878 2605 958 2659 1:⁸³³·
975 2622 1001 2673 u·
1020 2604 1062 2671 91,
1089 2605 1196 2661 Hnnov.
1214 2623 1241 2676 p.
1292 2624 1327 2668 se
1345 2604 1418 2686 rapi
1439 2601 1648 2670 concionibus
1665 2603 1796 2684 nostris,
1819 2613 1853 2670 et
1874 2604 1907 2670 id
1925 2625 2031 2690 genus
2049 2603 2114 2670 alia
2132 2601 2265 2682 addens,

502 2671 560 2738 ¹⁰²·
579 2673 684 2727 ⁰¹¹⁰¹¹⁰l
701 2691 727 2743 Ρ·
763 2671 787 2740 5)
807 2676 894 2728 Amet.
913 2691 939 2742 Ρ·
957 2671 1012 2740 34)
1292 2689 1424 2772 petebat
1445 2709 1487 2754 ne
1509 2697 1645 2774 gravate
1666 2690 1842 2768 ferremus,
1865 2691 1894 2756 si
1915 2691 2028 2756 statim
2049 2711 2115 2756 non
2137 2689 2265 2756 concio·

1292 2783 1437 2840 naretur.
1481 2773 1596 2842 Doluit
1624 2775 1657 2840 id
1686 2776 1796 2855 nobis,
1825 2777 1945 2855 fateor3
1976 2775 2034 2842 sed
2062 2775 2147 2842 alius
2174 2773 2265 2840 dolor

353 2861 439 2926 Vide
459 2881 542 2944 quae
564 2861 724 2926 mentitur
749 2860 881 2928 Carolus
911 2861 1030 2946 dignus
1052 2864 1109 2947 qui
1131 2864 1239 2946 ponti·
1293 2859 1353 2926 hoc
1383 2859 1477 2926 nobis
1509 2861 1544 2925 in
1572 2861 1730 2946 gaudium
1758 2862 1865 2928 vertit.
1910 2859 2080 2945 Siquidem
2101 2860 2265 2927 intellexi-

267 2949 322 3016 fici
348 2949 483 3014 serviat:
513 2945 571 3014 sed
600 2946 701 3030 pudet
728 2949 911 3030 pontificios
939 2949 1038 3014 talem
1067 2949 1241 3014 admittere
1292 2968 1367 3011 mus
1389 2948 1584 3032 magistrum
1605 2957 1755 3013 nostrum
1777 2947 1957 3033 theologice
1980 2969 2091 3033 agere,
2122 2949 2184 3014 boc
2205 2956 2264 3022 cst,

267 3035 324 3119 qui
345 3043 412 3098 tam
434 3032 640 3116 impudenter
661 3034 704 3098 sit
725 3033 906 3118 impudens.
938 3035 984 3100 Et
1001 3055 1079 3100 sane
1096 3035 1146 3100 illi
1163 3056 1239 3102 oon·
1292 3031 1369 3098 vino
1399 3031 1579 3116 theologico
1607 3033 1842 3118 magistraliter
1870 3045 1903 3098 et
1933 3033 2109 3101 Serbonice
2135 3034 2201 3110 uti,
2232 3039 2266 3097 et

267 3120 343 3204 tigit
364 3117 450 3201 quod
478 3119 565 3183 inter
594 3117 767 3185 sceleratos
796 3141 862 3184 non
884 3140 959 3184 raro
982 3121 1109 3198 evenit,
1139 3133 1176 3186 ut
1198 3123 1240 3186 sit
1291 3117 1377 3201 quod
1399 3119 1561 3201 sequitur,
1591 3119 1710 3186 habere
1732 3141 1814 3202 quae
1836 3119 1956 3186 lectum
1980 3120 2051 3186 cius
2070 3127 2263 3196 sternerent,

267 3205 385 3288 aliquis
406 3203 486 3269 adeo
508 3205 744 3270 consceleratus
767 3215 803 3270 ut
825 3205 953 3270 scelesti
970 3206 1056 3270 ferre
1075 3227 1151 3270 eum
1173 3227 1240 3270 non
1292 3203 1417 3270 tibialia
1437 3213 1606 3282 exuerent,
1630 3227 1668 3272 ac
1688 3205 1881 3272 familiarius
1902 3203 2081 3270 dormituro
2103 3201 2264 3278 adessent,

267 3291 403 3375 possint.
448 3289 552 3354 Venit
573 3292 717 3374 primum
740 3287 921 3366 Genavam,
945 3311 1011 3356 non
1033 3299 1239 3374 exspectatus
1291 3299 1329 3354 ut
1348 3289 1412 3354 alia
1440 3299 1574 3356 taceam
1618 3289 1683 3356 Hic
1712 3313 1771 3356 uos
1799 3293 1951 3356 certiores
1979 3291 2070 3367 fanti,
2097 3289 2264 3354 homiuem

267 3397 374 3459 neque
397 3377 574 3459 expetitus:
599 3375 678 3440 alios
703 3378 791 3440 enim
813 3377 1024 3459 cupiebamus
1046 3377 1176 3456 habere,
1200 3387 1238 3442 ut
1292 3375 1505 3442 admonemus
1527 3375 1567 3440 de
1589 3375 1707 3442 iudicio
1729 3377 1803 3453 Dei,
1828 3377 1868 3442 de
1890 3373 2084 3443 offendiculo
2106 3375 2263 3453 omnium,

265 3463 357 3546 pium
381 3459 610 3544 Swpuleusem,
639 3462 694 3544 qui
716 3483 784 3526 uon
805 3462 877 3527 sine
899 3461 1053 3548 lacrymis
1075 3463 1237 3544 audiebat,
1291 3469 1325 3527 et
1345 3461 1546 3528 obtestamur
1566 3470 1701 3546 propter
1721 3461 1840 3542 Deum,
1868 3469 1907 3528 ut
1927 3463 2050 3528 frustra
2071 3483 2137 3527 nou
2160 3461 2264 3544 patia-

266 3548 390 3632 gratias
412 3545 604 3630 agonsDoo‚
628 3546 777 3612 ordinem
788 3547 1006 3627 ecclesiarum,
1030 3557 1062 3614 et
1080 3549 1238 3632 cupiebat,
1291 3557 1346 3612 tur
1367 3555 1501 3632 propter
1522 3547 1660 3614 verbum
1681 3548 1795 3632 pulsus
1819 3547 1938 3628 Gallia,
1962 3568 2023 3614 neo
2043 3557 2121 3633 agat
2142 3544 2265 3632 aliquid

266 3639 397 3699 uteret
418 3653 532 3697 amans
554 3631 693 3711 Galliae,
715 3634 763 3697 ita
784 3631 898 3699 videre
920 3635 1116 3717 compositas
1137 3635 1239 3700 eccle·
1292 3632 1482 3700 Christiano
1504 3633 1687 3718 indignum.
1733 3632 1918 3702 Videbatur
1950 3656 2019 3700 non
2050 3654 2185 3719 prorsus
2212 3653 2263 3698 re·

267 3719 341 3785 sias.
384 3716 450 3784 Ubi
472 3718 628 3798 venisset,
652 3717 802 3783 dicebant
823 3739 937 3786 omncs
959 3721 1147 3804 episcopum
1169 3721 1239 3806 gal-
1292 3740 1409 3802 spuere
1431 3739 1514 3803 quae
1557 3721 1640 3786 rimo
1662 3719 1868 3800 dicebantur,
1898 3729 1932 3786 at
1953 3721 2009 3804 qui
2030 3741 2105 3786 oum
2127 3741 2165 3785 eo
2188 3739 2263 3802 age-

266 3804 368 3872 licum
390 3801 528 3880 venisse,
551 3811 585 3868 et
602 3813 672 3868 crat
689 3813 875 3887 apparatus,
897 3826 965 3870 non
983 3808 1122 3889 pecunia
1136 3807 1240 3891 ipsius
1292 3806 1380 3884 bant,
1404 3827 1496 3888 spem
1546 3807 1656 3889 iquam
1672 3806 1849 3872 faciebant:
1873 3808 2024 3890 quamvis
2042 3805 2188 3874 dicerent
2205 3803 2263 3870 ho·

273 3887 389 3967 Caroli,
412 3887 470 3954 scd
488 3887 625 3954 aliorum
643 3889 700 3972 qui
718 3913 794 3956 cum
812 3913 849 3956 eo
868 3901 972 3970 arant,
996 3894 1114 3976 quique
1132 3893 1240 3976 questi
1291 3891 1415 3956 minem
1437 3891 1487 3958 sui
1509 3900 1688 3971 amantem,
1718 3892 1780 3960 sibi
1803 3892 1926 3960 vixisse
1954 3901 1988 3958 et
2008 3891 2183 3958 indulsisse
2205 3910 2262 3974 ge-

268 3973 401 4042 tandem
423 3981 503 4040 sunt
525 3973 565 4039 da
588 3974 710 4040 iniuria
726 3976 806 4058 ipsis
828 3977 930 4044 facta:
954 3985 991 4042 ut
1010 3981 1038 4044 is
1056 3979 1112 4062 qui
1129 3979 1241 4046 docuit
1291 3979 1361 4044 nio:
1384 3985 1494 4042 tamen
1516 3977 1734 4062 pergendum:
1764 3977 1851 4064 quod
1878 3977 1958 4044 dum
1979 3979 2025 4052 fit,
2052 3977 2167 4059 incipit
2187 3995 2262 4057 pec·

268 4059 355 4144 apud
377 4061 419 4126 D.
442 4059 652 4139 Gervasium,
682 4061 823 4128 Ioannes
848 4063 1020 4143 TardiouS,
1048 4065 1105 4148 qui
1132 4065 1241 4130 aiebat
1291 4071 1364 4128 cata
1381 4082 1441 4128 sua
1458 4063 1552 4141 tucri,
1575 4071 1609 4128 ct
1626 4085 1769 4149 pergere.
1804 4065 1872 4130 Nos
1887 4063 2098 4130 admonemus
2120 4061 2148 4127 si
2169 4059 2262 4126 nobis

269 4167 304 4212 se
325 4144 366 4210 ab
388 4166 426 4212 eo
447 4145 570 4230 aliquot
591 4147 851 4213 circumventum
874 4151 1044 4218 coronatis.
1089 4151 1157 4218 Nos
1180 4151 1239 4216 bo·
1292 4147 1405 4216 adesse
1428 4148 1519 4228 nolit,
1542 4163 1575 4214 et
1596 4149 1752 4232 prodesse
1776 4172 1843 4215 non
1863 4149 1999 4228 studeat,
2021 4169 2089 4212 non
2111 4143 2262 4212 adverse·

268 4231 391 4296 minem
411 4231 584 4298 invisimus
605 4232 641 4296 in
659 4231 839 4300 diversorio
861 4243 894 4300 et
915 4247 990 4318 post
1011 4236 1241 4302 salutationem
1291 4243 1348 4300 tur
1379 4233 1413 4300 in
1441 4241 1532 4300 tanto
1561 4257 1671 4300 rerum
1705 4237 1907 4315 discrimine,
1939 4253 2041 4317 quum
2069 4229 2264 4298 luctandum

270 4337 368 4402 agore
398 4318 562 4400 coepimus
592 4317 632 4382 de
661 4319 785 4384 ratione
820 4319 1071 4403 dispensationis
1099 4320 1239 4400 divinae,
1292 4319 1387 4387 nobis
1419 4319 1462 4386 sit
1491 4339 1565 4386 cum
1592 4329 1642 4386 tot
1668 4323 1839 4400 monstris,
1872 4331 1910 4386 ut
1938 4319 2031 4386 nulla
2058 4339 2191 4402 prorsus
2219 4317 2264 4384 sit

269 4401 356 4486 quod
377 4411 493 4486 urgeat
510 4402 551 4467 ad
573 4403 810 4470 confessionem
838 4407 889 4472 sui
911 4409 1053 4474 nominis
1076 4407 1240 4492 refugien-
1292 4427 1367 4488 spes
1393 4403 1517 4470 domari
1547 4427 1586 4472 ca
1614 4427 1723 4490 posse,
1751 4407 1816 4472 nisi
1843 4405 2106 4489 praesentissima
2138 4403 2263 4472 virtute

269 4493 321 4552 tes
338 4497 370 4551 et
388 4485 445 4570 qui
462 4490 633 4556 veritatem
650 4491 816 4574 cognitam
832 4491 1051 4560 dissimulant:
1077 4503 1115 4558 ut
1129 4491 1240 4559 carolo
1292 4491 1355 4556 Dei
1377 4491 1412 4556 id
1434 4491 1506 4556 fiat:
1530 4513 1598 4556 non
1619 4501 1736 4578 pergat
1756 4512 1816 4556 sua
1832 4491 1980 4574 improba
1997 4489 2116 4575 agendi
2137 4489 2263 4555 ratione

269 4569 457 4638 dicebamus
472 4576 627 4652 evenisse,
646 4577 874 4659 quiimmerito
893 4579 1009 4660 pulsus
1026 4587 1120 4656 esset,
1139 4600 1240 4662 quum
1292 4597 1426 4642 cursum
1448 4576 1613 4662 evangelii
1634 4577 1802 4661 impedire.
1846 4576 1882 4643 Is
1911 4598 2016 4660 neque
2045 4597 2106 4642 nos
2128 4575 2262 4652 audivit,

269 4657 355 4724 nihil
373 4658 493 4743 egisset
509 4662 662 4742 pontifice
679 4661 852 4748 indignum
871 4663 1074 4730 neeOhristo
1092 4664 1238 4747 dignum.
1292 4683 1397 4744 neque
1419 4670 1532 4728 tamen
1553 4673 1665 4747 aperte
1688 4684 1786 4728 ausus
1808 4663 1985 4746 quidquam
2003 4663 2077 4728 luit:
2101 4661 2159 4728 sed
2179 4660 2264 4727 olam

270 4743 382 4810 Gallia
403 4743 536 4822 exierat,
560 4767 647 4812 nuuc
669 4747 785 4814 absens
807 4747 978 4814 scribendo
999 4757 1180 4832 praestaret
1203 4769 1241 4814 ac
1292 4748 1328 4812 in
1349 4747 1492 4814 deterius
1514 4749 1694 4832 proficiens,
1716 4749 1825 4830 palam
1848 4747 2019 4816 videbatur
2041 4749 2167 4816 cautius
2189 4767 2263 4831 per-

269 4829 451 4907 resarcirat‚
474 4830 559 4913 quod
582 4833 718 4898 tacendo
740 4841 774 4900 et
795 4833 1031 4900 dissimulando
1054 4833 1167 4900 damni
1188 4857 1240 4900 ec·
1293 4853 1379 4918 gere.
1422 4834 1605 4902 Pontificiis
1626 4833 1807 4900 invidiosus
1828 4855 1931 4918 quum
1954 4842 2048 4916 esset,
2071 4833 2152 4900 nihil
2176 4853 2262 4902 com·

269 4915 389 4981 clasiae
410 4914 553 4980 dederat.
597 4917 673 4982 Non
701 4917 764 4982 fuit
792 4919 872 4984 satis
897 4931 992 5005 grata
1022 4918 1132 4988 ceroto
1160 4920 1252 4985 bueo·

270 4999 378 5066 cantio
400 5021 484 5084 quae
504 5002 539 5068 in
560 5003 699 5086 prandio
721 5004 906 5070 canebatur.
950 5003 1051 5070 Aliud
1072 5014 1144 5070 erat
1163 5027 1241 5106 c0n3
1315 5055 1380 5115 εἷο.
1400 5055 1428 5117 1)
1447 5055 1538 5110 vm
1561 5054 1732 5116 mmm
1754 5058 1780 5111 a·
1801 5058 1903 5128 rm,
1927 5059 2000 5113 ..Μ
2021 5057 2094 5112 dm
2116 5057 2198 5111 m
2215 5071 2262 5110 m

271 5085 1241 5272 ttuusttufflltlltudlstutu
1292 5121 1627 5260 areatas
1645 5125 1814 5192 Mum
1891 5127 2029 5183 m
2045 5131 2195 5196 ‘W‘
2214 5124 2262 5180 ι
