4942 5982
199 337 238 417 ra
903 367 905 370 ·
988 309 989 312 Ὺ
1063 357 1144 418 ιιιο
1167 349 1362 420 accusa.
2155 351 2196 426 rt

197 543 333 606 lichene
362 561 472 608 eoram
501 538 671 608 nobiscum
699 549 848 620 aeturus,
879 561 976 624 quam
1005 541 1110 606 literis
1137 540 1171 606 id
1224 541 1289 607 aias
1322 541 1384 606 sibi
1416 541 1606 607 commissas
1646 541 1880 619 deseruissent:
1914 564 2023 610 annon
2060 546 2196 613 debuit?

196 633 353 711 expertus
375 649 471 704 esses,
494 627 688 709 praesertim
711 627 823 710 quales
844 633 919 692 tuae
941 633 1026 692 sunt.
1061 627 1172 691 Vehe·
1223 625 1338 709 Neque
1367 626 1454 691 enim
1483 628 1592 692 minor
1627 636 1676 694 est
1702 627 1839 712 perfidia
1867 631 1894 695 si
1921 631 1994 714 quis
2025 634 2196 700 ecclesiam

196 721 328 778 menter
346 711 420 793 ideo
441 711 569 778 laboras
591 733 635 776 ne
655 710 797 778 videaris
823 711 945 795 absque
966 713 1053 777 iusta
1074 731 1172 778 cansa
1223 712 1401 794 relinquat,
1438 733 1536 796 quam
1566 713 1667 779 semel
1688 723 1873 798 susceperat
1899 716 1934 780 iu
1964 738 2058 782 suam
2086 719 2195 798 fidem,

196 799 230 862 in
259 798 399 864 ecelesia
431 796 542 863 turbas
575 798 733 863 excitare:
767 798 859 881 quasi
891 798 959 862 nlla
990 797 1173 864 turbandae
1224 799 1375 880 quamsi
1403 807 1499 880 pater
1526 798 1611 864 tilius
1638 820 1713 865 suos
1734 801 1874 866 abiiciat
1919 804 1965 866 At
1991 813 2024 868 to
2050 825 2196 888 compre-

197 884 352 952 ccclesiae
374 884 511 948 honesta
533 903 630 949 causa
651 882 782 948 obtendi
800 883 911 967 possit.
955 884 1082 948 Demus
1104 903 1173 948 non
1224 882 1389 950 hendebat
1409 883 1445 948 in
1467 903 1506 948 eo
1528 905 1679 964 numero,
1701 907 1801 969 quum
1824 897 1936 951 tamen
1963 888 2003 954 ab
2033 907 2071 953 ea
2100 891 2197 974 culpa

199 969 345 1037 habitam
367 969 467 1034 fuisse
488 970 537 1033 tui
558 970 718 1034 rationem
741 989 761 1032 a
782 969 936 1034 iratribus
958 991 1056 1051 quam
1078 990 1172 1052 oper·
1224 989 1311 1034 esses
1334 969 1469 1034 alienus.
1521 968 1559 1035 Si
1583 970 1694 1036 literas
1724 971 1857 1055 legeris,
1890 971 1980 1037 aliud
2006 977 2194 1058 comperies.

198 1063 322 1120 tuerat:
352 1077 396 1120 an
424 1053 497 1120 ideo
522 1063 635 1119 tamen
664 1056 813 1139 protinus
834 1055 882 1119 itu
903 1055 1101 1119 tumultuari
1123 1056 1172 1120 las
1223 1054 1313 1119 Nihil
1337 1056 1426 1119 enim
1447 1055 1634 1137 postulabat
1655 1077 1675 1120 a
1695 1057 1860 1136 fratribus,
1884 1078 1982 1140 quam
2005 1067 2040 1124 ut
2057 1059 2196 1145 diligen·

198 1141 282 1205 fuit?
335 1141 478 1206 Diceene
504 1141 605 1206 fuisse
626 1140 779 1223 spiritum
801 1139 867 1204 Dei
894 1143 951 1224 qui
979 1151 1011 1205 te
1033 1141 1171 1224 impule-
1224 1147 1276 1204 ter
1296 1140 1513 1222 inquirerent:
1536 1143 1564 1206 si
1584 1143 1724 1226 cognitio
1742 1151 1818 1208 tuae
1839 1163 1955 1209 cauam
1973 1151 2006 1210 te
2023 1148 2194 1230 purgabat,

198 1226 242 1292 rit
273 1226 315 1291 ad
350 1223 613 1291 denunciandum
639 1226 790 1292 omnibus
817 1225 1005 1290 certamen?
1056 1227 1171 1308 Neque
1224 1245 1335 1290 nonne
1362 1225 1397 1289 id
1424 1227 1532 1308 ipsum
1563 1237 1675 1310 optare
1708 1227 1869 1293 debuisti?
1924 1231 2040 1295 Metim
2075 1233 2195 1298 venisti

198 1313 278 1378 haec
300 1309 373 1378 dico
395 1310 613 1394 exprobrandi
635 1331 747 1376 causa:
769 1312 896 1376 utinam
919 1333 1034 1396 passus
1055 1312 1171 1378 luisses
1224 1311 1358 1376 deinde:
1381 1319 1503 1393 quanta
1523 1313 1732 1395 intemperies
1752 1315 1817 1379 luit
1833 1315 1920 1398 apud
1937 1315 2061 1381 Christi
2080 1315 2196 1383 adver·

198 1417 250 1463 me
271 1416 408 1482 prorsus
429 1405 545 1462 tacere.
580 1396 706 1462 Verum
729 1397 807 1462 dum
828 1417 940 1462 omnes
962 1417 1017 1463 eos
1040 1398 1096 1480 qui
1114 1405 1171 1463 tua
1223 1399 1327 1462 serios
1348 1398 1484 1475 iactare,
1512 1407 1544 1462 te
1565 1400 1694 1464 venisse
1714 1399 1913 1466 instructum
1940 1410 1978 1466 ut
1998 1423 2059 1467 nos
2080 1402 2195 1469 haere-

199 1485 315 1552 saltem
342 1483 494 1566 opinione
523 1503 590 1546 non
617 1483 696 1548 satis
722 1503 842 1566 aequos
869 1483 930 1549 tibi
956 1503 991 1550 se
1012 1483 1170 1566 praebue-
1223 1504 1295 1548 seos
1317 1482 1550 1548 convinceres?
1595 1484 1641 1548 Et
1668 1492 1779 1549 tamen
1803 1487 1926 1550 retines
1953 1488 2078 1552 interea
2104 1489 2196 1554 illam

198 1578 277 1635 runt
303 1589 379 1634 cum
407 1567 531 1634 Satana
558 1569 746 1652 coniungis,
781 1569 879 1634 nimie
908 1576 995 1633 certe
1023 1567 1171 1651 stupidos
1223 1569 1362 1654 gloriam
1380 1568 1466 1651 quod
1484 1568 1568 1633 nihil
1590 1584 1703 1636 contra
1724 1571 1929 1655 evangelium
1941 1573 2095 1639 moliaris
2128 1572 2196 1640 Sed

198 1655 383 1734 arbitraris,
413 1656 441 1720 si
462 1675 556 1737 posse
578 1654 641 1719 hoe
663 1655 791 1719 silentio
814 1655 1037 1719 transmittere
1059 1655 1170 1719 existi·
1223 1675 1286 1737 quo
1309 1653 1459 1736 exemplo
1481 1653 1543 1720 hoc
1564 1655 1658 1720 nobis
1679 1655 1852 1738 probabis?
1897 1656 1935 1723 Si
1960 1659 2032 1742 quie
2057 1681 2100 1724 ex
2120 1681 2197 1744 pro·

197 1761 276 1806 mas.
322 1741 414 1806 Dicis
435 1748 469 1804 te
490 1739 714 1824 indignatione
736 1740 836 1806 luisse
858 1741 1028 1824 percitum,
1050 1747 1089 1804 ut
1107 1739 1172 1804 Fa·
1221 1741 1306 1806 fesso
1326 1740 1446 1805 bellum
1468 1759 1543 1804 cum
1565 1761 1659 1806 servo
1682 1739 1807 1807 Christi
1835 1751 1942 1826 gerat,
1971 1765 2111 1828 eumque
2132 1747 2195 1810 im-

198 1827 308 1892 rellam
330 1835 362 1890 et
385 1847 438 1890 mu
459 1825 657 1903 traduceres,
680 1827 834 1909 quoniam
857 1826 1102 1900 literienostris
1124 1827 1170 1890 ef·
1222 1825 1332 1909 pediat
1353 1824 1471 1908 quibus
1493 1826 1597 1908 possit
1618 1826 1739 1904 modis,
1767 1831 1939 1909 quominus
1966 1829 2091 1896 Ohristi
2121 1852 2195 1916 reg-

197 1913 379 1980 locerumus
409 1933 451 1977 ne
479 1911 539 1976 tibi
568 1911 685 1976 fratres
713 1911 950 1978 Neocomenses
977 1911 1086 1977 locum
1115 1910 1171 1976 da-
1222 1932 1304 1975 num
1326 1921 1524 1994 promoveat,
1548 1912 1667 1976 mirum
1692 1912 1720 1976 si
1742 1913 1842 1978 talem
1860 1912 2025 1979 huminem
2043 1913 2132 1982 dicas
2154 1917 2195 1982 ab

197 2009 280 2065 rent
315 1999 463 2064 Primum
486 1997 519 2060 id
542 1995 594 2062 vel
616 1997 674 2062 abs
696 2003 728 2062 te
746 1995 918 2062 confictum
936 2006 995 2075 est,
1017 1997 1073 2061 vel
1089 1996 1171 2062 falso
1223 1997 1386 2080 evangelii
1408 1997 1556 2078 partibus
1577 2005 1674 2063 stare.
1718 1997 1805 2064 Vide
1825 1999 1945 2064 iterum
1974 1999 2076 2065 irater
2098 2013 2196 2086 atque

199 2085 239 2150 ad
261 2093 294 2152 te
316 2083 476 2148 delatum:
499 2081 584 2146 nihil
602 2082 688 2147 enim
706 2102 852 2165 unquam
870 2081 952 2146 mihi
970 2083 1005 2147 in
1027 2089 1171 2148 mentem
1223 2083 1344 2146 iterum
1371 2101 1435 2165 quo
1468 2083 1686 2167 progrediere.
1736 2084 1960 2150 Ministerium
1989 2087 2147 2153 habemus
2175 2110 2196 2154 a

198 2172 291 2236 venit
317 2169 383 2234 tale
411 2169 554 2235 scribere
581 2167 866 2233 Neocomensibus.
911 2167 951 2231 In
980 2169 1083 2232 literis
1105 2167 1171 2232 Fa·
1224 2166 1358 2233 Ohristo
1390 2168 1525 2232 minime
1558 2169 1771 2235 disiunctum:
1803 2171 1830 2236 si
1858 2168 2002 2249 dubitas,
2036 2172 2196 2240 habemus

199 2255 269 2321 relli
290 2264 448 2339 quantum
478 2252 574 2318 audio
604 2253 702 2336 (nihil
724 2254 812 2318 enim
834 2253 938 2319 habeo
960 2262 1092 2336 praeter
1113 2274 1171 2318 au·
1223 2255 1303 2320 satis
1341 2256 1468 2319 certum
1506 2263 1540 2318 et
1575 2254 1671 2319 fidele
1709 2255 1926 2321 conscientiae
1964 2259 2194 2325 testimonium.

199 2341 318 2420 ditum)
346 2340 445 2425 longe
466 2338 579 2404 durius
606 2345 764 2404 tractatus
787 2341 893 2404 luerat
915 2339 1053 2404 Mataei
1073 2359 1171 2422 quam
1223 2338 1413 2405 Blandiaris
1434 2339 1496 2405 tibi
1518 2350 1555 2404 ut
1580 2339 1686 2418 voles,
1716 2342 1839 2406 senties
1874 2341 2003 2408 demum
2031 2343 2066 2408 in
2092 2345 2195 2428 impe-

199 2437 244 2492 tn.
289 2426 403 2508 Quum
424 2445 503 2510 ergo
525 2445 630 2507 neque
658 2423 757 2490 verbo
786 2445 892 2507 neque
919 2426 1003 2491 lacto
1026 2445 1171 2508 unquam
1223 2423 1322 2490 tendo
1348 2432 1463 2490 contra
1485 2425 1656 2492 stimulum
1683 2436 1716 2490 te
1742 2427 1919 2492 calcitrare.
1963 2427 2095 2495 Interea
2116 2427 2195 2512 quid

199 2524 233 2578 te
253 2513 438 2591 laesissem,
467 2511 533 2576 imo
555 2531 657 2594 quum
678 2531 720 2574 ne
742 2510 880 2575 minima
902 2531 1045 2593 uuquam
1068 2511 1170 2576 offen·
1223 2511 1317 2576 nobis
1355 2529 1472 2576 nocere
1509 2509 1625 2594 potes?
1680 2511 1873 2578 Haereticce
1912 2513 2050 2580 vocabis.
2104 2513 2193 2582 Ubi?

199 2597 350 2665 sinncula
370 2605 405 2662 te
426 2597 648 2682 pupugissem,
677 2596 768 2662 euius
789 2595 1006 2661 humanitatis
1033 2596 1097 2660 fnit
1118 2617 1172 2660 me
1223 2597 1351 2680 Nempe
1382 2599 1470 2662 inter
1502 2617 1558 2662 eos
1587 2597 1642 2681 qui
1670 2607 1703 2662 te
1729 2619 1789 2681 pro
1821 2597 1985 2664 haeretico
2018 2599 2195 2679 habebunt,

198 2705 302 2768 usque
325 2682 406 2748 adeo
427 2683 580 2747 atrociter
600 2681 766 2748 lacerare?
810 2680 908 2762 Quod
936 2682 964 2747 si
992 2702 1056 2764 qua
1077 2683 1113 2745 in
1134 2701 1171 2746 rc
1223 2681 1354 2747 etiamsi
1372 2691 1428 2745 tua
1445 2680 1672 2748 maledicentia
1683 2683 1725 2748 ad
1736 2693 1866 2766 tempus
1884 2684 2070 2750 abutantur.
2094 2685 2195 2771 Apud

198 2771 329 2855 privato
350 2777 407 2834 tuo
436 2767 603 2834 commodo
632 2767 845 2845 obstitissem,
873 2787 969 2866 quam
997 2766 1102 2831 aliena
1124 2775 1172 2832 ta-
1222 2767 1292 2850 pios
1313 2773 1348 2832 et
1368 2765 1480 2832 doctos
1501 2768 1638 2832 minime
1658 2789 1782 2848 vereor,
1802 2790 1845 2833 ne
1865 2768 1943 2852 quid
1963 2771 2047 2836 mihi
2068 2770 2194 2837 obtrec-

199 2877 277 2921 men
297 2854 431 2920 homine
453 2854 631 2921 christiano
658 2852 716 2917 illa
736 2853 821 2918 ratio
842 2853 920 2930 furt,
948 2859 986 2916 ut
1006 2850 1170 2916 vindictae
1223 2851 1322 2917 tando
1344 2853 1503 2934 proficias.
1547 2853 1641 2920 Haec
1670 2854 1781 2918 omnia
1801 2855 1836 2919 in
1858 2875 1929 2920 eam
1952 2865 2079 2940 partem
2102 2878 2194 2942 spec·

200 2941 378 3025 eupiditate
399 2941 622 3004 inflammatus
647 2939 682 3003 in
707 2937 790 3002 illud
816 2937 1043 3003 turbulentum
1065 2939 1170 3002 consi-
1223 2945 1296 3002 tant
1317 2957 1355 3001 ac
1377 2937 1426 3002 ita
1447 2939 1548 3020 accipi
1570 2937 1628 3003 abs
1651 2947 1684 3003 te
1705 2939 1790 3018 volo,
1814 2949 1850 3005 ut
1867 2961 1977 3006 eoram
1987 2942 2060 3008 Deo
2081 2965 2194 3028 recog-

198 3027 280 3093 linm
302 3024 552 3110 prorumperes?
586 3023 698 3105 Quum
718 3024 778 3090 tibi
796 3043 926 3106 semper
942 3022 1081 3088 antehac
1099 3025 1170 3088 sine
1223 3043 1346 3102 noscas,
1367 3043 1465 3106 quam
1487 3023 1576 3088 viam
1593 3024 1638 3090 sis
1659 3024 1843 3108 ingressus,
1871 3047 1977 3110 neque
1999 3027 2080 3093 alios
2102 3029 2194 3094 dam·

201 3113 405 3179 dubitatione
431 3111 565 3178 inissem
593 3109 712 3189 frater,
741 3109 797 3192 qui
818 3110 889 3175 lieri
911 3108 1018 3192 potuit
1039 3115 1079 3173 ut
1099 3127 1170 3173 mc-
1222 3106 1331 3172 nendo
1353 3107 1535 3173 immeritos
1562 3107 1783 3174 defensionem
1812 3111 1995 3190 mediteris,
2022 3134 2105 3195 quae
2125 3135 2194 3180 nou

199 3206 310 3264 mento
331 3218 398 3262 uno
419 3197 531 3262 fierem
559 3195 758 3274 haereticus,
786 3217 806 3260 a
827 3195 920 3261 euius
942 3196 1171 3261 communione
1221 3193 1318 3259 mode
1335 3193 1426 3258 omni
1443 3193 1664 3274 fundamento,
1687 3195 1862 3260 sedetiam
1880 3205 2055 3280 praetextu
2074 3209 2192 3265 careat

200 3281 415 3351 abhorreres?
460 3281 593 3348 Scilicet
619 3281 682 3347 hoc
709 3301 777 3346 non
803 3289 853 3346 est
881 3287 1084 3346 sacrosancto
1105 3280 1171 3345 Dei
1221 3279 1295 3346 Hoc
1317 3281 1345 3345 si
1366 3279 1457 3345 fuero
1479 3289 1709 3364 consequutus,
1732 3281 1811 3346 satis
1833 3281 1914 3346 mihi
1932 3291 1990 3346 est.
2035 3283 2120 3349 Nolo
2142 3293 2194 3348 ta·

198 3371 333 3436 nomine
355 3369 453 3434 abuti.
497 3368 608 3452 Negas
629 3365 717 3432 aliud
734 3367 794 3433 tibi
816 3366 1024 3450 superfuisse,
1047 3366 1111 3432 nisi
1132 3373 1171 3431 ut
1221 3387 1299 3431 men
1318 3376 1351 3430 te
1370 3375 1543 3451 propterea
1570 3365 1717 3432 animum
1739 3385 1894 3450 spemque
1911 3367 2060 3434 abiicere.
2105 3369 2193 3434 Nam

200 3477 262 3521 noe
278 3453 564 3522 irreconciliabiles
581 3453 800 3539 proclamares
819 3452 896 3536 (hoc
908 3453 1058 3518 animast
1073 3459 1170 3517 tuum
1222 3451 1252 3516 si
1273 3451 1365 3517 nobis
1386 3472 1467 3517 vera
1494 3459 1528 3516 et
1550 3451 1653 3516 solida
1674 3452 1755 3516 recti
1776 3451 1878 3516 animi
1899 3451 2020 3518 indicia
2041 3453 2193 3520 ostende·

201 3542 351 3618 verbum)
373 3539 430 3606 sed
451 3539 624 3622 paulisper,
647 3559 774 3621 quaeso,
798 3547 906 3604 tecum
924 3547 1049 3621 reputa,
1071 3559 1170 3620 quam
1222 3538 1277 3614 ris,
1299 3537 1407 3620 parati
1424 3557 1537 3603 sumus
1555 3545 1662 3602 tecum
1683 3558 1760 3602 mox
1777 3537 1812 3601 in
1831 3537 1970 3622 gratiam
1989 3541 2111 3622 optima
2127 3539 2193 3606 fide

201 3636 235 3692 te
263 3625 438 3694 ridiculum
465 3625 580 3704 facias,
614 3644 710 3707 quem
738 3632 866 3689 constat
893 3625 927 3688 in
954 3622 1063 3688 media
1091 3644 1171 3706 pace
1222 3622 1337 3702 redire,
1360 3623 1471 3688 omnia
1488 3622 1645 3702 oblivisci,
1663 3623 1841 3706 ignoscere,
1864 3631 1898 3688 et
1914 3646 2048 3708 prorsus
2065 3647 2107 3691 ex
2124 3649 2193 3692 me-

198 3713 372 3780 claesicum
393 3711 556 3777 cecinisse.
600 3711 726 3774 Verum
748 3711 800 3776 iao
822 3710 880 3775 tibi
903 3708 1013 3773 datam
1035 3729 1055 3774 a
1076 3708 1171 3773 nobis
1221 3707 1327 3773 moria
1348 3705 1465 3774 delere.
1508 3708 1645 3774 Utinam
1667 3715 1781 3792 peetus
1799 3731 1908 3774 meum
1929 3711 2050 3776 intueri
2072 3719 2208 3795 posses,

199 3801 344 3884 aliquam
367 3797 583 3864 occasionem:
612 3795 689 3878 quid
717 3804 828 3860 tamen
859 3795 921 3860 sibi
940 3794 1013 3860 vult
1033 3793 1171 3860 verbum
1222 3793 1305 3858 nihil
1332 3793 1420 3858 enim
1448 3795 1553 3878 magis
1580 3795 1675 3876 cupio
1704 3815 1802 3878 quum
1823 3793 1896 3861 Deo
1922 3809 1955 3861 te
1983 3797 2193 3862 mccnciliare

196 3885 280 3952 illud
304 3903 369 3967 quo
397 3881 520 3948 uteris?
566 3881 664 3946 Certe
689 3879 966 3946 irreconciliabilis
994 3877 1112 3945 dicitur
1141 3880 1171 3946 is
1222 3881 1382 3962 primum,
1409 3891 1449 3944 ut
1473 3881 1561 3944 iuter
1588 3901 1648 3944 noe
1676 3881 1736 3944 liat
1763 3883 1859 3946 firma
1887 3883 2080 3951 coniunctio.
2124 3881 2193 3948 Sed

197 3993 295 4058 quem
317 3990 419 4054 quum
441 3968 546 4033 modis
573 3966 724 4032 omnibus
746 3967 876 4049 placare
897 3963 1077 4042 studuerise
1104 3986 1171 4030 uon
1222 3963 1318 4031 crede
1340 3964 1438 4042 mihi,
1465 3985 1636 4048 nunquam
1657 3965 1789 4030 utiliter
1802 3964 1946 4032 Domino
1967 3969 2098 4044 servies,
2127 3968 2193 4033 nisi

198 4057 344 4143 potueris
372 4063 481 4136 tamen
511 4053 551 4118 ad
580 4053 681 4117 ullam
708 4059 834 4134 partem
862 4051 1036 4135 aequitatis
1058 4051 1169 4117 inflec-
1222 4050 1308 4116 istud
1332 4049 1544 4133 supercilium
1566 4048 1769 4132 deposueris,
1800 4063 1833 4117 et
1852 4052 1984 4136 linguae
2006 4052 2192 4118 amarulen-

199 4153 276 4210 tere.
322 4139 464 4222 Quando
492 4148 560 4203 tam
588 4138 805 4222 praefractam
827 4159 865 4204 ac
886 4137 1086 4220 pertinacem
1109 4136 1169 4201 du·
1222 4137 1311 4202 tiam
1355 4137 1446 4220 Ergo
1467 4136 1495 4202 si
1516 4135 1554 4200 in
1574 4137 1714 4219 gratiam
1742 4136 1909 4204 nobiscum
1936 4137 2043 4204 redire
2064 4138 2192 4204 animus

198 4230 307 4294 ritiem
330 4227 366 4290 in
388 4225 480 4290 nobis
502 4245 649 4306 unquam
671 4231 826 4306 expertus
848 4221 904 4288 es?
938 4221 991 4286 De
1009 4243 1062 4286 me
1082 4221 1170 4305 quod
1223 4231 1281 4300 est,
1305 4223 1411 4306 parati
1433 4241 1548 4286 sumus
1566 4220 1607 4286 ad
1629 4229 1663 4286 te
1686 4221 1958 4305 amplexandum:
1985 4243 2090 4306 neque
2117 4221 2192 4290 dee·

199 4312 407 4398 conqueraris
429 4332 493 4376 non
513 4309 628 4376 habes:
656 4329 716 4393 ego
738 4329 816 4374 vero
837 4309 1049 4374 iustissimam
1070 4308 1170 4372 ratio·
1222 4309 1325 4374 umus
1347 4307 1424 4374 ullis
1445 4307 1570 4383 officiis,
1596 4306 1702 4389 quoad
1725 4305 1855 4372 dabitur
1873 4307 2019 4374 facultas.
2064 4309 2192 4376 Verum

197 4423 274 4466 nem
299 4398 413 4474 habeo,
436 4416 496 4462 cur
517 4405 625 4462 tecum
648 4395 868 4478 expostulem,
898 4405 935 4459 ut
955 4393 1041 4457 nihil
1063 4392 1170 4459 dicam
1222 4394 1370 4458 inillam
1392 4412 1491 4475 quam
1513 4413 1533 4457 a
1554 4391 1648 4458 nobis
1670 4391 1775 4475 exigis
1796 4394 1988 4475 pactionem,
2010 4397 2066 4477 qui
2088 4398 2190 4480 possi·

117 4537 121 4544 .
197 4487 343 4572 gravius.
386 4482 502 4565 Neque
523 4490 634 4546 tamen
657 4480 696 4545 de
718 4480 842 4545 ultione
864 4480 1019 4564 cogitavi:
1041 4485 1170 4544 tantum
1221 4501 1294 4546 mus
1317 4477 1535 4544 descendere?
1564 4489 1603 4543 ut
1624 4475 1682 4542 tibi
1701 4477 1823 4542 scilicet
1847 4477 2016 4544 ecclesiam
2042 4482 2108 4546 iam
2135 4481 2190 4546 de-

197 4574 292 4639 abest
312 4581 351 4635 ut
371 4569 498 4632 lacinus
519 4567 625 4632 ullum
652 4565 770 4631 hostile
796 4567 830 4630 in
857 4575 890 4630 te
917 4564 1168 4648 designaverim.
1221 4562 1458 4648 spondeamus?
1502 4564 1652 4630 Primum
1675 4562 1827 4628 ecclesiae
1849 4584 1914 4628 non
1936 4573 2014 4630 suut
2034 4567 2128 4632 nobis
2148 4565 2190 4631 ad

196 4657 252 4723 De
274 4654 402 4722 Feretro
423 4653 522 4718 velim
545 4655 643 4730 scire,
672 4672 769 4734 quam
791 4651 945 4715 iniuriam
967 4649 1027 4716 tibi
1049 4651 1169 4715 fecerit.
1221 4671 1357 4716 manum
1379 4651 1463 4716 sieut
1484 4651 1584 4729 noeti;
1615 4635 1730 4714 deinde
1757 4669 1822 4730 qua
1849 4651 2047 4718 conscientia
2073 4651 2107 4718 id
2130 4651 2190 4718 tibi

197 4743 338 4826 Scripsit
357 4761 399 4803 ne
417 4738 668 4802 admitterentur
685 4737 726 4801 ad
745 4738 972 4812 ministerium,
996 4737 1051 4818 qui
1069 4737 1171 4802 ecele-
1221 4735 1463 4819 pelliceremur,
1503 4743 1678 4817 antequam
1710 4733 1750 4798 de
1781 4736 1992 4802 consensione
2023 4736 2190 4804 <lucinae

1222 4821 1369 4888 constet?
1420 4819 1495 4886 Non
1524 4819 1708 4886 dissimulas
1735 4827 1769 4885 te
1797 4839 1818 4886 a
1843 4821 1937 4888 nobis
1967 4821 2073 4888 adhue
2095 4821 2189 4888 dissi-

1223 4907 1314 4972 dere:
1344 4915 1378 4972 et
1398 4917 1509 4971 tammu
1538 4906 1589 4970 vis
1611 4905 1720 4972 locum
1742 4905 1801 4972 tibi
1823 4906 1981 4972 destinari
2001 4907 2043 4972 ad
2071 4905 2190 4972 doeen-

195 5001 359 5083 eqqtaterat,
379 4993 526 5074 deindaut
541 4993 652 5074 ridetur
673 4993 763 5048 dem
786 4991 968 5047 wedam
985 4992 1122 5058 quaem
1138 4991 1170 5046 ὑ·
1222 4993 1308 5057 duan.
1354 4993 1405 5057 Tu
1435 4993 1505 5075 ipse
1533 4989 1697 5074 perpende
1724 5003 1924 5077 quantopere
1952 4991 2039 5057 istud
2067 4991 2187 5059 deceat

193 5071 299 5126 ‘lm‘
309 5068 511 5147 Nmn
526 5062 585 5116 ΗΜ
595 5077 666 5142 m.
676 5079 726 5132 Ψ
742 5062 870 5144 ‘lim’
882 5061 930 5142 ‚⁰³¹
945 5059 1086 5141 ’ΜΨ
1099 5076 1169 5142 paq-
1221 5077 1290 5142 Nos
1312 5098 1391 5142 vero
1413 5077 1585 5160 plusquam
1607 5077 1735 5159 stipites
1753 5079 1869 5143 merito
1891 5077 2061 5157 iudicares,
2084 5081 2112 5144 si
2129 5077 2188 5144 tibi

194 5136 474 5276 mfflw
489 5128 1170 5270 lfflmdssfffffflffimmffi
1221 5164 1481 5246 obsequeremur.
1533 5162 1578 5228 Ut
1608 5163 1708 5228 ᾶιιοιιι
1740 5161 1916 5247 aliquando
1947 5164 2078 5242 seciam,
2113 5173 2189 5248 peto

194 5287 286 5334 tam
301 5279 422 5332 actm
437 5241 496 5326 ada
511 5271 640 5326 tamma
1222 5248 1279 5315 abs
1301 5257 1342 5326 te,
1373 5263 1412 5312 ut
1433 5249 1542 5312 animo
1565 5250 1743 5332 composito
1765 5271 1802 5316 ac
1825 5247 1936 5315 sedato
1956 5268 2065 5316 mum
2089 5251 2189 5334 dispi-

198 4901 335 4912 ...-.-.-.--
354 4900 361 4904 —
389 4899 399 4902 -
