4942 5982
309 305 368 366 10⁷
1123 295 1384 364 urlsuouslt
1407 301 1468 362 253
2241 304 2303 367 108

306 489 458 555 Christus
481 487 617 562 eiieitur,
646 507 747 568 quum
770 483 846 550 iidei
871 485 940 550 eina
958 484 1103 548 ministri
1125 484 1277 549 reiieiun·
1328 505 1416 564 uam,
1439 485 1534 550 sicuti
1556 505 1672 551 revere
1694 493 1753 565 est,
1781 487 2029 570 amplectemini.
2074 488 2168 552 Haec
2188 486 2305 554 Domi-

307 584 369 652 tur,
392 575 439 640 ita
461 573 619 656 repetitur
646 591 775 654 queque
801 569 929 653 quande
956 569 979 634 ii
1006 575 1202 653 repetuntur
1222 569 1276 652 qui
1329 591 1391 635 nus
1413 569 1519 650 vobis,
1548 579 1585 635 ut
1613 569 1755 656 benigne
1776 573 1896 656 eoepit,
1920 573 2057 658 impleat
2077 579 2113 638 et
2132 575 2304 641 confirmet

306 679 382 726 eum
404 679 480 724 vere
502 657 699 741 praedicant.
744 655 916 739 Repetitus
937 664 1048 720 autem
1070 676 1136 720 non
1157 655 1278 737 poterit
1329 661 1502 738 servetque
1523 677 1659 740 semper.

306 766 374 810 non
395 743 523 810 adesse:
558 751 592 808 ct
614 743 784 808 adessent
811 742 990 806 sentiamus
1011 761 1085 806 eum
1108 741 1185 805 mali
1207 761 1277 806 om·
1415 741 1519 807 Porro
1537 740 1624 826 qued
1646 741 1775 808 Calvino
1797 743 1890 808 tratri
1912 751 1947 808 et
1966 751 2168 829 symmystae
2190 753 2303 810 nostro

306 832 358 896 nis
380 829 586 912 depulsorem
607 835 642 893 et
663 828 821 894 bonorum
848 827 994 892 emnium
1024 826 1291 892 conciliatorem.¹
1331 825 1516 892 venerando
1538 837 1572 892 et
1593 828 1769 906 carissimo,
1799 837 1930 895 autores
1952 849 2041 896 nunc
2062 850 2133 896 esse
2156 850 2222 894 nou
2244 849 2303 914 pe-

305 915 523 982 Gratulamur
543 916 653 996 itaque
676 913 768 979 vobis
791 913 879 978 hunc
900 912 1048 976 animum
1070 920 1103 977 et
1126 932 1204 977 vere
1226 931 1277 978 sa·
1329 913 1469 990 tuimus,
1498 921 1536 978 ut
1558 915 1725 979 aestatim
1747 912 1789 979 ad
1819 935 1877 979 vos
1908 916 2080 998 reciperet,
2110 935 2210 981 eausa
2236 937 2303 982 una

305 1002 448 1067 luterem
468 1003 714 1078 cecitationem,
743 1017 825 1082 quae
846 997 980 1063 indubie
1001 1018 1067 1062 nen
1089 998 1197 1062 minus
1219 1019 1277 1062 vo-
1330 1003 1381 1063 est
1402 998 1487 1081 quod
1509 1000 1675 1064 communi
1693 1020 1779 1064 nunc
1796 1001 1943 1064 omnium
1960 1000 2169 1066 eeclesiarum
2187 1001 2302 1068 miuis-

305 1088 357 1154 bis
379 1056 621 1153 commodorum
643 1085 782 1162 adferet,
811 1103 910 1166 quam
937 1091 988 1149 cst
1016 1091 1112 1166 grata
1133 1083 1292 1148 Domino
1330 1084 1413 1148 terio
1431 1095 1465 1149 et
1483 1103 1521 1148 eo
1538 1105 1696 1169 perquam
1715 1085 1895 1150 necessario
1910 1106 1989 1151 sana
2008 1086 2180 1152 detinetur.
2212 1087 2303 1152 Dum

307 1195 346 1240 ao
368 1171 519 1238 omnibus
541 1173 597 1256 qui
624 1191 744 1236 nemen
772 1171 842 1235 eius
868 1191 910 1234 ex
940 1190 1019 1235 voro
1047 1169 1157 1234 animo
1184 1169 1277 1236 inre·
1331 1169 1421 1234 euim
1447 1170 1624 1250 Imperator
1650 1179 1683 1236 et
1712 1171 1969 1254 quamplurimi
1997 1173 2161 1254 principes
2188 1191 2302 1254 pacem

308 1267 394 1324 caut.
437 1259 538 1323 Hune
559 1279 619 1324 nes
639 1254 852 1340 precabimur,
875 1263 914 1320 nt
934 1263 1078 1320 mentem
1100 1255 1198 1319 istam
1219 1275 1278 1320 ve·
1331 1254 1529 1320 Germaniae
1551 1264 1722 1338 quaeruut,
1745 1264 1779 1322 et
1799 1276 1839 1322 ea
1855 1258 2010 1324 constitui
2028 1279 2095 1322 uon
2117 1257 2222 1340 possit
2239 1258 2310 1322 nisi·

307 1344 358 1410 bis
379 1352 488 1410 servet
509 1345 597 1409 etin
619 1363 656 1408 eo
679 1361 890 1425 perseverare
917 1340 1012 1406 vobis
1040 1340 1215 1424 largiatur,
1242 1349 1279 1404 ut
1330 1341 1498 1426 religionis
1520 1339 1654 1406 dissidio
1677 1341 1814 1420 sublato,
1845 1350 1879 1408 et
1900 1342 1961 1408 hoc
1983 1342 2055 1408 tolli
2077 1356 2217 1425 nequeat
2238 1344 2301 1410 uisi

308 1451 375 1495 uon
408 1430 582 1512 quoslihet,
616 1426 673 1494 sed
705 1449 760 1493 ecs
798 1447 926 1510 semper
958 1427 1119 1508 expetatis
1154 1424 1279 1492 Christi
1330 1425 1525 1492 admittetur
1543 1427 1670 1510 puritas
1688 1427 1854 1493 doctrinae
1876 1435 1909 1492 ct
1925 1429 2095 1495 sinceritas
2113 1427 2301 1512 disciplinae

307 1515 484 1593 ministros,
513 1519 568 1598 qui
589 1524 693 1580 totum
715 1512 841 1578 Christi
868 1511 1085 1576 ministerium
1113 1519 1279 1594 praestare
1332 1510 1466 1591 Christi,
1490 1510 1553 1578 dici
1576 1515 1632 1579 vix
1653 1521 1761 1596 potest
1787 1521 1825 1578 ut
1846 1513 2013 1580 laboretur
2034 1513 2076 1580 ab
2096 1512 2299 1592 adversariis,

309 1601 402 1666 robis
424 1601 588 1679 laborent,
617 1600 678 1666 hoo
706 1609 765 1678 est,
796 1597 879 1662 nihil
908 1599 1076 1675 omittant,
1105 1597 1280 1680 quominus
1330 1598 1386 1680 qui
1409 1598 1464 1663 hie
1484 1599 1670 1680 frequentes
1693 1598 1814 1663 adsunt
1840 1621 1884 1664 ex
1904 1601 2011 1665 Roma
2032 1609 2065 1664 ct
2086 1599 2183 1664 Italia
2204 1609 2301 1682 atque

307 1685 464 1769 quidquid
485 1689 597 1753 orium
620 1685 745 1750 Christi
773 1685 813 1750 ab
842 1683 903 1748 hoo
924 1685 995 1766 ipso
1017 1705 1074 1748 suo
1098 1682 1182 1748 bono
1204 1704 1277 1765 pas·
1330 1684 1404 1750 aliis
1426 1683 1622 1759 nationibus,
1647 1685 1797 1767 episcopi,
1827 1683 1983 1764 dectores,
2006 1685 2159 1752 monachi
2180 1694 2214 1751 et
2235 1687 2300 1752 fra·

308 1783 379 1836 tore
401 1772 579 1838 alienatum
602 1771 709 1836 adhuc
736 1779 807 1836 erat
837 1769 877 1834 ad
900 1769 1009 1835 caulas
1031 1768 1100 1834 eius
1123 1768 1278 1850 perduca-
1330 1777 1397 1835 tres
1421 1771 1584 1834 variarum
1607 1781 1784 1849 sectarum,
1813 1779 1850 1835 ut
1871 1771 2046 1836 videantur
2066 1771 2130 1855 ipsi
2152 1771 2301 1854 pacifica·

306 1865 374 1936 tur,
396 1866 430 1921 et
451 1857 609 1941 quidquid
634 1859 674 1920 ab
703 1857 754 1920 his
775 1877 890 1920 rrrrsus
912 1853 1096 1940 digressum
1117 1855 1216 1920 fuerit
1237 1853 1279 1919 ad
1330 1856 1453 1920 tionem
1464 1855 1618 1921 ecelesiae
1629 1855 1813 1938 quaesiisse,
1831 1877 1891 1922 nos
1909 1876 1987 1922 vere
2007 1857 2164 1924 reiecisse.
2188 1855 2300 1938 Quum

308 1964 364 2008 aas
386 1953 573 2022 revocetur,
603 1941 760 2026 quidquid
781 1941 904 2024 ahquid
931 1940 1066 2024 fregerit
1088 1941 1140 2005 vel
1163 1939 1279 2006 vulne·
1330 1942 1440 2024 itaque
1462 1941 1526 2006 ista
1547 1940 1715 2006 molimina
1740 1949 1854 2007 centra
1874 1941 2046 2008 Christum
2064 1941 2245 2020 videamus,
2268 1951 2302 2008 et

307 2035 416 2094 ratum
434 2031 532 2094 fuerit
549 2037 690 2103 curetur,
709 2026 865 2110 quidquid
883 2025 988 2091 debile
1005 2027 1049 2090 sit
1066 2025 1278 2103 confortetur,
1330 2027 1518 2092 institutum
1538 2027 1582 2092 sit
1603 2027 1704 2092 semel
1722 2026 1761 2092 dc
1779 2029 2006 2093 controversiis
2028 2025 2195 2112 religionis
2216 2027 2300 2094 serio

307 2113 461 2198 quidquid
484 2135 601 2180 sanum
623 2123 655 2179 et
676 2120 828 2197 vegetum
857 2111 1071 2178 custodiatur:
1103 2111 1159 2194 qui
1181 2112 1280 2176 instet
1330 2111 1485 2195 colloqui,
1515 2112 1646 2194 pietatis
1667 2121 1730 2191 est,
1760 2120 1799 2178 ut
1820 2123 1854 2176 et
1875 2113 1937 2196 ipsi
1960 2113 2006 2179 ita
2028 2113 2174 2179 adsimus
2195 2120 2230 2178 et
2249 2133 2300 2179 oo·

307 2201 471 2266 universis
482 2208 516 2265 et
527 2199 665 2284 singulis
676 2205 856 2282 opportune
873 2208 908 2263 et
926 2198 1124 2282 importune,
1148 2217 1190 2262 ue
1207 2197 1279 2279 quis
1332 2208 1430 2262 natus
1453 2196 1715 2263 adversariorum
1736 2198 1946 2283 excipiamus,
1969 2219 2012 2265 ne
2034 2199 2204 2266 videamur
2224 2219 2300 2264 cau-

308 2285 362 2352 vel
385 2307 405 2350 a
426 2286 535 2368 gratia
556 2284 700 2363 excidet,
731 2283 783 2351 vel
810 2304 883 2349 eam
904 2286 940 2348 in
962 2304 1082 2350 vanum
1103 2283 1280 2366 amplecta-
1332 2305 1387 2349 sae
1410 2284 1543 2348 Domini
1564 2293 1598 2348 et
1625 2283 1740 2349 salutis
1768 2291 1897 2350 nostrae
1925 2284 1987 2368 ipsi
2016 2283 2165 2350 defuisse.
2208 2283 2301 2350 Haec

308 2379 373 2436 tur.
416 2371 486 2438 Nee
508 2372 596 2436 enim
618 2371 698 2437 satis
720 2371 841 2453 pastori
863 2375 927 2448 eet,
956 2376 994 2434 ut
1015 2368 1146 2452 publice
1168 2367 1280 2434 doceat
1331 2369 1440 2452 itaque
1462 2390 1561 2435 causa
1587 2371 1693 2452 prima
1718 2377 1770 2435 est
1800 2391 1859 2436 eur
1883 2368 2037 2436 Calvinus
2063 2393 2152 2436 nuno
2179 2369 2220 2435 ad
2243 2389 2301 2436 voe

307 2463 342 2522 et
368 2465 572 2522 saemmcuta
599 2455 818 2522 administret:
852 2454 911 2520 sed
939 2463 1009 2519 tum
1037 2476 1072 2519 se
1097 2461 1278 2520 curatorem
1331 2455 1446 2520 venire
1469 2476 1534 2520 non
1556 2463 1663 2537 queat,
1686 2453 1771 2538 quod
1794 2456 1893 2520 etiam
1914 2455 1991 2522 boni
2013 2455 2182 2522 consulere
2204 2454 2301 2522 debe·

307 2542 494 2606 animarum
516 2544 578 2610 rite
600 2542 781 2618 exhibebit,
810 2562 912 2624 quum
940 2549 977 2604 ut
1004 2547 1099 2624 pater
1126 2540 1220 2618 filios,
1243 2545 1280 2604 ut
1332 2542 1384 2620 tis,
1406 2562 1505 2624 quum
1529 2562 1594 2605 non
1616 2541 1727 2606 minus
1750 2541 1803 2606 hic
1824 2551 1955 2607 vestrae
1973 2563 2072 2624 quam
2089 2541 2228 2606 aliarum
2251 2563 2303 2608 co·

309 2625 422 2692 nutrix
445 2626 616 2694 alumnum
637 2629 777 2706 curarit,
804 2625 922 2693 foverit
950 2633 982 2692 at
1009 2625 1188 2691 instituerit
1209 2647 1280 2710 gre·
1330 2627 1503 2691 olesiarum
1530 2627 1712 2692 ministerio
1739 2626 1907 2693 inserviat
1968 2626 2084 2692 Altera
2112 2647 2213 2692 eausa
2244 2647 2303 2692 cur

311 2733 387 2796 gem
407 2712 470 2779 sibi
491 2715 700 2780 commissum
723 2721 820 2779 etex
841 2734 879 2778 ee
900 2733 1001 2797 grege
1023 2711 1214 2794 quemlibet,
1244 2722 1280 2776 ut
1332 2711 1427 2777 modo
1450 2719 1595 2778 vestram
1617 2712 1767 2794 amplecti
1789 2712 1992 2778 vocatiouem
2013 2733 2080 2778 nen
2102 2720 2223 2796 potest,
2253 2719 2303 2780 est

308 2807 405 2880 pater
425 2799 564 2883 inquam
585 2812 618 2864 et
639 2801 767 2876 nutrix,
799 2819 880 2881 quas
907 2797 988 2863 duas
1010 2798 1170 2882 imagines
1191 2797 1280 2862 Pau·
1332 2797 1417 2880 quod
1439 2797 1620 2862 videndum
1642 2798 1741 2875 eisit,
1764 2798 1877 2864 nevel
1897 2817 1978 2878 eam,
2001 2819 2100 2882 quam
2119 2797 2215 2864 mode
2233 2819 2302 2864 eer-

307 2883 361 2950 lus
383 2887 549 2968 proponit,
578 2885 658 2969 quin
684 2896 721 2950 ut
742 2884 895 2950 Christus
916 2883 1001 2968 ipse,
1030 2903 1094 2966 quo
1116 2883 1200 2947 nihil
1222 2903 1280 2965 po·
1331 2894 1399 2948 tam
1418 2883 1740 2962 vocationemhabet,
1758 2891 1882 2952 temere
1900 2883 2038 2962 deseret,
2056 2905 2140 2950 neve
2157 2891 2302 2950 vestram

308 2977 375 3036 test
401 2993 472 3037 esse
500 2971 700 3038 moderatius
735 2979 791 3035 aut
822 2970 935 3035 mitius
967 2979 1064 3052 atque
1097 2967 1278 3034 amabilius.
1331 2991 1397 3035 non
1418 2976 1506 3036 reete
1524 2977 1558 3033 et
1577 2967 1689 3034 ordine
1706 2969 1930 3054 amplectatur.
1964 2969 2075 3035 Habet
2091 2970 2126 3034 in
2144 2969 2215 3048 hac,
2239 2988 2303 3053 quo

309 3057 526 3124 Commodum
552 3058 640 3124 enim
667 3063 717 3122 est
745 3058 857 3141 iugum
880 3055 1015 3121 Domini
1040 3064 1073 3119 et
1099 3075 1181 3120 enus
1210 3055 1280 3119 eius
1331 3077 1420 3122 nuuc
1439 3053 1526 3139 apud
1545 3076 1605 3120 nos
1624 3053 1797 3132 detinetur,
1820 3057 1998 3135 vocatione,
2021 3055 2085 3120 due
2103 3062 2190 3120 certe
2206 3077 2302 3139 prae·

308 3145 391 3210 leve.
425 3143 518 3208 Nihil
531 3143 615 3222 duri,
633 3142 716 3207 nihil
727 3141 902 3206 inhumani
919 3142 954 3205 in
972 3139 1145 3223 disciplina
1155 3138 1280 3206 Christi
1331 3141 1420 3226 clara
1443 3151 1476 3206 et
1503 3140 1647 3206 ecelesiis
1676 3140 1771 3206 utilia
1798 3141 1989 3206 ministeria.
2039 3141 2158 3206 Pastor
2178 3150 2228 3208 est
2250 3161 2302 3206 ec·

309 3239 368 3296 est.
413 3231 489 3295 Rex
513 3230 584 3308 hic,
611 3241 646 3294 ut
674 3229 709 3292 in
731 3249 789 3294 suo
811 3228 915 3311 ipsius
936 3246 1085 3308 corpore,
1113 3225 1160 3290 ita
1181 3226 1280 3290 etiam
1332 3225 1448 3291 clasiae
1469 3225 1649 3310 gallicanae
1673 3224 1760 3310 apud
1781 3247 1854 3305 nos,
1884 3247 2005 3310 parvae
2026 3225 2166 3310 quidem,
2190 3227 2217 3291 si
2238 3248 2302 3291 nu·

308 3315 470 3381 inservis
492 3317 560 3382 suis
588 3315 681 3380 venit
702 3313 837 3378 humilis
865 3320 898 3377 et
919 3319 1125 3390 mansuetus,
1155 3331 1222 3376 neu
1244 3319 1281 3375 ut
1331 3332 1461 3376 merum
1482 3319 1607 3395 spectes
1628 3312 1756 3394 populi,
1786 3320 1821 3377 at
1842 3313 1898 3396 qui
1920 3311 2104 3379 considerat
2125 3311 2177 3378 hie
2199 3311 2301 3377 loctcs

309 3401 495 3466 dominetur
516 3400 573 3466 sed
602 3410 640 3466 ut
661 3399 800 3477 serviat,
829 3419 896 3463 nen
924 3408 961 3462 ut
986 3395 1048 3480 ipsi
1077 3396 1281 3462 ministretur
1332 3396 1490 3480 quosdam
1511 3419 1551 3462 ex
1574 3398 1663 3462 curui
1686 3397 1795 3463 Callia
1822 3399 1960 3464 iuvenes
1988 3397 2030 3462 ad
2050 3396 2219 3464 Christum
2248 3397 2302 3461 in·

310 3485 368 3552 sed
386 3497 428 3552 ut
447 3488 518 3570 ipss
546 3487 711 3550 ministret
736 3483 845 3562 nobis,
874 3483 973 3548 etiam
994 3480 1211 3565 impendendo
1231 3481 1280 3548 vi·
1332 3483 1432 3562 stitui,
1455 3484 1483 3548 is
1548 3489 1659 3549 noscet
1685 3483 1778 3549 facile
1802 3482 1928 3550 Caluini
1950 3483 2185 3563 ministerium,
2215 3482 2301 3566 qued

209 3650 211 3654 ι
309 3581 379 3636 tam
407 3593 517 3648 suam,
548 3579 585 3636 ut
611 3571 703 3636 nobie
730 3567 925 3652 peremnia
960 3569 1041 3633 bene
1078 3569 1129 3634 sit.
1191 3566 1280 3649 Quid
1331 3569 1384 3634 hio
1407 3567 1528 3652 quamli
1551 3575 1584 3634 et
1603 3569 1717 3651 paucis
1738 3568 1879 3648 exhibet,
1903 3570 2061 3653 paterein
2080 3575 2183 3634 tetam
2200 3569 2301 3634 terme

309 3656 393 3723 heo?
427 3656 511 3740 qued
543 3665 640 3739 caput
672 3655 827 3720 membris
860 3661 894 3720 et
921 3653 1107 3719 membrum
1133 3653 1279 3718 membro
1332 3654 1486 3732 Galliam,
1516 3663 1549 3720 et
1570 3663 1607 3718 ut
1627 3653 1663 3718 hi
1683 3654 1791 3737 aliqua
1808 3675 1850 3720 cx
1872 3663 1966 3738 parte
1983 3661 2122 3738 pessunt
2144 3655 2237 3720 illum
2258 3653 2301 3720 ad

308 3750 456 3828 praestat
474 3744 509 3807 in
526 3763 605 3808 sanc
623 3761 766 3824 corpore,
789 3740 850 3806 hoe
868 3749 1053 3823 praestatur
1073 3740 1111 3804 iu
1132 3741 1279 3804 ministe·
1331 3761 1392 3805 res
1414 3741 1515 3823 sequi,
1538 3747 1663 3806 eertum
1681 3747 1790 3806 tamen
1812 3741 1921 3820 estid,
1945 3761 2046 3825 quum
2064 3749 2198 3823 propter
2220 3739 2301 3806 eliae

308 3830 358 3894 rie
371 3827 496 3894 Christi
514 3827 639 3895 cunctis
651 3835 684 3892 et
695 3826 834 3912 iugulis
844 3827 882 3890 in
899 3825 1041 3906 ecelesia,
1060 3847 1143 3908 quae
1153 3825 1280 3892 Christi
1331 3847 1414 3909 quae
1435 3827 1490 3892 hic
1511 3826 1676 3892 habentur
1696 3825 1940 3909 praelectiones,
1964 3837 2034 3891 tum
2051 3826 2151 3890 otium
2168 3829 2303 3910 propter

308 3935 428 3998 corpus
451 3921 509 3980 est.
554 3912 665 3994 Quare
694 3933 760 3978 non
788 3912 879 3978 utilis
904 3919 1034 3977 tantum
1063 3909 1290 3992 resalutans,
1331 3911 1394 3977 loci
1416 3910 1685 3988 commoditatem,
1708 3919 1742 3976 et
1759 3911 1891 3996 linguae
1909 3911 2106 3979 Germaniae
2123 3933 2228 3991 usum,
2252 3919 2301 3976 ct-

309 3999 367 4067 scd
394 4001 493 4065 etiam
519 4009 613 4084 grata
626 4007 673 4064 et
698 3997 840 4064 iucunda
865 3999 908 4063 sit
929 4005 1055 4081 oportet
1075 3998 1182 4062 omnis
1204 3996 1279 4064 dcc·
1331 4019 1393 4081 que
1420 3998 1502 4063 alias
1530 4018 1661 4076 causas,
1695 4018 1761 4062 non
1789 4019 1901 4064 omncs
1931 4019 2001 4064 csse
2029 3999 2178 4064 facturos.
2229 3997 2303 4062 Iam

309 4087 413 4165 trina,
440 4085 639 4164 exhortatio,
668 4085 824 4150 eorrectio
853 4105 935 4166 quae
956 4085 994 4148 fit
1016 4084 1056 4148 ab
1077 4083 1195 4148 idoneo
1217 4084 1277 4147 mi·
1331 4083 1470 4149 alterum
1492 4083 1723 4162 ministerium,
1752 4083 1838 4166 quod
1866 4085 1900 4149 in
1927 4083 2038 4150 schola
2058 4091 2213 4167 praestat,
2243 4103 2302 4148 ex·

310 4173 423 4249 nistre,
445 4193 528 4256 quae
550 4169 725 4235 exhibetur
747 4191 766 4235 a
788 4169 969 4236 ministerio
987 4168 1120 4235 Christi.
1155 4167 1279 4249 Quem·
1331 4168 1481 4252 plicando
1502 4190 1609 4234 sacras
1635 4169 1826 4252 scripturas,
1853 4170 1956 4234 multo
1983 4169 2081 4234 latius
2108 4177 2207 4251 patet.
2252 4168 2301 4232 Eo

310 4256 484 4322 admodum
512 4259 613 4340 igitur
641 4263 717 4321 ante
744 4255 923 4320 discessum
946 4254 1068 4321 Feralii
1089 4261 1122 4320 et
1146 4251 1279 4334 Caluini,
1331 4255 1421 4320 enim
1432 4255 1618 4335 Germanis,
1641 4254 1736 4320 Italis
1754 4255 1906 4321 etCallis
1926 4257 2104 4320 maximam
2126 4253 2302 4319 utilitatem

310 4342 367 4426 qui
396 4363 472 4408 rere
500 4363 575 4408 rara
602 4349 635 4408 et
665 4341 788 4406 eximia
815 4361 938 4426 organa
960 4340 1086 4408 Christi
1107 4347 1200 4420 sunt,
1230 4341 1279 4406 uti
1332 4341 1451 4420 adfert,
1482 4361 1617 4423 eamque
1647 4361 1714 4405 non
1741 4341 1846 4406 solum
1875 4339 2020 4406 docendo
2042 4339 2215 4406 Christum
2237 4359 2301 4416 ees,

310 4449 414 4492 uuum
435 4427 572 4493 Domini
593 4448 710 4510 corpus
731 4427 874 4492 invicem
896 4425 1109 4493 cohaerebitis
1130 4435 1164 4491 et
1184 4447 1279 4510 eoag-
1330 4427 1387 4509 qui
1409 4447 1451 4490 ex
1472 4426 1560 4492 hisee
1583 4425 1769 4492 nationibus
1796 4425 1839 4492 ad
1867 4446 1926 4490 nos
1954 4427 2140 4505 confluunt,
2170 4425 2301 4508 suisque

309 4513 449 4578 meutati
470 4514 729 4596 perseverabitis,
752 4533 856 4577 unum
877 4531 1113 4595 coronamque
1135 4511 1279 4576 animam
1330 4521 1443 4596 postea
1465 4532 1560 4594 quem
1582 4509 1668 4595 apud
1690 4533 1749 4577 nes
1771 4511 1945 4577 didicerint
1955 4510 2125 4576 Christum
2146 4509 2207 4578 hec
2229 4510 2301 4574 feli·

310 4597 431 4665 habere
453 4597 634 4678 studebitis,
656 4598 828 4682 probatum
846 4597 999 4662 omnibus
1021 4597 1142 4664 sanctis
1164 4597 1279 4662 minis·
1331 4598 1400 4663 eius
1421 4596 1666 4681 praedicabunt,
1688 4595 1745 4662 sed
1767 4597 1866 4660 etiam
1883 4596 2105 4664 conservande
2124 4595 2185 4662 bac
2203 4616 2303 4678 opera

310 4685 430 4750 terium
457 4683 678 4762 constituetis,
710 4684 808 4766 idque
840 4693 879 4748 ut
905 4682 1029 4747 Christi
1061 4682 1279 4748 ministerium
1331 4705 1391 4748 sua
1412 4681 1557 4748 studium
1577 4682 1659 4748 illud
1686 4691 1721 4746 et
1741 4683 1930 4746 institutum
1957 4682 2112 4750 ecclesiae
2138 4681 2240 4747 atrei
2264 4703 2302 4746 u·

309 4769 523 4837 observabitis
545 4779 757 4852 cunctamque
787 4771 827 4835 ab
854 4789 892 4834 eo
910 4767 1149 4833 institutionem
1171 4778 1204 4832 et
1226 4766 1280 4833 ad·
1330 4767 1434 4834 blicae
1455 4777 1587 4835 nostrae
1608 4775 1695 4834 certe
1716 4787 1874 4851 perquam
1895 4769 2131 4848 necessarium,
2161 4775 2199 4832 ut
2221 4702 2302 4832 elia·

310 4855 525 4921 monitionem
555 4863 651 4938 atque
683 4856 783 4920 etiam
809 4855 1065 4936 increpationem
1093 4862 1127 4918 et
1153 4874 1279 4921 cerrec-
1332 4877 1408 4920 rum
1442 4875 1569 4938 quoque
1603 4852 1816 4918 ecclesiarum
1850 4873 1961 4918 euram
1988 4863 2098 4938 gerat,
2133 4861 2167 4918 et
2201 4852 2300 4918 iudu-

310 4942 432 5007 tionem
446 4945 469 5024 ¹)
491 4941 610 5025 spiritu
632 4939 758 5006 Christi
779 4941 898 5007 betam
920 4949 958 5004 ut
978 4939 1115 5004 Domini
1136 4937 1279 5022 discipli·
1331 4939 1434 5006 caude
1455 4939 1521 5005 illis
1542 4938 1709 5004 ministros
1726 4945 1760 5004 et
1781 4939 1966 5004 communia
1982 4939 2130 5005 omnium
2150 4939 2302 5006 eeclesia·

1332 5047 1407 5090 rum
1428 5025 1568 5108 negotia,
1591 5031 1757 5106 totamque
1778 5023 1904 5090 Christi
1930 5046 2063 5092 causam
2090 5046 2149 5107 pre
2169 5045 2229 5090 sua
2250 5025 2302 5090 vi-

1332 5110 1387 5176 rili
1407 5107 1619 5192 procurando.
1661 5107 1734 5174 Iam
1755 5123 1885 5194 praeter
1901 5110 2227 5196 Wittenbergensem
2248 5129 2303 5176 ee-

329 5213 392 5274 m
412 5215 442 5281 1)
460 5210 651 5267 coemiterium
667 5211 752 5266 Bora.
1332 5194 1466 5262 alesiam
1493 5201 1528 5259 et
1552 5193 1714 5274 scholam,
1742 5204 1830 5263 certe
1857 5198 1893 5264 iu
1914 5193 2095 5264 Germania
2121 5195 2215 5264 nulla
2240 5205 2302 5276 eet.
