4890 5986
171 338 211 396 45
1070 335 1153 396 1540
1173 327 1267 398 IUN-
2128 331 2170 394 Ab

168 521 285 588 mercii
314 541 391 586 eum
420 522 468 586 eis
494 519 649 586 habehat:
682 527 798 584 ιιιιιι
820 518 1058 586 consuetudine
1080 541 1147 584 uon
1198 537 1298 603 quam
1327 517 1467 603 gloriam
1489 519 1553 585 Dei
1580 527 1615 584 et
1639 519 1744 602 plebis
1773 519 2054 588 aedificationem?
2087 541 2170 608 quae

168 606 312 672 multum
334 607 566 685 oblectabatur,
589 605 665 673 licet
682 627 740 671 nos
758 605 894 671 haberet
909 605 1145 670 familiariores.
1220 627 1298 670 uum
1321 625 1538 683 cerneremus,
1561 605 1639 670 loeti
1661 607 1944 690 approbabimus),
1966 613 2045 676 ιιιι
2066 608 2171 693 ιιιριι

168 693 303 758 Interea
324 692 514 757 Bernartius
535 693 699 776 cogitabat
725 689 766 756 de
793 690 944 756 exuenda
965 690 1146 775 cuculla:²)
1198 627 1333 757 beroeae
1346 692 1491 774 argutari
1510 690 1550 756 de
1568 694 1771 758 successione
1789 694 1883 776 regni
1901 695 2022 759 terreni
2034 694 2168 774 Christi,

169 779 256 862 quod
282 778 338 843 ubi
365 779 459 844 nobis
488 777 663 856 iudicavit,
691 776 922 860 respondimus
944 777 1007 841 hoc
1028 797 1145 860 parum
1197 776 1283 860 quod
1306 783 1472 859 superstes
1494 777 1588 862 virgo
1614 786 1688 860 post
1715 778 1775 842 filii
1796 787 1934 843 mortem
1964 780 2079 846 haeres
2099 783 2169 846 fue-

170 885 250 944 esse,
272 865 338 930 nisi
361 885 436 930 eum
454 864 679 929 aedificatione
696 863 813 928 maiori
834 860 869 926 id
891 863 1021 940 faceret,
1044 863 1091 927 ιιι
1108 871 1146 928 ιι
1197 862 1250 927 rit.
1296 861 1484 928 Beuordua
1502 862 1597 928 nobis
1625 883 1690 927 ιιι
1720 862 1801 930 adeo
1823 865 2012 930 curantibus
2033 887 2169 952 respon·

169 971 283 1016 omnes
304 951 427 1016 factum
449 949 638 1033 probarent:
671 949 758 1032 quod
780 970 860 1014 saue
880 949 974 1013 fieret
996 949 1022 1014 si
1045 963 1145 1030 ponc·
1198 947 1296 1012 debat
1323 947 1495 1014 succedero
1522 955 1662 1013 matrem
1689 949 1765 1014 filio.
1818 947 1886 1015 Sed
1915 972 1991 1015 mox
2017 949 2169 1036 respondi

169 1045 221 1100 ret
242 1037 361 1119 aliqua,
383 1037 500 1118 quihus
522 1035 653 1102 doceret
675 1055 710 1100 se
732 1035 877 1118 legitime
900 1033 933 1098 id
961 1036 1083 1112 faeere,
1113 1044 1146 1098 ιι
1196 1055 1264 1097 ιιι
1295 1055 1376 1115 opus
1402 1055 1473 1098 esse
1505 1033 1559 1100 hic
1592 1055 1690 1119 agere
1723 1035 1763 1098 de
1794 1042 1926 1101 terrena
1957 1037 2169 1117 haereditate,

169 1122 203 1186 id
224 1123 377 1186 omuibus
399 1121 520 1204 apertis
538 1121 719 1186 rationibus
741 1119 964 1202 persuaderet,
987 1139 1086 1202 seque
1104 1117 1145 1182 ad
1196 1139 1297 1201 qtutm
1318 1119 1443 1184 Ohristi
1465 1139 1604 1204 reguum
1626 1141 1692 1184 uon
1716 1121 1760 1184 sit
1780 1141 1822 1186 ex
1844 1121 1906 1187 hoc
1927 1120 2059 1202 mundo,
2087 1125 2171 1190 bene

167 1207 434 1292 respondendum
461 1206 612 1272 omuibus
644 1205 776 1290 publica
803 1204 1021 1288 disputatione
1049 1205 1144 1269 offer·
1196 1205 1373 1270 convenire
1394 1205 1481 1269 iuter
1502 1205 1665 1290 virginem
1688 1204 1814 1271 Christi
1836 1215 1976 1272 matrem
1999 1215 2033 1272 et
2053 1207 2170 1289 filium,

168 1303 232 1358 ret:
256 1291 342 1377 quod
362 1293 487 1376 placuit
508 1291 691 1372 Bernordc,
719 1301 753 1356 et
774 1298 813 1355 ut
834 1289 1065 1367 subdebamus,
1094 1311 1144 1355 se-
1197 1311 1258 1354 nee
1286 1311 1485 1374 quemquam
1512 1311 1554 1355 ex
1587 1290 1682 1373 plebe
1709 1291 1887 1358 adessent
1914 1293 2079 1378 intelligat
2106 1313 2169 1377 quo

167 1387 283 1444 uatum
316 1377 398 1442 adiit
429 1385 462 1443 et
493 1376 749 1460 disputationem
781 1377 1017 1460 impetravit,³)
1046 1397 1143 1458 quam
1196 1375 1267 1440 iure
1290 1387 1398 1440 mater
1418 1375 1582 1441 velitfilio
1604 1378 1766 1442 intentare
1788 1379 1956 1458 actionem,
1979 1377 2106 1464 etquid
2128 1401 2170 1448 ex

168 1485 227 1530 nos
256 1464 508 1547 desperabamus
536 1472 649 1529 nostro
676 1463 809 1528 nomine
842 1482 938 1545 posse
965 1462 1143 1544 impetrari.
1196 1461 1400 1527 successione
1421 1470 1527 1544 petat:
1555 1461 1612 1526 sed
1640 1463 1674 1526 in
1697 1461 1759 1528 hoe
1785 1484 1898 1530 omues
1919 1465 2112 1533 convenisse
2133 1474 2170 1532 ut

168 1549 235 1616 Sed
258 1551 334 1633 quia
356 1549 547 1615 Beraordae
574 1549 656 1616 civis
677 1558 761 1626 erat,
792 1555 825 1612 ιι
847 1568 948 1631 quum
970 1547 1143 1613 convenis·
1195 1546 1397 1630 intelligant,
1429 1569 1472 1612 an
1495 1567 1577 1630 quae
1602 1548 1748 1632 pontifex
1777 1549 1920 1614 instituit
1941 1557 1974 1615 ct
1996 1573 2079 1634 quae
2101 1573 2169 1617 ser-

166 1644 242 1701 aent
263 1637 411 1702 Minores
433 1634 673 1718 Gratianopoli,
695 1634 751 1700 ubi
775 1633 957 1718 capitulum
978 1632 1064 1716 quod
1087 1653 1144 1698 vo-
1195 1643 1276 1698 vant
1297 1633 1464 1715 pontificii,
1489 1653 1530 1698 ex
1542 1631 1614 1698 Deo
1636 1634 1704 1698 siut
1725 1634 1776 1699 vol
1795 1642 1917 1714 contra,
1940 1643 1978 1700 ιι
2000 1637 2169 1718 demissa,

166 1731 243 1787 eant
266 1723 329 1804 (ita
349 1741 423 1787 suos
447 1729 628 1787 conventus
650 1734 684 1784 et
705 1718 850 1804 synodos
872 1719 1060 1798 nominent)
1090 1739 1142 1783 ee·
1195 1717 1286 1784 cultu
1309 1717 1472 1798 divorum,
1495 1728 1529 1782 ιι
1545 1719 1618 1784 aliis
1635 1717 1863 1786 traditionibus
1881 1721 2043 1788 humanis.
2080 1723 2169 1789 Hinc

165 1807 346 1885 lebrabunt,
369 1805 497 1873 dicebat
524 1827 560 1872 se
581 1825 702 1889 cupere
728 1805 802 1870 illos
825 1804 866 1870 ad
888 1804 1142 1887 disputationem
1194 1804 1318 1870 sactum
1340 1813 1390 1870 est
1411 1817 1449 1870 ut
1470 1804 1511 1868 ad
1533 1804 1597 1868 alia
1618 1827 1653 1870 se
1673 1805 1880 1886 converterit,
1903 1828 1986 1889 quae
2003 1809 2038 1872 in
2055 1809 2168 1891 positis

164 1893 289 1958 vocari:
326 1894 456 1957 Annuit
486 1889 526 1956 ad
555 1892 666 1957 omnia
692 1899 826 1957 senatus
856 1889 1075 1956 Geucvensis:
1109 1897 1143 1954 et
1195 1889 1404 1970 haberentur,
1427 1899 1461 1955 et
1482 1890 1615 1956 missam
1639 1911 1812 1976 aggressus
1834 1900 1885 1957 est
1906 1894 2006 1958 tueri:
2039 1894 2096 1960 sed
2118 1901 2168 1960 ta·

166 1979 316 2063 quamvis
338 1978 580 2061 pontificiorum
609 1985 679 2042 erat
709 1997 786 2060 pars
807 1977 928 2056 maior,
956 1987 1067 2041 tamen
1095 1975 1142 2040 ita
1194 1995 1271 2040 men
1299 1977 1442 2060 ingenue
1470 1977 1576 2042 fassus
1612 1985 1663 2040 est
1691 1977 1797 2060 posita
1824 1997 1901 2042 vera
1933 1999 2020 2058 esse,
2053 1979 2107 2063 pia
2135 1987 2169 2046 ιι

165 2065 316 2130 omnibus
337 2063 474 2147 placuit,
504 2071 539 2128 et
565 2064 684 2129 missae
713 2065 846 2128 fucrant
873 2061 915 2126 ad
944 2069 1141 2126 conventum
1194 2061 1382 2141 christiana,
1406 2083 1504 2144 seque
1527 2083 1566 2126 ea
1583 2061 1881 2146 nolleimpuguara
1899 2063 1984 2145 quod
2001 2063 2084 2130 falsa
2101 2065 2169 2131 sint

165 2149 296 2227 literae,
325 2150 381 2215 ubi
409 2155 559 2232 praeerat
589 2169 609 2214 a
634 2148 797 2214 Omnibus
807 2149 836 2232 ⁴)
881 2145 1062 2232 Satagebat
1082 2167 1142 2230 per
1195 2152 1251 2211 aut
1273 2147 1353 2212 talia
1374 2147 1499 2225 credat,
1526 2167 1627 2230 quum
1649 2147 1822 2213 verissima
1850 2169 1920 2214 esse
1948 2151 2081 2215 sentiat:
2109 2150 2168 2218 sed

165 2234 372 2301 Beraordam
399 2233 532 2301 Carolus
559 2243 597 2300 ut
624 2234 825 2318 praesideret
852 2234 887 2298 in
911 2233 1140 2316 disputatione,
1194 2239 1232 2298 ut
1253 2251 1366 2298 omues
1388 2233 1577 2318 intelligant
1593 2233 1755 2299 rationem
1777 2233 2049 2316 adversariorum,
2073 2235 2167 2302 datu·

164 2329 197 2386 et
218 2321 332 2386 emnia
352 2321 539 2386 resolveret.
573 2320 643 2386 Nos
664 2321 727 2384 rati
748 2319 833 2384 uihil
855 2338 1009 2402 prospere
1032 2339 1141 2384 cessu-
1192 2339 1267 2382 rum
1289 2339 1325 2384 ae
1346 2339 1479 2401 operam
1507 2327 1545 2383 ut
1572 2339 1685 2384 omues
1711 2319 1859 2402 ipsorum
1887 2321 2029 2387 rationes
2055 2331 2089 2387 ct
2109 2341 2166 2405 po·

163 2429 236 2472 rum
265 2405 353 2490 quod
380 2415 447 2470 tam
480 2415 673 2490 arroganter
701 2408 794 2470 fieret
823 2403 1030 2490 (videbamus
1052 2404 1140 2468 enim
1193 2404 1293 2470 tiores
1315 2405 1414 2469 ctiam
1437 2403 1593 2484 adducat,
1621 2425 1726 2488 neque
1755 2405 1952 2471 omissurum
1981 2406 2166 2490 quidquam,

163 2493 272 2558 inanis
295 2491 418 2576 gloriae
440 2491 607 2556 homiuem
630 2489 950 2576 appetentissimum)
973 2489 1089 2555 atDeo
1107 2497 1141 2554 et
1192 2489 1278 2572 quod
1300 2499 1333 2555 et
1354 2491 1432 2556 feeit
1453 2490 1635 2574 diligenter.
1673 2491 1720 2556 Et
1741 2492 1891 2575 quamvis
1912 2500 2038 2575 partem
2060 2494 2166 2560 noctis

163 2573 347 2662 scripturae
379 2597 477 2642 suum
504 2578 660 2642 honorem
694 2577 824 2642 salvum
856 2597 927 2642 esse
959 2577 1139 2658 cupientes,
1191 2575 1406 2659 impendisset
1432 2578 1468 2642 in
1495 2575 1694 2642 annotandis
1715 2577 1896 2643 rationibus
1918 2577 2036 2660 quibus
2056 2587 2167 2664 posset

161 2665 345 2730 Dominum
366 2671 498 2728 tautum
528 2684 569 2728 ex
592 2665 754 2748 scriptura
782 2665 892 2728 omnia
921 2661 1138 2726 resolventem
1191 2661 1292 2726 misse
1314 2662 1402 2739 ferri,
1423 2683 1484 2728 nos
1501 2669 1613 2726 tamen
1635 2665 1688 2742 (ut
1706 2683 1803 2727 nemo
1820 2662 2005 2730 auditorum
2023 2685 2090 2729 non
2107 2686 2165 2748 pe·

163 2749 307 2815 diximus
330 2769 401 2814 esse
423 2747 639 2814 audiendum:
668 2755 801 2815 cautum
833 2748 913 2813 satis
942 2767 1013 2812 esse
1041 2747 1067 2812 si
1091 2767 1140 2811 es-
1191 2753 1257 2812 test
1285 2746 1383 2812 hodie
1409 2747 1592 2834 testificari)
1622 2748 1788 2814 hominem
1816 2749 1975 2815 memoria
2000 2749 2166 2817 labentem

163 2843 235 2901 sent
267 2835 325 2918 qui
355 2843 508 2900 curarent
541 2855 584 2899 ue
611 2834 804 2900 insolentius
832 2834 904 2916 quis
929 2833 1072 2896 ferratur
1103 2833 1138 2895 in
1191 2839 1225 2896 et
1246 2853 1311 2897 non
1334 2833 1414 2898 eatis
1435 2841 1603 2900 tenentem
1631 2853 1713 2916 quae
1735 2843 1909 2899 annotarat
1931 2835 2166 2904 adiuvabamus

163 2921 394 3006 disputatione,
417 2919 630 3003 iuberentque
659 2927 696 2984 ut
722 2929 833 3002 partes
860 2929 975 3002 pacate
996 2919 1137 2981 invicem
1190 2923 1229 2982 ut
1246 2939 1305 2982 sua
1326 2917 1482 2982 formaret
1509 2927 1719 3001 argumenta:
1750 2919 1931 2986 sciebamus
1961 2923 2049 2986 enim
2077 2922 2166 2990 unde

162 3007 314 3072 audirent
336 3005 609 3090 alloquerentur,
631 3005 729 3088 idque
751 3004 859 3069 libere.
897 3002 994 3084 Quod
1018 3015 1050 3066 et
1071 3005 1138 3068 fac·
1191 3001 1433 3086 desumpsisset.
1469 3001 1645 3085 Quumque
1665 3003 1699 3068 id
1719 3005 1822 3084 ficret,
1846 3005 2008 3074 fatebatur
2026 3031 2062 3073 sc
2080 3007 2165 3074 velle

161 3103 231 3158 tum
253 3093 330 3158 suit:
361 3092 441 3158 licat
469 3093 596 3175 primus
623 3093 678 3174 qui
708 3091 876 3174 disputare
905 3089 1011 3172 coepit
1037 3087 1137 3172 tergi-
1190 3085 1224 3152 id
1243 3087 1350 3154 dicore
1373 3086 1459 3172 quod
1487 3109 1547 3154 nos
1574 3090 1614 3154 ab
1645 3111 1683 3153 ιι
1711 3092 1901 3172 petebamus
1930 3113 1972 3156 an
1994 3093 2095 3159 vellet
2115 3092 2164 3158 di·

162 3178 324 3244 versando
347 3177 451 3242 nollet
474 3177 576 3242 alium
598 3175 794 3260 respondere
812 3197 910 3259 quam
922 3173 1136 3254 Berrzardam,
1190 3195 1277 3240 carc:
1309 3184 1439 3239 tantum
1466 3173 1558 3240 abest
1586 3184 1625 3238 ut
1654 3183 1848 3258 argumenta
1874 3178 1976 3260 ipsius
2003 3179 2163 3262 effugere·

161 3267 216 3348 qui
238 3273 462 3348 proposuerat.
503 3261 571 3328 Sed
593 3264 686 3329 facile
707 3263 771 3327 fuit
792 3283 833 3327 ex
855 3262 896 3327 iis
918 3282 1000 3344 quae
1018 3277 1137 3344 propo·
1189 3279 1277 3337 mus,
1306 3269 1364 3325 aut
1390 3263 1597 3336 timeremus,
1628 3269 1667 3324 ιι
1688 3271 1818 3343 gratum
1842 3271 1928 3327 esset
1951 3263 2048 3328 etiam
2072 3264 2163 3330 adiu·

162 3351 224 3415 sita
252 3351 385 3415 fuerant
411 3350 462 3414 illi
491 3349 685 3415 satisfacere.
735 3351 857 3414 Actum
884 3357 935 3412 ιιι
968 3346 1008 3410 de
1035 3347 1137 3412 libero
1189 3367 1277 3412 vare.
1323 3347 1435 3430 Aliqui
1458 3367 1499 3412 ex
1521 3345 1712 3429 pontificiis,
1742 3345 1820 3412 dum
1846 3346 1999 3412 audirent
2019 3351 2163 3417 rationes

162 3435 306 3501 arbitrio.
340 3435 409 3500 Nos
430 3435 559 3500 abunde
577 3455 617 3499 ox
636 3434 805 3518 seripturis
828 3433 1054 3510 satisfecimus,
1077 3453 1137 3498 ιιι
1189 3453 1272 3516 quae
1291 3433 1372 3516 ipsis
1389 3432 1571 3516 placebunt,
1592 3453 1658 3496 nou
1676 3431 1788 3498 audita
1805 3435 2012 3515 responsione
2030 3434 2164 3501 abibant

161 3523 198 3586 ιι
216 3541 254 3586 ιι
272 3521 452 3605 plurimum
469 3521 591 3586 laberis
610 3518 947 3604 impendendumfuit,
964 3539 1024 3584 ιιι
1041 3537 1137 3601 prae·
1189 3517 1231 3583 ad
1253 3518 1447 3597 canonicos,
1478 3525 1512 3582 et
1535 3517 1681 3584 Coretum
1705 3517 1992 3586 commendabant:
2025 3521 2163 3590 illinon

161 3608 259 3690 eipua
285 3615 356 3673 erat
384 3608 606 3674 controversia
639 3607 733 3672 nobis
760 3614 793 3670 et
819 3603 1007 3690 pontificiis,
1037 3611 1076 3668 ut
1097 3603 1137 3668 de
1188 3605 1310 3689 ingrati
1331 3606 1447 3670 viuum
1468 3603 1657 3682 mittebant,
1684 3611 1717 3670 et
1738 3604 1954 3672 hortabantur
1970 3615 2008 3672 ut
2029 3616 2163 3674 strenue

159 3694 279 3758 merito
296 3691 437 3778 fideique
453 3693 692 3758 iustificatione.
737 3692 861 3756 Tamen
885 3709 984 3772 super
1005 3689 1137 3774 negotio
1189 3711 1225 3754 se
1246 3701 1384 3774 gereret.
1429 3691 1464 3755 Is
1486 3691 1664 3774 recipiebat
1684 3713 1720 3756 se
1738 3693 1849 3756 omnia
1870 3691 2080 3771 effecturum,
2109 3694 2162 3759 iu·

159 3778 255 3844 liberi
283 3777 412 3845 arbitrii
438 3799 505 3844 ιιι
533 3779 708 3844 infeliciter
736 3777 889 3861 loquutus
917 3783 967 3840 est
992 3773 1135 3854 Carolus,
1189 3776 1270 3840 bens
1294 3795 1349 3841 ιιι
1370 3775 1454 3840 nihil
1476 3777 1613 3842 moveri:
1636 3777 1664 3842 si
1682 3777 1774 3844 visum
1791 3778 1890 3842 fuerit
1906 3779 2039 3844 ιιιιιιιι
2056 3778 2162 3862 primo

159 3865 313 3948 aperiens
346 3864 423 3949 quid
461 3865 649 3930 certaminis
685 3863 802 3929 fuisset
840 3881 915 3928 oum
947 3859 1136 3944 Pelagianis
1189 3859 1377 3940 damnasse,
1407 3871 1441 3926 et
1467 3862 1554 3926 inter
1580 3860 1814 3946 disputandum
1841 3863 2003 3930 nonnulla
2029 3862 2162 3929 damnet

159 3952 360 4036 Augustino,
384 3961 416 4016 et
437 3948 523 4034 quod
546 3951 626 4016 vieti
647 3949 795 4014 abierint
828 3948 943 4013 Primo
966 3946 1052 4029 quod
1072 3946 1135 4010 ini·
1187 3947 1223 4010 in
1246 3967 1302 4028 ea,
1324 3967 1359 4012 ss
1380 3956 1492 4012 tamen
1509 3948 1556 4012 ita
1577 3968 1692 4014 rursus
1714 3969 1786 4013 eam
1809 3950 2101 4026 corroboraturum,
2125 3955 2162 4014 ut

160 4038 242 4102 tium
264 4037 343 4104 boni
371 4037 478 4120 operis
505 4056 525 4100 a
551 4037 646 4101 nobis
674 4056 742 4100 non
769 4041 871 4112 esset,
900 4031 958 4098 sed
988 4033 1135 4117 agretia
1187 4053 1286 4116 quam
1309 4033 1499 4099 firmissima
1519 4043 1659 4099 maneat.
1696 4031 1764 4100 Sed
1786 4035 1842 4116 qui
1860 4034 2037 4099 audierunt
2053 4031 2160 4100 utr'os-

161 4143 243 4208 quae
261 4145 323 4189 nos
344 4123 530 4205 praevenit:
552 4121 600 4186 ita
622 4129 655 4186 et
670 4141 862 4204 progressus
880 4126 914 4184 et
930 4137 1134 4184 consumma·
1187 4139 1259 4202 qus,
1281 4126 1421 4202 possunt
1442 4119 1565 4184 referre
1586 4141 1684 4202 quam
1706 4118 1740 4183 id
1759 4120 1910 4185 affecerit.
1943 4119 2030 4185 Nam
2052 4127 2087 4185 ιι
2107 4141 2161 4188 ar·

160 4209 281 4274 donem
303 4209 382 4274 boni
405 4209 512 4292 operis
535 4209 659 4292 gratiae
681 4206 801 4284 deberi,
832 4215 866 4270 et
885 4205 1009 4269 frustra
1029 4202 1134 4268 homi·
1187 4215 1345 4290 gumenta
1364 4207 1398 4270 iu
1415 4205 1545 4270 fumum
1562 4205 1672 4270 omnia
1690 4203 1831 4284 abibant,
1849 4226 1909 4270 nee
1926 4212 2056 4288 poterat
2072 4215 2160 4272 stare

160 4317 237 4359 nem
265 4295 375 4361 conari
403 4297 473 4359 sine
502 4294 622 4378 gratia,
652 4313 713 4359 nee
740 4292 857 4368 ordiri,
884 4311 944 4356 nee
972 4290 1134 4372 prosequi,
1188 4291 1384 4358 sacrificium
1416 4299 1451 4356 et
1483 4290 1663 4375 redemptio
1694 4291 1845 4356 vivorum
1878 4297 1911 4354 et
1942 4299 2157 4373 mortuorum,

159 4401 223 4446 nec
243 4401 454 4463 perseverare
480 4399 583 4462 possa
629 4377 726 4460 Quod
753 4379 810 4444 ubi
838 4377 981 4454 fecisset,
1011 4395 1135 4458 nosque
1187 4397 1254 4440 uon
1275 4377 1441 4442 invocatio
1466 4375 1626 4456 divorum,
1650 4377 1732 4442 actio
1750 4395 1832 4458 quae
1849 4377 2023 4461 peregrina
2041 4379 2079 4442 fit
2094 4377 2158 4444 lin·

159 4465 253 4550 grati
266 4463 569 4532 commendaremus
591 4463 685 4548 (quid
702 4464 790 4528 enim
811 4459 900 4527 aliud
922 4461 1135 4546 cupiebamus
1187 4481 1267 4547 gua,
1295 4462 1442 4528 adoratio
1469 4464 1564 4546 panis
1591 4472 1624 4527 ιι
1652 4460 1858 4545 particularis
1887 4463 2028 4546 sumptio
2050 4483 2157 4529 saera·

1187 4550 1306 4628 menti,
1334 4556 1369 4614 ιι
1388 4549 1422 4613 id
1445 4569 1551 4634 genus
1571 4547 1651 4624 alia,
1680 4547 1797 4629 quibus
1826 4553 1896 4612 tota
1924 4549 2023 4614 foetet
2048 4550 2156 4616 missa

1187 4633 1363 4716 Quumque
1392 4635 1519 4702 Viretae
1536 4643 1604 4699 tam
1627 4641 1738 4716 aperte
1759 4631 1953 4699 dissolveret
1974 4633 2092 4710 omnia,
2118 4641 2157 4699 ut

155 4791 209 4845 W
219 4699 1133 4842 Fasszffihvffmfhffimjssgmffffffi
1186 4719 1386 4786 adstantium
1415 4741 1511 4786 nemo
1539 4741 1606 4784 non
1636 4717 1854 4784 assentiretur
1880 4719 1959 4796 (seis
1981 4739 2077 4804 quam
2098 4718 2155 4786 ille

265 4845 293 4908 3)
312 4842 356 4898 R,
375 4884 381 4897 ‚
399 4843 558 4898 ,mm
575 4844 617 4896 2„
634 4843 705 4910 Ap„
727 4842 800 4896 lbet).
827 4839 871 4894 R,
890 4846 915 4893 et
931 4839 949 4892 1.
967 4839 984 4892 ι,
1010 4837 1132 4904 Bm,
1185 4807 1332 4889 apposite
1355 4814 1388 4872 et
1409 4805 1530 4872 diserta
1551 4804 1654 4889 possit
1675 4801 1796 4886 aliquid
1817 4805 1995 4887 explicare)
2018 4803 2151 4870 Garoias

159 4912 224 4969 Ill.
242 4911 302 4967 35⁷.
366 4909 497 4980 wama,
520 4911 710 4982 cacabum
724 4931 752 4980 p.
771 4911 813 4966 τι.
877 4907 974 4976 ιιιτιι,
993 4907 1019 4961 Ι.
1038 4907 1097 4960 207.
1185 4893 1287 4957 armis
1314 4899 1452 4972 exutus,
1480 4891 1629 4958 nesciens
1652 4889 1728 4973 quid
1758 4889 1844 4955 aliud
1873 4893 2019 4968 afferret,
2049 4891 2154 4975 eoepit

263 4982 293 5042 tt
314 4981 417 5035 Petrus
443 4982 537 5036 sorae
559 4981 721 5035 aaronem.
770 4977 912 5034 camma
939 4975 1002 5032 aue
1023 4973 1132 5044 Πύθι’·
1184 4999 1241 5043 ιιι
1262 4977 1522 5044 ιιιιιιιιιιιιιι
1539 4997 1630 5042 more
1649 4975 1819 5042 vociferari
1835 4977 1969 5062 longum
1986 4975 2028 5040 ba
2044 4975 2085 5042 ba
2103 4977 2152 5043 ba.

158 5052 225 5107 ffl-
243 5051 303 5132 2⁹⁵:
342 5051 475 5130 Colloquii
495 5049 566 5104 αφ’*
588 5049 737 5118 deperditis
759 5049 826 5103 ’Μ
847 5053 944 5130 nostra
962 5043 1077 5150 epistola
1093 5043 1131 5098 ²⁰·
1184 5063 1257 5148 Ego
1280 5064 1423 5130 hominis
1445 5063 1645 5129 dementiam
1666 5069 1800 5139 taxans,
1828 5063 1913 5144 quod
1939 5081 2041 5127 senex
2063 5061 2153 5128 theo-

158 5121 374 5189 septenam
392 5136 452 5173 ems
470 5125 671 5172 monumentum
688 5125 785 5173 ιιιιιι.
822 5115 983 5172 Ριιιιιιιιιι
999 5131 1018 5170 ι
1036 5114 1131 5176 paau-

158 5191 229 5245 am
242 5187 319 5242 urat
336 5189 373 5242 aa
391 5187 526 5244 saraae
544 5187 618 5240 ιιιι.
657 5183 995 5254 attenuataque,
1016 5182 1133 5238 auara
1184 5149 1296 5234 logos,
1312 5161 1359 5250 'et
1388 5150 1445 5233 qui
1472 5145 1694 5248 hama-velit
1720 5169 1768 5247 ⁰¹,
1789 5165 1928 5248 pumero
1957 5165 2070 5252 serum
2098 5149 2153 5250 qui

158 5261 184 5313 u.
205 5259 232 5312 u.
250 5265 275 5312 et
292 5255 468 5325 Ketaaofer,
486 5257 513 5310 1.
534 5255 591 5309 187.
751 5271 754 5278 ·
1157 5260 1160 5316 ι
1183 5235 1321 5320 professu
1352 5243 1431 5301 sunt
1457 5233 1665 5318 evaugehum
1688 5232 1827 5313 (lhrrstr,
1854 5232 2046 5298 madescam
2072 5233 2152 5300 abn-
