4888 5966
292 333 354 398 tat
1090 329 1352 399 emesenam
1375 331 1495 398 374bis
2229 331 2290 395 336

293 521 381 586 enim
411 519 539 600 penitus
569 515 767 598 inspexeris,
797 519 843 582 sic
867 517 1012 601 colliges,
1043 519 1208 585 hominem
1230 519 1266 583 in
1319 523 1348 594 9,
1369 524 1407 581 24
1427 519 1519 603 ιιι).
1554 519 1666 600 Quare
1685 519 1822 584 duorum
1841 519 1982 584 alterum
2006 519 2059 584 hio
2079 517 2291 584 statuendum

293 604 463 670 tractando
495 601 561 666 Dei
597 601 695 665 verbo
728 601 788 667 hoo
826 624 930 666 unum
971 603 1032 668 sibi
1065 606 1265 688 propositum
1318 617 1376 680 eat,
1399 615 1437 668 ut
1459 615 1517 668 aut
1539 605 1700 670 horrenda
1726 607 1844 669 missae
1872 603 2074 686 blasphemia
2099 612 2212 686 aperte
2233 625 2290 668 ex-

292 691 428 764 habere,
458 699 495 752 ut
525 689 573 752 ιιι
599 687 738 770 gratiam
768 687 856 770 apud
877 699 910 752 te
931 689 1029 766 ineat,
1064 699 1101 754 ιι
1129 700 1162 756 ιι
1190 691 1266 755 inde
1318 689 1474 754 sacranda
1495 690 1662 768 habeatur,
1687 704 1745 755 aut
1767 692 1793 754 si
1814 692 1982 768 retinetur,
2005 699 2043 753 ut
2065 709 2145 754 crux
2163 688 2291 755 Christi

291 775 449 841 beneficia
477 783 510 838 et
543 772 701 837 eiusmodi
729 772 820 837 lucra
844 782 969 856 captet,
1009 783 1042 840 et
1073 777 1109 840 in
1141 776 1266 841 nullius
1318 776 1417 857 (qaod
1440 776 1539 858 absit)
1561 776 1696 858 pedibus
1719 776 1932 840 conculcetur.
1978 774 2086 855 Quam
2103 773 2188 840 belle
2211 793 2290 842 vero

292 861 504 926 offensionem
527 880 670 941 unquam
692 859 844 924 incurrat.
1318 862 1435 926 missae
1458 863 1630 926 conveniat
1652 882 1724 924 cum
1749 881 1849 925 coena
1868 861 2014 939 Domini,
2037 861 2109 942 ipsa
2127 881 2248 925 coenae
2271 882 2292 927 a

377 946 475 1010 Nunc
488 946 606 1009 omisso
619 945 758 1019 homins,
780 964 850 1007 rem
868 945 972 1026 ipsam
984 947 1164 1030 aggrediar.
1194 947 1266 1012 Hoc
1317 947 1461 1011 Domino
1488 947 1649 1012 institutio
1675 969 1727 1011 me
1756 957 1884 1012 tacente
1913 947 1973 1010 tibi
2008 955 2170 1030 suggeret.
2223 947 2289 1011 Cu·

292 1042 342 1098 est
358 1033 459 1114 igitur
477 1029 760 1094 illiusconsilium:
784 1028 1057 1111 quodmissanon
1075 1033 1122 1097 ιιι
1144 1032 1265 1096 abomi·
1318 1032 1426 1097 mulus
1454 1042 1563 1097 autem
1598 1033 1848 1097 abominationis
1883 1033 1953 1114 ipsa
1980 1051 2063 1114 quae
2090 1032 2137 1097 ibi
2164 1033 2289 1114 primas

292 1118 402 1184 nanda
420 1117 472 1192 sit,
495 1118 574 1198 quin
593 1116 704 1198 stipsi
723 1115 812 1179 illam
830 1115 947 1192 facere,
970 1117 1093 1183 staliis
1112 1119 1166 1200 qui
1185 1119 1265 1184 fide·
1317 1126 1408 1183 tenet
1429 1117 1581 1182 elementi
1602 1117 1746 1184 adoratio
1768 1127 1826 1182 est.
1871 1118 1944 1181 Hoc
1966 1119 2053 1181 enim
2083 1117 2213 1181 nullum
2235 1137 2289 1182 oo·

291 1205 340 1269 les
362 1205 444 1278 sint,
477 1203 594 1266 missae
622 1200 779 1266 interesse
804 1201 914 1264 liceat:
946 1203 1063 1284 quibus
1093 1225 1170 1269 vero
1203 1204 1265 1268 hoo
1316 1203 1418 1268 lorem
1438 1203 1544 1268 habet.
1578 1203 1673 1283 Quas
1691 1224 1792 1286 quum
1808 1203 1855 1266 ιιι
1872 1223 1907 1268 ιι
1927 1201 2075 1278 habeant,
2099 1224 2163 1284 qua
2180 1204 2288 1269 fronte

292 1310 390 1374 agere
411 1287 524 1370 rehgio
547 1289 599 1363 sit,
621 1287 693 1351 illos
712 1287 904 1368 perturbare
926 1289 1103 1366 ecelesiam,
1122 1311 1192 1354 esse
1214 1291 1264 1352 in·
1316 1289 1372 1354 ille
1394 1291 1557 1354 affirmare
1579 1289 1698 1354 audeat
1719 1290 1851 1354 missam
1879 1309 1950 1352 esse
1977 1287 2055 1369 quid
2077 1287 2233 1366 modium,
2257 1297 2289 1354 st

292 1375 397 1441 firmis
425 1372 590 1450 scandalo,
618 1391 756 1454 quorum
782 1375 993 1454 praecipuam
1021 1395 1151 1440 causam
1178 1375 1265 1457 apud
1316 1397 1383 1439 non
1405 1376 1451 1439 ita
1472 1375 1686 1454 intolerabile,
1709 1375 1774 1440 nisi
1795 1375 1964 1439 convictus
1981 1376 2123 1437 fateatur
2144 1381 2193 1438 ιιι
2213 1373 2288 1438 hor·

292 1482 352 1526 nos
374 1459 517 1524 voluerit
546 1479 615 1522 esse
638 1457 809 1522 Dominus.
854 1457 949 1538 Quod
972 1459 1012 1522 ad
1034 1458 1116 1524 illud
1138 1461 1263 1538 attinet,

293 1546 370 1630 quid
392 1547 492 1610 missa
513 1545 629 1620 valeat,
654 1545 713 1608 vix
731 1543 796 1608 scio
814 1565 932 1626 operae
953 1550 1140 1626 pretiumne
1161 1547 1263 1610 factu-

293 1653 351 1697 rus
373 1633 450 1707 sim,
481 1630 507 1694 si
529 1629 606 1710 quid
630 1629 671 1693 ad
692 1628 775 1692 illud
795 1627 881 1712 apud
904 1641 936 1693 tc
957 1632 1148 1712 praesertim
1172 1652 1263 1713 rege-

292 1739 372 1783 ram.
417 1717 474 1781 Sic
496 1715 584 1780 enim
605 1714 685 1778 mihi
708 1715 886 1797 persuadeo
903 1715 995 1779 illam
1017 1738 1037 1780 a
1057 1726 1090 1780 ts
1111 1737 1178 1781 non
1200 1717 1263 1781 alio

292 1825 391 1887 quam
413 1800 568 1866 horrendi
591 1800 751 1883 sacrilegii
774 1801 844 1865 loco
866 1800 994 1879 haberi,
1023 1804 1050 1866 si
1075 1802 1152 1884 quid
1175 1801 1263 1866 aliud

293 1909 331 1954 eo
350 1889 480 1952 nomine
502 1886 701 1951 censendum
724 1886 775 1950 sit.
820 1886 1012 1952 Verendum
1033 1888 1134 1971 igitur
1156 1910 1197 1952 ne
1219 1889 1263 1950 ri-

293 1975 418 2040 diculas
441 1973 528 2054 apud
546 1979 579 2036 te
597 1973 669 2050 sim,
692 1972 719 2036 ιι
738 1971 818 2035 illud
837 1973 974 2054 probare
996 1971 1199 2050 contendam,
1224 1973 1263 2038 de

293 2081 358 2145 quo
379 2071 410 2122 ιι
433 2079 497 2122 ιιι
521 2056 669 2122 (ιιιιιιιι
687 2078 753 2121 ιιι
776 2059 880 2141 magis
902 2059 971 2139 ipse
993 2059 1147 2123 dubitem.
1182 2060 1264 2122 Bre-

292 2148 379 2213 vitas
402 2146 500 2209 stiam
522 2144 676 2224 epistolae
697 2143 756 2208 vix
778 2164 817 2207 sa
838 2143 1008 2225 complecti
1030 2153 1153 2224 posset,
1182 2165 1265 2226 qaue

292 2232 418 2296 iustum
439 2229 592 2294 volumen
620 2241 758 2311 caperet.
810 2227 920 2308 Quare
948 2236 986 2292 ut
1014 2228 1117 2294 obiter
1143 2229 1265 2310 aliquid

293 2318 465 2400 attingam,
482 2321 520 2378 ut
536 2315 646 2379 minus
663 2311 769 2378 adhuc
785 2313 942 2396 perplexa
953 2315 1097 2394 haereas,
1116 2317 1161 2380 ιιι
1174 2316 1264 2379 habe.

292 2404 397 2468 Missa
419 2409 467 2464 est
489 2399 683 2464 sacrificium
706 2398 746 2463 ab
769 2399 953 2465 hominibus
975 2401 1177 2478 institutum,
1206 2423 1265 2484 pro

293 2487 516 2568 redemptione
545 2485 696 2548 vivorum
724 2493 756 2548 et
778 2495 994 2562 mortuorum,
1024 2499 1061 2549 nt
1088 2497 1175 2551 certo
1197 2486 1265 2550 loeo

293 2593 398 2638 canon
420 2572 539 2636 missae
560 2571 719 2652 perhibet.
754 2571 857 2636 Missa
878 2571 979 2654 igitur
1000 2571 1200 2636 exsecranda
1217 2579 1267 2637 est

293 2658 512 2740 blasphemia,
542 2677 606 2738 qna
633 2656 742 2738 passio
771 2656 904 2720 Domini
933 2657 1142 2735 convellitur,
1170 2666 1266 2740 atque

293 2746 347 2810 vis
364 2743 466 2825 ipsius
484 2741 625 2807 evanida
643 2749 677 2805 et
693 2742 801 2807 inanis
819 2763 950 2824 prorsus
968 2741 1125 2808 redditur.
1154 2743 1266 2824 Quum

293 2830 381 2895 snim
404 2828 541 2892 dicimus
568 2826 680 2892 fideles
709 2827 811 2892 effuso
833 2827 959 2892 Christi
981 2849 1096 2894 cruore
1116 2829 1265 2912 redemp-

293 2923 353 2992 tos,
376 2921 580 2996 peccatorum
602 2913 835 2992 remissionem,
858 2914 1027 2992 iustitiam,
1051 2915 1138 2980 vitae
1161 2923 1264 2980 aeter-

292 3020 355 3066 nae
378 3019 468 3082 spem
491 2997 624 3080 adeptos
646 3019 726 3077 esse,
748 2999 808 3064 hoc
826 3019 891 3063 non
912 3000 1007 3064 ahter
1025 3001 1126 3082 accipi
1147 3007 1264 3082 potest,

292 3105 391 3169 quam
413 3091 575 3168 quatenus
597 3083 699 3149 bonus
722 3083 907 3167 redemptor
924 3093 1035 3151 noster
1055 3087 1142 3169 patri
1163 3107 1197 3150 se
1215 3087 1264 3169 ip-

292 3191 368 3238 sum
389 3171 538 3247 offerens,
566 3177 663 3252 atque
684 3170 851 3236 victimam
879 3171 1113 3236 immolandam
1136 3172 1264 3250 sistens,

292 3257 503 3339 semetipsum
525 3256 581 3319 illo
603 3257 674 3338 ipso
697 3263 770 3320 actu
793 3255 911 3320 obtulit
932 3257 968 3320 in
995 3257 1189 3322 sacrificium
1212 3277 1265 3322 as·

292 3349 440 3421 ternum,
471 3363 534 3423 quo
562 3343 655 3407 nobie
683 3349 811 3407 constat
841 3343 992 3425 purgatio
1021 3349 1055 3407 et
1076 3341 1264 3406 emundatio

292 3427 334 3492 ab
351 3427 576 3511 iniquitatibus
594 3429 721 3505 nostris,
741 3449 779 3492 ao
797 3427 932 3509 proinde
950 3425 990 3492 de
1007 3435 1120 3492 nostra
1137 3429 1171 3492 in
1190 3449 1264 3511 gra·

292 3514 374 3578 tiam
400 3513 488 3596 apud
516 3523 645 3594 patrem
672 3513 842 3577 coelestem
872 3514 1028 3595 receptio,
1062 3535 1137 3580 cum
1170 3515 1263 3598 regni

292 3600 393 3664 stiam
416 3599 563 3664 caelestis
582 3597 743 3681 speranda
764 3598 1019 3680 participatione,
1042 3600 1093 3665 ιιι
1114 3599 1264 3682 pluribus

291 3683 435 3750 ostendit
463 3682 597 3761 diserte,
626 3691 660 3747 st
683 3683 854 3748 manifeste
881 3684 1004 3748 evincit
1030 3685 1194 3767 apostolus
1222 3686 1263 3750 ad

291 3769 462 3835 Hebraeos
484 3789 504 3832 a
526 3771 544 3830 7
567 3768 609 3832 ad
630 3773 677 3833 11.
723 3767 797 3848 Quo
824 3771 966 3851 pertinet
994 3771 1075 3836 haec
1095 3771 1184 3835 illius
1206 3793 1262 3855 ιι-

291 3855 489 3940 positissima
510 3854 700 3932 exhortatio,
724 3875 821 3936 quam
838 3876 880 3919 ex
898 3855 1044 3921 doctriua
1062 3856 1101 3921 de
1121 3857 1264 3923 efficacia

291 3942 390 4006 unius
418 3939 603 4018 sacerdotii,
640 3949 673 4004 et
699 3941 848 4005 sacrificii
876 3939 1001 4006 Christi
1032 3944 1066 4006 in
1094 3951 1262 4008 aeternum

290 4027 423 4111 colligit.
468 4025 580 4107 Quum
601 4025 795 4104 habeamus,
824 4027 941 4109 inquit,
964 4049 1023 4110 per
1045 4027 1170 4092 Christi
1192 4051 1262 4094 oar·

290 4133 365 4179 nem
389 4114 476 4178 viam
498 4111 590 4175 illam
618 4119 652 4176 et
672 4119 837 4176 recentem
859 4134 896 4178 ιι
917 4113 1042 4190 vivam,
1072 4114 1263 4180 accedamus

290 4198 387 4265 eorde
409 4219 491 4280 puro
514 4197 556 4262 ad
577 4196 766 4262 Dominum.
800 4197 886 4262 Nam
909 4199 937 4262 ιι
955 4220 1022 4262 una
1032 4197 1157 4264 Christi
1173 4221 1262 4265 mors

290 4286 424 4348 unicum
457 4283 539 4348 illud
571 4283 765 4349 sacrificium
803 4303 869 4347 non
900 4284 1140 4368 complectitur,
1178 4285 1263 4368 quod

1316 1461 1418 1525 rende
1446 1461 1479 1524 in
1501 1462 1610 1526 Deum
1639 1472 1785 1543 peccata,
1815 1460 1984 1542 ipsamque
2012 1459 2288 1524 abominationem

1317 1567 1398 1628 quae
1419 1545 1485 1611 illic
1506 1555 1604 1629 caput
1625 1546 1760 1624 attollit,
1789 1565 1842 1610 res
1865 1545 2000 1626 perinde
2027 1546 2124 1609 etiam
2147 1565 2220 1610 esse
2241 1544 2288 1609 le-

1316 1633 1368 1696 vis
1390 1629 1527 1696 alicuius
1556 1631 1733 1696 momenti?
1786 1629 1874 1710 Quid
1905 1632 1992 1694 enim
2022 1632 2094 1712 quis
2122 1629 2288 1710 obtendat,

1316 1718 1489 1799 quominus
1509 1724 1577 1782 tam
1598 1716 1780 1782 horrendae
1802 1716 1979 1798 impietatis
2001 1715 2153 1781 societate
2175 1725 2287 1780 tensa·

1316 1813 1387 1880 tur,
1421 1804 1478 1884 qui
1506 1803 1596 1867 illam
1626 1823 1660 1867 se
1688 1822 1788 1885 snpra
1815 1802 1952 1866 verbum
1975 1803 2036 1866 Dei
2065 1802 2225 1878 revereri,
2255 1809 2288 1867 st

1315 1889 1420 1971 magis
1442 1890 1588 1970 impense
1610 1888 1963 1953 observareoonvictus
1985 1887 2049 1951 sitl
2084 1885 2192 1964 Quam
2211 1907 2287 1953 vero

1315 1974 1397 2038 illud
1421 1974 1563 2038 Domino
1585 1975 1719 2056 placeat,
1743 1981 1880 2038 testatur
1902 1974 1972 2055 ipsc
1995 1973 2081 2055 apud
2103 1973 2223 2038 Ezeoh.
2247 1976 2286 2038 20

1316 2080 1384 2141 cap.
1407 2063 1445 2122 39
1476 2081 1558 2124 vers.
1609 2060 1724 2142 Agite,
1757 2059 1881 2140 inquit,
1910 2066 1943 2123 et
1971 2079 2097 2122 mamm
2126 2057 2287 2124 idolorum

1316 2147 1442 2210 cultum
1479 2146 1677 2227 profitemini
1710 2145 1856 2228 gentiam
1889 2146 1968 2222 ritu,
2003 2165 2107 2226 neque
2138 2151 2287 2210 sanctum

1317 2251 1436 2294 nomen
1465 2251 1576 2295 meum
1603 2253 1677 2296 oum
1708 2231 1825 2294 vestris
1853 2229 1949 2295 idolis
1977 2230 2176 2311 permiscete.
2233 2227 2287 2295 Sic

1317 2317 1405 2380 enim
1427 2317 1491 2399 ipsi
1508 2317 1696 2400 cogitabant
1717 2315 1951 2380 conciliandam
1974 2336 2045 2380 esse
2072 2313 2287 2380 obedientiam

1317 2402 1398 2485 legis
1421 2403 1484 2466 Dei
1506 2422 1580 2466 oum
1611 2402 1794 2466 vanissimis
1822 2402 1966 2484 gentium
1997 2402 2286 2483 superstitionibus,

1317 2507 1397 2569 quas
1420 2488 1482 2552 sibi
1504 2487 1690 2552 asciscendo
1715 2508 1734 2550 a
1756 2488 1819 2552 Dei
1840 2487 1912 2570 lege
1940 2507 2011 2552 sese
2038 2507 2171 2570 prorsus
2193 2507 2287 2552 aver·

1319 2572 1439 2637 tebant.
1484 2573 1556 2638 Hoc
1578 2573 1654 2638 alibi
1681 2574 1853 2638 confirmat
1881 2570 1996 2656 (Soph.
2024 2578 2049 2649 1,
2075 2571 2124 2656 5),
2155 2571 2209 2637 ιιι
2232 2573 2285 2650 ιιι,

1318 2658 1391 2723 illos
1414 2681 1449 2723 se
1472 2659 1677 2740 perditurum
1706 2660 1762 2741 ιιι
1782 2659 1929 2722 ιιιιιιιι
1955 2679 2014 2740 ιιι
2041 2677 2162 2722 nomen
2192 2677 2287 2722 saum

1318 2755 1355 2808 ut
1376 2745 1440 2808 Dei
1463 2746 1547 2824 veri,
1575 2765 1612 2808 ιι
1639 2744 1852 2808 nihilominus
1881 2744 1961 2808 alios
1988 2743 2086 2807 simul
2107 2744 2195 2808 Deos
2227 2742 2286 2808 sibi

1317 2831 1521 2914 effingerent.
1559 2831 1672 2912 Neque
1694 2829 1781 2894 valet
1801 2829 1859 2894 illa
1879 2829 2055 2912 responsio,
2079 2829 2186 2910 praeci
2211 2849 2287 2894 nea

1317 2914 1389 2980 Deo
1411 2923 1555 2980 mentem
1577 2917 1706 2999 requiri,
1736 2923 1774 2980 ιι
1793 2915 1850 2979 illa
1870 2935 1954 2998 pura
1976 2915 2027 2990 sit,
2051 2851 2210 2996 quidquid
2230 2934 2286 2978 ex-

1317 3011 1410 3066 terno
1432 3009 1528 3085 gestu
1549 3003 1622 3084 quis
1644 3021 1721 3084 pras
1743 3021 1777 3066 se
1797 3001 1890 3066 ferat
1935 3001 2062 3082 Nempe
2083 3000 2145 3064 hoo
2167 3001 2287 3065 refutat

1316 3088 1487 3162 Dominus,
1510 3107 1610 3169 quum
1633 3095 1773 3152 testatur
1794 3086 1906 3151 eodem
1928 3087 1983 3150 illo
2005 3105 2139 3169 corpore
2162 3105 2197 3150 se
2219 3085 2285 3169 glo·

1316 3173 1437 3237 rifioari
1458 3173 1559 3252 velle,
1588 3193 1646 3255 pro
1668 3193 1732 3254 quo
1755 3193 1820 3236 non
1842 3173 1951 3237 minue
1973 3191 2069 3254 quam
2096 3191 2156 3253 pro
2178 3174 2286 3236 anima

1316 3279 1351 3324 se
1372 3259 1480 3340 ipsum
1502 3257 1713 3340 impenderit:
1736 3259 1863 3324 sicoris
1882 3259 2114 3323 confessionem
2135 3258 2284 3339 requirit:

1317 3345 1362 3407 sio
1385 3344 1510 3408 nullam
1533 3345 1635 3409 nostri
1665 3353 1792 3426 partem
1812 3365 1877 3408 non
1901 3343 1961 3408 sibi
1983 3344 2164 3408 consecrari
2186 3343 2283 3407 iubet.

1316 3430 1388 3494 Hoc
1411 3451 1487 3494 vero
1509 3429 1618 3495 locum
1639 3429 1759 3494 habere
1786 3451 1852 3494 non
1874 3435 1996 3511 potest,
2026 3429 2104 3510 quin
2126 3427 2192 3493 illis
2219 3447 2285 3492 om·

1316 3517 1393 3579 nino
1416 3513 1643 3593 valedicemus,
1677 3535 1760 3598 quae
1782 3537 1802 3578 a
1825 3536 1859 3580 ιι
1887 3515 2053 3597 reprobari
2081 3533 2148 3578 non
2178 3515 2285 3579 minus

1316 3609 1427 3682 aperte
1449 3607 1586 3666 testatus
1606 3602 1657 3666 sit.
1702 3601 1767 3664 Hic
1795 3621 1874 3664 vero
1900 3623 1942 3664 ns
1970 3621 2152 3665 sermonem
2182 3599 2285 3682 magis

1315 3685 1501 3764 intendam,
1528 3686 1613 3769 quod
1640 3685 1779 3769 epistola
1806 3707 1871 3750 non
1901 3687 2016 3763 ferret,
2046 3685 2172 3767 reliqua
2193 3683 2285 3750 facile

1316 3773 1379 3836 erit
1394 3781 1503 3855 petere
1521 3793 1562 3836 ιιι
1580 3781 1724 3838 ιιιιιιιι
1742 3794 1762 3835 a
1780 3793 1833 3836 me
1855 3771 1954 3836 edito:
1978 3769 2066 3851 Quid
2087 3772 2141 3853 pio
2163 3770 2285 3836 homini

1315 3879 1387 3922 cnm
1410 3858 1576 3940 papisticis
1605 3857 1888 3940 superstitionibus
1916 3877 2088 3923 commune
2116 3875 2187 3922 esse
2214 3877 2284 3939 pos·

1315 3944 1367 4020 sit,
1391 3953 1492 4025 utque
1515 3965 1549 4008 se
1575 3943 1641 4008 illic
1664 3947 1775 4028 gerere
1805 3943 1928 4008 debeat.
1977 3942 2050 4008 Illic
2077 3950 2111 4006 te
2138 3951 2284 4026 repertu·

1316 4051 1386 4094 ram
1408 4029 1547 4107 confido,
1578 4049 1640 4112 qno
1663 4030 1721 4094 tibi
1749 4028 1876 4112 plenius
1899 4029 2097 4094 satisfactum
2119 4047 2282 4111 agnoscas.

1401 4113 1560 4197 Superest
1571 4116 1674 4180 altera
1690 4115 1843 4197 quaestio,
1863 4135 1906 4179 an
1919 4113 2093 4178 dicendum
2106 4113 2149 4178 ιιι
2161 4113 2284 4178 turbari

1315 4201 1520 4265 infirmorum
1542 4202 1766 4278 conscientias,
1795 4200 1916 4282 siquis
1940 4197 2045 4264 fidelis
2067 4219 2086 4262 a
2107 4200 2209 4264 missa
2230 4218 2283 4280 ps-

1315 4288 1403 4351 nitus
1426 4293 1459 4349 et
1479 4284 1665 4351 omnimodo
1684 4285 1865 4351 abhorreat.
1899 4285 1960 4350 Ille
1978 4285 2038 4350 hoc
2055 4285 2180 4349 asserit.
2214 4285 2283 4368 Ego

290 4377 460 4451 peractum
490 4367 589 4434 semel
619 4375 810 4452 perpetuam
832 4389 963 4434 causam
990 4369 1122 4446 habeat,
1150 4379 1186 4435 ιι
1212 4373 1262 4436 ιιι
1316 4393 1392 4438 vero
1415 4371 1525 4436 videre
1547 4393 1612 4436 non
1633 4391 1776 4454 possum,
1799 4369 1958 4454 quomodo
1980 4371 2040 4435 hoe
2062 4369 2109 4433 illi
2128 4369 2283 4436 exciderit

290 4453 381 4518 illius
403 4461 534 4518 aeterna
556 4456 608 4532 sit,
630 4453 805 4519 inducatur
822 4475 940 4537 nempe
960 4463 992 4520 et
1013 4477 1071 4538 pro
1089 4455 1181 4520 nullo
1203 4456 1262 4520 ha·
1315 4457 1400 4540 quod
1422 4465 1490 4520 tam
1517 4477 1629 4522 secure
1657 4455 1947 4540 praetergreditur,
1979 4465 2091 4538 estque
2118 4454 2283 4538 praecipui

291 4539 417 4605 beatur.
468 4539 679 4622 Respondeat
711 4539 884 4606 sacrificuli
914 4542 1195 4626 praestigiatores,
1227 4561 1262 4606 ss
1314 4543 1471 4607 momenti
1500 4543 1535 4606 in
1563 4543 1625 4608 hac
1658 4544 1854 4626 quaestione.
1899 4542 2049 4606 Primam
2083 4541 2170 4606 enirn
2204 4536 2282 4606 illud

290 4624 485 4690 nenofferre
498 4626 833 4702 novameacrificium,
852 4624 908 4690 sed
926 4627 1126 4708 ipsissimum
1137 4627 1263 4693 Christi
1314 4637 1363 4695 est
1384 4629 1420 4692 in
1442 4627 1505 4691 Dei
1528 4629 1627 4706 cultu,
1657 4639 1691 4694 et
1711 4629 1881 4692 irrefixum
1908 4637 1995 4692 stare
2022 4633 2164 4709 oportet,
2192 4625 2281 4710 quid-

291 4709 495 4778 sacrificium.
540 4707 597 4776 Sic
619 4733 672 4775 ma
698 4712 724 4776 ἰ
754 4711 964 4794 blasphemiis
986 4733 1056 4778 sese
1077 4714 1260 4778 involvunt.
1314 4713 1392 4798 quid
1413 4713 1577 4779 Dominus
1598 4715 1688 4780 iubet
1710 4721 1767 4778 aut
1784 4721 1873 4778 vetat
1895 4714 1995 4778 verbo
2017 4733 2084 4791 suo,
2104 4711 2145 4777 ab
2167 4733 2205 4778 eo
2228 4712 2281 4777 ob·

291 4795 377 4876 Quis
394 4793 671 4876 enimprodibita
710 4796 912 4862 offerendum
930 4797 1125 4863 sacrificium
1137 4799 1262 4866 Christi
1314 4799 1474 4865 servando
1493 4801 1647 4864 nelatum
1666 4819 1810 4883 unguem
1828 4797 1992 4864 discedere
2013 4801 2152 4874 lassoss,
2171 4817 2281 4881 quam·

290 4889 422 4965 praeter
443 4879 614 4946 Christum
635 4882 741 4964 ipsum
763 4881 919 4947 idoneus?
958 4883 1045 4963 Quid
1065 4905 1145 4949 vero
1168 4905 1261 4968 apos·
1314 4907 1442 4968 cunque
1464 4887 1499 4950 in
1520 4896 1646 4969 partem
1668 4883 1729 4950 hoc
1751 4884 1806 4948 alii
1828 4885 2092 4968 interpretentur.
2137 4883 2210 4949 Iam
2232 4901 2281 4948 res

290 4967 377 5032 tolus
399 4965 439 5032 de
459 4967 555 5031 unico
576 4965 632 5030 illo
654 4969 810 5034 sacrificio
832 4968 1102 5050 incomparabili?
1141 4969 1188 5048 Si,
1211 4973 1261 5035 in·
1314 4971 1470 5056 quasdam
1493 4991 1559 5036 non
1581 4993 1619 5036 eo
1636 4971 1705 5035 loco
1722 4991 1793 5035 esse
1809 4970 1957 5049 concedo,
1980 4969 2037 5035 sed
2054 4991 2136 5052 quae
2158 4969 2281 5036 medias

291 5053 375 5136 quit,
401 5061 439 5116 ιι
464 5071 524 5134 ιιι
546 5050 717 5116 Christum
741 5062 872 5136 peccata
893 5053 1097 5134 aboleantur,
1128 5057 1262 5122 unicum
1314 5060 1390 5136 sint,
1413 5056 1499 5140 quod
1519 5056 1683 5140 adipsum
1706 5077 1801 5120 usum
1824 5057 1874 5122 vel
1897 5055 2145 5122 abstentionem:
2169 5076 2282 5139 quum-

290 5136 379 5202 illius
401 5138 594 5204 sacrificium
615 5157 680 5200 non
702 5140 832 5218 sufficit,
861 5137 918 5205 ssd
939 5142 1057 5205 iterum
1080 5141 1161 5206 illud
1183 5143 1262 5207 offs-
1314 5165 1376 5228 que
1397 5143 1473 5207 illae
1495 5143 1586 5224 quasi
1608 5149 1717 5207 nostro
1740 5141 1877 5207 delectui
1898 5141 2030 5207 relictae
2059 5141 2141 5220 sint,
2171 5142 2281 5208 viden-

290 5220 432 5288 rcndum
454 5225 505 5300 sit,
527 5224 647 5287 iterum
670 5223 766 5288 etiam
788 5226 831 5290 ιιι
851 5226 914 5308 ιιιι
936 5225 1141 5292 moriendum
1162 5229 1261 5312 (Ηιι.
1315 5229 1392 5294 dum
1427 5226 1505 5312 quid
1544 5235 1657 5313 eaptus
1696 5229 1920 5310 proximorum
1958 5228 2057 5307 ferat,
2097 5249 2139 5292 ne
2171 5235 2282 5294 nostra
