4898 5970
177 319 243 386 661
1021 324 1101 386 1543
1124 319 1326 389 DEOEMB.
2102 329 2167 394 662

182 505 351 592 placuisse,
374 505 431 572 sed
445 505 546 571 malis
572 527 637 571 non
664 508 772 574 minus
794 507 1004 591 displiouissa.
1048 506 1148 575 Sena·
1199 530 1269 574 rem
1291 517 1417 594 partem
1438 509 1645 593 interpretari
1666 509 1752 594 quod
1773 517 1881 578 aetum
1902 513 2021 594 luerat,
2047 513 2169 583 auditis

183 592 232 658 tui
254 613 321 657 non
342 591 404 656 luit
427 592 556 678 ingrata
581 592 697 672 oratio,
727 601 762 660 at
789 593 898 676 pausis
926 593 1148 660 Thrasonibus
1200 615 1283 678 quae
1311 617 1371 662 nos
1398 597 1577 662 movissent
1605 595 1800 675 rationibus,
1828 599 1977 681 quamvis
2002 599 2095 684 prius
2120 599 2169 667 ita

183 676 277 743 valde
312 677 455 742 molesta.
500 675 593 742 Inter
626 699 706 761 quos
741 681 862 762 primas
895 685 985 744 tenet
1011 679 1149 745 Iacobus
1200 681 1314 747 offensi
1337 682 1481 758 luissent,
1504 691 1541 746 ut
1561 681 1709 764 putarint
1730 680 1846 768 dignos
1867 684 1923 768 qui
1940 705 1961 750 a
1977 691 2089 751 nostro
2105 687 2168 752 mi-

184 761 436 840 Pratoromaaus,
458 763 513 847 qui
534 785 607 828 eum
625 765 799 830 ooniuratis
817 764 940 849 aliquot
955 785 1148 848 moapran-
1200 766 1334 831 nisterio
1355 765 1647 849 supersederemus.
1680 767 1766 834 Fere
1787 789 1900 836 sensus
1920 775 1991 836 erat
2012 771 2167 854 responsi,

183 849 237 915 dio
254 871 272 916 e
290 849 483 915 oatoohismo
505 869 670 932 egressum
712 871 748 916 ro
766 849 887 916 foribus
904 850 1015 934 templi
1033 872 1148 934 aggra-
1200 850 1318 918 additis
1330 853 1428 916 etiam
1439 851 1679 918 eonditionibns
1696 873 1738 918 ne
1758 853 1835 936 quid
1853 854 2038 922 huiusmodi
2056 865 2167 922 nostro

182 933 281 1000 ditur.
303 933 525 1018 Expostulant
541 872 896 1002 meeumdlroonoione:
915 936 1148 1015 eonvioiontur,
1199 937 1270 1002 iure
1291 957 1484 1004 oonaromur
1505 937 1650 1004 eoolesiis
1672 937 1860 1017 obtrudere,
1884 939 1940 1006 sed
1962 941 2089 1025 siquid
2111 941 2168 1008 de·

182 1029 333 1086 asserunt
367 1041 402 1085 se
435 1041 500 1084 non
533 1039 603 1084 esse
636 1019 806 1100 timavus,
829 1042 888 1086 neo
916 1021 1148 1104 effeeturum⁶)
1200 1021 1416 1089 sideraremus
1439 1022 1701 1089 admoneremus:
1728 1023 1889 1107 prinsipes
1910 1026 2052 1092 facturos
2074 1027 2168 1110 quid·

182 1126 266 1188 quae
287 1105 386 1170 isthio
407 1105 556 1172 solemus.
581 1105 791 1186 Exprobrant
811 1105 896 1188 quod
918 1107 1070 1190 laqueum
1093 1129 1149 1172 ve·
1201 1107 1278 1190 quid
1310 1107 1433 1173 iustum
1464 1108 1561 1172 soret:
1592 1107 1717 1173 interea
1748 1129 1957 1192 pergeremus
1989 1112 2023 1176 in
2056 1120 2167 1178 nostro

182 1187 240 1256 lim
263 1191 344 1256 eollo
365 1192 512 1273 ipsorum
532 1189 666 1256 iniicere
683 1201 716 1258 ιι
733 1191 1148 1274 plebeminipsosarmars,
1201 1193 1383 1258 ministerio
1405 1213 1469 1276 quo
1491 1193 1654 1276 eoepimus
1676 1193 1765 1277 pede.
1802 1193 1953 1260 Addebat
1969 1195 2068 1262 etiam
2090 1219 2169 1264 oon·

182 1277 330 1360 quamvis
359 1274 533 1341 admodum
565 1273 711 1340 modesta
736 1277 833 1342 fuerit
858 1279 960 1342 oratio
988 1299 1061 1344 maa
1090 1299 1149 1363 pro
1201 1277 1253 1343 sul
1274 1277 1462 1344 Diebusoias
1470 1280 1498 1362 ⁹)
1521 1277 1612 1364 (nam
1634 1299 1737 1362 neque
1759 1279 1956 1346 Vatteuillias
1975 1303 2081 1366 noque
2104 1281 2169 1349 Ne·

182 1361 365 1447 argumenti
393 1361 597 1446 indignitate.
642 1361 787 1428 Tandem
810 1382 847 1427 so
869 1383 921 1428 ros
942 1364 1093 1446 parvenit
1114 1373 1150 1429 ut
1196 1363 1318 1446 polinas
1356 1364 1513 1430 interesse
1554 1364 1740 1441 voluerunt)
1778 1365 1870 1432 nobis
1902 1368 2023 1432 mirum
2051 1366 2167 1434 videri

182 1446 316 1512 satelliti
326 1449 354 1530 ι)
384 1447 539 1512 iusserint
567 1445 649 1510 mihi
678 1445 762 1511 diem
787 1446 893 1513 dioere
914 1448 950 1512 in
972 1450 1147 1515 erastinum
1201 1467 1268 1514 non
1291 1447 1407 1516 debere
1435 1449 1463 1514 si
1485 1455 1633 1514 metuant
1657 1447 1821 1533 prinsipes
1842 1452 1969 1530 turbas,
1999 1473 2098 1536 quum
2120 1454 2169 1518 vi-

181 1553 320 1615 quomo
348 1533 411 1597 iuri
440 1533 602 1608 sisterem,
632 1531 716 1614 quod
745 1533 940 1616 gravissima
966 1535 1086 1600 iniuria
1114 1557 1149 1600 se
1201 1533 1333 1600 deamus
1355 1535 1473 1617 quibus
1495 1533 1636 1600 motibus
1657 1534 1797 1618 quotidie
1815 1537 1988 1602 turbentur
2005 1539 2170 1604 ministro-

182 1617 370 1684 affeoissem.
409 1617 566 1684 Prohibet
585 1625 695 1682 tamen
717 1627 850 1684 senatus
871 1619 922 1684 ius
943 1620 1071 1702 aperiri,
1095 1621 1149 1704 qui
1200 1639 1273 1684 rum
1295 1607 1399 1685 dousa
1439 1619 1515 1684 Non
1536 1620 1601 1686 visi
1622 1641 1735 1686 sumus
1756 1621 1848 1687 nobis
1870 1622 1949 1686 satis
1968 1624 2088 1688 iustam
2110 1623 2170 1690 ba·

181 1702 278 1769 valde
299 1703 422 1788 gaudet
442 1703 525 1768 hano
542 1703 604 1768 sibi
621 1703 761 1768 oblatam
779 1703 978 1770 ooeasiouem
997 1705 1148 1771 doiioien-
1200 1703 1275 1769 bere
1297 1723 1429 1770 oausam
1451 1726 1515 1788 qua
1543 1727 1601 1771 nos
1623 1725 1857 1788 opponeremus
1884 1727 2053 1790 responso,
2082 1709 2171 1792 quod

181 1787 241 1854 dae
267 1789 428 1867 abbatiae,
456 1797 489 1854 ιι
510 1789 654 1870 graviter
681 1789 767 1854 dolet
793 1801 860 1856 tam
881 1789 1024 1874 indignis
1045 1791 1148 1857 modis
1200 1811 1267 1854 non
1302 1790 1470 1856 videretur
1501 1789 1709 1872 praecludere
1742 1791 1829 1856 viam
1858 1791 1899 1857 ad
1928 1793 2078 1872 meliora,
2112 1793 2170 1860 sed

181 1895 234 1940 me
258 1881 434 1940 traetatum
468 1873 508 1940 ab
529 1873 604 1940 illis.
628 1874 768 1940 Eramus
797 1874 837 1939 de
863 1896 963 1940 eoena
992 1876 1148 1942 adminis-
1200 1885 1311 1940 tamen
1332 1895 1448 1942 savara
1468 1897 1511 1941 ne
1532 1877 1604 1958 quis
1625 1897 1686 1942 sua
1711 1883 1823 1959 sponte
1845 1897 1883 1942 ao
1904 1899 1963 1943 suo
1984 1879 2056 1944 iure
2078 1877 2171 1962 quid-

181 1957 299 2025 tranda
326 1959 472 2040 sollioiti,
501 1957 558 2025 sed
586 1959 683 2024 rebus
716 1959 866 2026 omnibus
898 1961 1088 2027 consistorio
1115 1970 1149 2028 ιι
1201 1981 1298 2042 quam
1319 1961 1354 2025 in
1376 1961 1510 2027 eeclesia
1530 1968 1682 2040 novaret,
1704 1961 1790 2044 quod
1812 1984 1890 2028 sane
1912 1985 1976 2028 non
1999 1985 2170 2032 oensomus

180 2046 309 2112 senatui
331 2044 577 2112 eommunioatis
599 2051 632 2108 ot
653 2045 806 2126 expausis
828 2066 894 2110 non
916 2046 1079 2128 potuimus
1100 2055 1147 2112 ta-
1199 2045 1394 2112 faoiendum.
1438 2047 1615 2128 Postquam
1637 2044 1830 2111 admonendi
1853 2047 1941 2114 loeus
1963 2049 2168 2132 relinquitur,

180 2152 257 2197 man
274 2129 484 2215 supersedero
500 2151 521 2194 a
537 2150 655 2196 eoanaa
714 2131 957 2208 ministratione,
976 2140 1148 2216 postquam
1200 2138 1233 2194 et
1254 2151 1327 2214 spos
1355 2131 1453 2196 etiarn
1480 2131 1639 2196 nonnulla
1667 2131 1752 2196 laeta
1778 2133 1821 2197 eit
1847 2131 2014 2199 habendae
2041 2133 2168 2234 synodi,

180 2224 310 2282 autores
338 2216 435 2282 huius
455 2213 639 2300 tragoediae
660 2237 694 2280 se
716 2223 910 2299 receperunt
929 2239 994 2282 non
1017 2217 1147 2283 adfutu-
1200 2237 1266 2281 non
1299 2215 1439 2281 multum
1472 2237 1586 2281 sumus
1618 2217 1702 2281 relra
1747 2217 1781 2281 ti.
1826 2215 1988 2298 Quamvis
2017 2240 2104 2284 enun
2133 2219 2169 2285 id

179 2321 247 2368 ros:
271 2321 348 2366 narn
371 2301 490 2384 alioqui
512 2301 623 2366 reieoti
644 2300 790 2366 fuissent.
1200 2302 1311 2368 eonsul
1334 2323 1400 2367 non
1420 2300 1540 2367 dixerit
1557 2301 1597 2366 de
1614 2322 1697 2385 syno
1720 2322 1816 2368 oneo
1834 2305 1969 2370 verbum
1986 2305 2167 2384 feeerimus,

264 2387 432 2453 Haotenus
453 2407 505 2452 res
527 2387 691 2469 prooessit.
719 2387 884 2468 Exspeeto
906 2387 992 2452 diem
1014 2409 1076 2471 quo
1098 2391 1148 2454 ius
1199 2405 1241 2451 ax
1262 2389 1389 2470 privato
1411 2401 1519 2452 tamen
1541 2384 1745 2470 quorundam
1772 2387 1944 2472 oolloquio,
1973 2391 2029 2473 qui
2050 2389 2111 2455 baa
2132 2391 2168 2456 iu

178 2474 356 2555 aperietur,
378 2492 456 2537 nam
477 2472 599 2555 aliquot
620 2469 732 2536 diebus
753 2473 816 2536 erit
836 2472 1006 2538 iustitium.
1051 2473 1147 2554 Quod
1199 2493 1234 2536 re
1256 2472 1397 2538 multum
1420 2480 1567 2555 possunt,
1591 2473 1788 2556 deprehendi
1810 2493 1848 2538 ιο
1868 2475 1932 2539 iam
1951 2475 2076 2542 animos
2098 2496 2168 2542 esse

178 2557 220 2624 ad
241 2579 295 2624 ms
315 2558 439 2634 attinet,
462 2557 544 2622 nihil
565 2563 615 2622 est
636 2556 719 2638 quod
742 2576 874 2640 corpere
896 2559 1020 2640 possint
1031 2558 1067 2622 in
1079 2567 1147 2626 tota
1198 2558 1448 2640 propensiores..
1479 2557 1603 2623 Consul
1633 2557 1856 2624 Votteoillensis
1877 2560 2007 2625 Villarii
2019 2559 2060 2646 ¹⁰)
2087 2567 2167 2640 erat,

177 2664 253 2710 mea
272 2643 428 2721 oratioue,
451 2643 517 2708 nisi
534 2641 618 2726 quod
635 2663 670 2707 sa
689 2642 802 2707 volunt
819 2643 923 2726 magis
941 2643 1145 2726 prostituere.
1198 2663 1295 2724 quem
1328 2643 1544 2708 salutavimus
1577 2651 1708 2708 euntes:
1749 2665 1830 2726 quos
1863 2665 1973 2711 sooum
2007 2647 2168 2730 prandere

177 2729 289 2796 Faoile
307 2729 388 2794 mihi
407 2729 472 2794 erit
490 2729 634 2793 omnium
652 2725 786 2792 reddere
806 2729 976 2805 rationem,
999 2731 1147 2813 quamvis
1198 2727 1294 2792 iussit
1310 2737 1344 2791 et
1360 2728 1555 2793 amioissime
1572 2749 1649 2793 exos
1673 2729 1707 2806 it,
1731 2731 1922 2813 rogavitque
1939 2739 1977 2795 ut
1994 2731 2169 2798 redeuntes

121 2819 122 2824 ’
177 2837 243 2880 non
266 2814 394 2881 deerevi
416 2815 449 2880 in
470 2814 539 2879 t'oro
561 2814 646 2878 hano
667 2833 797 2878 oausam
816 2833 922 2896 agere.
947 2813 1146 2898 Comparebo
1197 2812 1272 2878 illae
1303 2815 1367 2876 iter
1397 2813 1585 2878 faceremus.
1661 2812 1743 2878 oluit
1773 2823 1882 2879 autem
1904 2837 1924 2880 a
1945 2823 2014 2882 tota
2042 2819 2168 2884 satione

177 2908 288 2966 ιιιιιιιι
315 2902 420 2983 primo
448 2899 499 2965 die
528 2907 565 2964 ut
586 2897 718 2962 audiam
744 2919 857 2964 eorum
885 2899 1144 2981 postulationem.
1198 2898 1318 2975 abesse,
1341 2897 1426 2981 quod
1448 2899 1593 2963 venisset
1609 2898 1643 2962 in
1661 2899 1876 2980 suspieionem
1899 2901 2073 2980 nonnullis,
2097 2923 2167 2968 rem

177 2985 289 3065 Nune,
323 2986 351 3050 si
383 2985 540 3050 haetenus
572 3004 731 3064 unquam,
763 2984 930 3050 eommoda
962 3007 997 3050 se
1027 2987 1146 3052 obtulit
1197 3005 1262 3048 non
1284 2985 1459 3067 ignorasse,
1481 2982 1565 3066 quod
1589 2982 1788 3048 columbarii
1810 2993 1888 3048 tune
1909 2987 2030 3064 fuisset,
2053 2996 2087 3051 et
2108 3007 2168 3055 nos

175 3073 301 3138 ιιιιιιο
322 3070 491 3154 redigendi
513 3073 546 3134 in
565 3068 711 3134 ordinem
729 3069 859 3153 exleges
876 3070 955 3136 istas
975 3079 1007 3136 et
1023 3073 1144 3137 intrau-
1197 3087 1308 3134 omnes
1331 3089 1404 3134 eum
1428 3089 1465 3134 ao
1487 3067 1672 3150 colloquuti.
1719 3068 1889 3216 Nepotiane
1909 3071 2013 3152 primo
2036 3069 2088 3136 die
2109 3073 2167 3138 ad-

175 3157 294 3224 tablles
315 3157 416 3234 feras,
438 3155 606 3222 asserendi
625 3155 799 3220 ministerii
818 3156 931 3232 nostri,
953 3165 987 3222 et
1008 3156 1061 3222 hio
1082 3160 1144 3223 eri-
1197 3155 1272 3232 fuit,
1301 3161 1456 3236 sequente
1485 3153 1596 3219 abfuit.
1640 3153 1740 3218 Forte
1782 3154 1914 3219 lenisset
1939 3155 2033 3220 nobis
2060 3155 2166 3222 dioore

175 3243 302 3328 gandae
319 3241 454 3307 alieuius
472 3240 671 3324 disoiplinae,
694 3242 885 3322 praesertim
902 3243 937 3308 in
953 3243 1145 3308 consistorio
1196 3240 1292 3322 plura
1320 3239 1355 3304 in
1383 3246 1514 3319 senatu,
1549 3238 1578 3303 si
1609 3238 1710 3303 alium
1739 3238 1962 3304 habuissemus
1990 3241 2166 3308 consulem.

175 3337 209 3394 ot
229 3327 369 3412 publicis
396 3325 549 3392 moribus.
591 3325 679 3392 Nam
705 3327 767 3392 atsi
789 3325 969 3392 adversarii
991 3328 1145 3394 desistore
1197 3323 1265 3392 Sed
1291 3347 1350 3392 nos
1378 3327 1489 3392 statim
1515 3324 1612 3390 iussit
1637 3323 1724 3408 loqui
1746 3345 1804 3408 por
1824 3325 2051 3407 interpretem,
2077 3325 2166 3408 quod

175 3413 295 3492 velint,
317 3411 384 3478 noh
406 3412 511 3495 patiar
532 3421 642 3478 tamen
663 3412 710 3476 ita
730 3411 914 3478 aonouloari
937 3414 1144 3480 autoritatem
1196 3419 1334 3496 negarat
1355 3433 1390 3476 so
1411 3431 1506 3494 posse
1528 3420 1649 3482 nostra,
1671 3418 1710 3474 ut
1731 3417 1864 3492 oportet,
1887 3413 2072 3494 germaniae
2091 3411 2166 3478 red·

176 3499 364 3576 ministerii,
391 3517 473 3580 quae
498 3519 628 3580 pessum
657 3498 683 3562 it
703 3498 765 3562 nisi
793 3497 858 3562 ista
882 3498 1026 3564 insolens
1054 3519 1144 3564 arro-
1197 3493 1282 3562 dero.
1320 3495 1406 3562 Nam
1429 3493 1490 3561 hoe
1511 3493 1700 3578 impetravit
1721 3517 1741 3560 a
1762 3505 1890 3574 senata,
1912 3517 1954 3560 no
1975 3497 2166 3580 cuiusquam

176 3586 292 3670 gantis
321 3585 517 3666 reprimatur
549 3584 634 3648 serio
664 3602 701 3646 ao
732 3591 865 3648 mature.
910 3584 1063 3668 Alioquin
1092 3606 1144 3650 me
1196 3593 1281 3646 esset
1313 3581 1474 3663 interpres
1506 3581 1631 3658 oonsul,
1664 3579 1749 3646 siout
1780 3599 1864 3644 auno
1891 3583 2056 3666 superiore
2083 3583 2165 3650 mihi

175 3673 285 3754 potius
295 3669 475 3734 ministerio
486 3668 695 3734 abdioaturus
711 3689 793 3746 sum,
812 3670 840 3732 si
852 3689 987 3750 quorum
1000 3672 1143 3748 interest,
1195 3675 1345 3731 narraret
1374 3665 1605 3731 Votteuilleasis.

174 3765 214 3822 ut
232 3763 370 3838 oportet,
393 3775 457 3820 non
478 3755 711 3836 prospexerint
746 3753 905 3836 Ouporonr
928 3763 1021 3820 tuum
1042 3758 1146 3821 oonsi·
1280 3751 1396 3816 Nesoio
1425 3771 1468 3815 an
1497 3751 1660 3815 audiveris
1690 3750 1730 3816 de
1754 3759 1842 3815 motu
1867 3751 2006 3816 excitato
2027 3753 2060 3816 in
2079 3752 2166 3819 Bea-

174 3841 266 3920 liurn,
287 3842 314 3907 si
333 3840 472 3906 seribere
490 3839 609 3914 lioeret
632 3840 781 3920 quumvis
802 3859 866 3904 non
889 3861 1019 3922 possum
1043 3850 1144 3908 totam
1195 3843 1260 3902 tam
1274 3839 1315 3920 ΙΙ)
1337 3845 1471 3919 propter
1490 3834 1652 3919 quandam
1674 3837 1870 3914 tonsionem,
1894 3837 1926 3900 iu
1945 3857 2007 3918 qua
2029 3839 2068 3904 ds
2087 3859 2165 3904 exa·

175 3927 347 3994 historiam
369 3925 536 4009 sigillatim
557 3943 706 3989 narrare:
730 3925 770 3988 do
791 3945 856 4006 qua
876 3925 973 3990 latius
996 3927 1084 3992 alias.
1195 3923 1283 3988 mine
1305 3922 1508 4000 meminerat,
1530 3942 1612 4006 quae
1634 3921 1759 3986 animos
1777 3920 1872 3988 valdo
1890 3933 2109 4004 exasperaret,
2132 3934 2166 3990 et

262 4011 359 4091 Quod
395 4021 507 4076 autom
536 4009 575 4074 ad
609 4009 904 4092 peregrinationem
943 4011 1144 4077 Beruenseus
1196 4029 1326 4074 oausam
1353 4018 1507 4076 nostram.
1552 4003 1620 4074 Sed
1642 4005 1682 4072 de
1704 4005 1766 4074 hao
1793 4029 1828 4073 re
1855 4005 1949 4084 alias,
1977 4017 2011 4072 ot
2031 4007 2166 4090 reliquis

174 4099 304 4175 attinet,
312 4098 341 4179 8ι
366 4097 396 4162 si
417 4095 545 4178 quando
565 4116 625 4178 por
645 4096 749 4158 otium
770 4096 975 4161 liootooram
997 4097 1143 4180 colloqui,

174 4201 339 4267 exponam
360 4182 458 4248 latius
478 4182 596 4246 omnia.
618 4179 757 4248 Summa
774 4192 840 4246 est:
862 4191 1032 4264 postquam
1050 4183 1144 4250 intol-

174 4269 261 4368 lsnta
281 4269 344 4334 fuit
365 4289 417 4366 req
439 4275 478 4332 ut
495 4277 587 4350 gesta
607 4267 729 4363 fuerat,
752 4265 846 4365 facile
868 4269 1045 4368 composita
1066 4275 1145 4333 sunt
1195 4331 1254 4384 mlo
1296 4261 1327 4382 {ll
1345 4262 1639 4384 aemulus.
1667 4261 1712 4382 ᾖ
1720 4259 2163 4388 ἦίξθῇξξὲξῶᾖζαάᾚΐ

173 4374 293 4420 ornnra.
317 4353 577 4435 Srrspsoabantur
598 4351 702 4425 muln,
725 4371 762 4415 ιι
784 4359 883 4418 otram
906 4351 1048 4438 (opinor)
1068 4375 1144 4435 par·
1192 4413 1247 4468 pm
1265 4345 1577 4465 cffl⁸wsommm
1594 4342 1749 4452 WJ'MJ,
1779 4395 1949 4465 mmm
1966 4349 2098 4456 „ommva
2113 4399 2161 4456 γς.

173 4434 1146 4534 suasihabebant,nus·00n0llittbulun1qxuompositoha·
1194 4475 1250 4522 rdo
1268 4469 1325 4522 mm
1342 4473 1500 4536 comptum
1518 4468 1595 4522 „m
1612 4467 1808 4530 depravarant,
1843 4465 1887 4518 De
1905 4467 1931 4520 ι,
1948 4467 1975 4520 Ι,
1995 4467 2157 4524 tympano

174 4525 299 4603 bulmo,
329 4546 367 4590 au
388 4523 570 4589 donavisse
591 4529 710 4588 noslns
731 4521 875 4588 θοιιιιιιι
895 4523 1008 4588 eadem
1029 4524 1143 4588 obtru-
1194 4543 1220 4591 ει
1238 4538 1299 4592 Seb.
1318 4537 1460 4604 Nabaliae,
1478 4536 1618 4606 praeferto
1636 4533 1834 4590 Laaoaunenei
1857 4549 1882 4590 v.
1901 4532 1941 4590 N.
1961 4533 2019 4603 193,
2038 4544 2092 4592 not.
2114 4539 2161 4604 18,-

173 4610 262 4676 dore.
306 4611 515 4691 Responsum
547 4609 609 4675 luit
640 4606 771 4674 nomine
803 4609 970 4690 utriusque
1001 4619 1142 4688 senatus,
1194 4607 1252 4671 424,
1270 4611 1326 4660 not.
1347 4607 1394 4671 11,·
1412 4605 1472 4672 441,
1491 4611 1548 4659 nor.
1565 4605 1590 4658 4.

172 4717 284 4764 mm
304 4715 370 4777 ¹1⁰⁰
390 4715 490 4762 ⁰⁸²⁸st
508 4703 623 4760 'mm'
643 4705 714 4760 “eta
734 4699 784 4759 “t
804 4712 886 4775 quae
904 4715 980 4760 Μ
1004 4695 1144 4760 ΜΝ
1192 4671 2162 4812 ιιιιτιΙ(ιιιιιιιωιιιαιιιιιιοιιίιιιιιοιιιιιαώᾙιὰμςιῗιωιίιὴισαπ

171 4793 289 4865 ooepte
309 4781 429 4847 iuerat:
452 4779 622 4862 Priaeipes
644 4779 722 4846 boni
743 4778 911 4846 oonsulere
923 4781 1010 4846 etin
1030 4781 1145 4848 melio·
1193 4812 1242 4864 ,ιιι
1258 4816 1298 4865 „2
1314 4811 1452 4865 ,amam
1468 4811 1630 4866 amaea.

357 4906 379 4944 ,ι
897 4904 903 4912 ·
1279 4881 1325 4946 11)
1345 4877 2160 4948 θιιιιιιιιιι,ιιιιιιιιιιιιιιιιιινιιιιιοιιιιιιιιιιιιιιηιιιι-

874 5000 876 5011 ,
1193 4946 1793 5016 amtem,quid.1100t.ooaeiooabtmdas
1810 4947 2160 5014 madoresetfiliosdr'a·

278 5019 308 5084 6)
326 5018 375 5073 ιιι.
1194 5017 1248 5072 boli
1264 5017 1373 5072 dixerat
1389 5033 1434 5072 eos
1451 5018 1500 5086 qui
1515 5017 1655 5070 ministros
1672 5015 1839 5095 ιιιιιιιιιιι
1849 5029 1937 5136 quon
1952 5031 2054 5070 aarum
2070 5033 2159 5090 papa-

347 5087 352 5100 ’
1193 5091 1251 5140 tam
1303 5087 1558 5141 'orcomenam
1579 5084 1692 5140 Οιιιιτι
1709 5083 1770 5138 ade
1785 5098 1831 5152 op.
1953 5084 2055 5152 stepen
2063 5102 2090 5156 p.
2100 5087 2143 5142 181
2149 5129 2158 5157 ,

1194 5155 1259 5210 ιιι
1328 5171 1389 5208 nan
1412 5155 1449 5209 od
1472 5173 1498 5210 a.
1518 5153 1593 5208 1543.
1627 5153 1737 5207 Vtretue
1759 5153 1803 5206 bie
1825 5151 1910 5206 oliam
1938 5166 2050 5208 ιιιιιιιιι
2072 5163 2161 5214 motas

1102 5254 1107 5260 -
1193 5225 1270 5278 itlius
1285 5223 1410 5278 inditore
1427 5223 1544 5290 ιιιιιιιν,
1563 5221 1618 5276 sesi.
1636 5221 1670 5276 de
1685 5221 1810 5276 ιιιιιιιιι
1826 5223 2091 5279 murmuratam.

1901 5305 1953 5358 42*

173 5225 205 5285 7
229 5087 307 5281 2Ῑθιιι
324 5102 503 5279 gladiator
520 5151 551 5206 ia
568 5151 595 5206 d.
613 5151 630 5206 8
648 5152 714 5208 Dee.
732 5161 859 5212 evocatos
874 5155 977 5224 sacrat,
995 5173 1021 5211 ι.
1031 5155 1143 5212 Ructat

415 5222 470 5276 osb.
485 5239 514 5291 p.
534 5221 593 5274 181.
