4846 5962
297 275 360 338 att

296 458 417 526 floribit.
467 455 626 536 obeam,
656 463 814 540 quantum
844 479 902 541 per
930 458 1033 523 otium
1061 457 1119 524 tibi
1147 455 1265 534 litabit,

295 543 401 609 adme
423 564 518 626 saepe
528 543 670 608 seribere
680 565 747 608 non
757 545 914 627 graveris.
948 543 1265 626 Mussitautquidam

297 628 462 695 &isinum
500 637 535 694 et
574 627 738 694 Frerbtum
776 629 976 712 Ratisponae
1014 630 1118 714 magis
1156 628 1266 695 solitos

294 717 472 798 βοοκερίζειν
493 709 510 792 ἢ
532 717 725 796 φιλιππίζειν.
776 715 960 798 Utrumque
988 715 1104 780 merito
1131 715 1267 780 colimus

295 809 329 866 et
349 820 557 878 veneramur,
580 801 642 865 etsi
663 799 826 864 interdum
849 821 868 864 a
888 800 1053 864 nonnullis
1063 799 1266 883 quorundam
1374 851 1381 862 .

294 887 439 953 oonsiliis
460 893 494 950 et
511 885 708 952 discursibus
730 885 969 962 dissentiamus,
992 895 1142 952 amanter
1159 894 1267 950 tamen

295 980 329 1037 et
361 972 454 1037 salva
486 971 622 1050 virtute,
656 992 738 1055 quae
769 981 803 1035 et
833 973 916 1038 istuo
949 993 1009 1036 nos
1042 971 1137 1038 dooet
1170 979 1206 1034 ut
1233 973 1266 1035 in

294 1056 424 1124 iudioiis
456 1077 522 1122 non
554 1057 655 1122 simus
685 1057 885 1140 praecipites.
935 1057 1027 1122 Bene
1055 1057 1111 1122 ille
1141 1057 1268 1122 monuit

295 1142 442 1209 modeste
464 1140 504 1207 de
525 1143 652 1226 magnis
673 1143 815 1226 ingeniis
838 1142 1048 1209 iudicandum
1077 1163 1156 1208 esse.
1200 1141 1268 1208 Sed

296 1228 376 1312 quid
398 1249 573 1294 memorem
595 1249 655 1312 ego
676 1249 800 1306 moneo,
824 1239 857 1292 et
873 1237 1065 1313 oooupatum
1075 1229 1267 1312 meisnugis

296 1315 535 1398 occupatiorem
564 1312 686 1379 reddo?
738 1313 792 1380 Ita
820 1313 1032 1399 abituriere³)
1060 1315 1114 1378 isti
1139 1314 1266 1391 fratres,

297 1409 335 1466 nt
363 1419 451 1464 nuno
477 1419 581 1482 neque
608 1398 757 1481 pluribus
786 1407 909 1478 tecum,
931 1421 1037 1482 neque
1059 1401 1172 1483 paneis
1192 1420 1266 1466 oum

296 1484 510 1552 observandis
539 1484 689 1548 Dominis
717 1495 750 1548 et
779 1485 932 1550 fratribus
962 1485 1027 1550 tuis
1049 1485 1195 1569 eollegis,
1225 1485 1266 1550 D.

300 1571 454 1654 Capitone,
476 1571 518 1635 D.
539 1570 687 1649 Hedionre,
709 1569 845 1636 Bouron
865 1580 899 1635 et
922 1569 1060 1636 sturmio
1087 1592 1183 1656 agere
1210 1592 1265 1653 po·
1321 1621 1327 1634 .

296 1657 425 1734 tuerim,
447 1655 565 1738 quibus
587 1656 683 1720 enixa
705 1677 761 1720 oro
783 1677 836 1720 me
853 1658 993 1722 offieiose
1010 1656 1216 1722 tommendes
1235 1664 1268 1720 et

296 1741 394 1808 simul
423 1761 558 1807 exonses
588 1739 629 1805 de
658 1740 797 1806 silentio.
847 1743 960 1808 Nostri
988 1743 1146 1808 oarissimi
1178 1763 1266 1827 sym·
1356 1793 1361 1804 .

295 1837 423 1912 mystae
451 1834 484 1892 et
512 1847 572 1891 vos
601 1848 714 1892 omnes
737 1827 845 1892 salvos
867 1829 1021 1912 eupiunt,
1049 1827 1197 1910 inprimis
1220 1827 1266 1892 M.

295 1913 366 1979 Ioh.
390 1911 597 1978 Bernbandus.
642 1910 715 1978 Seis
744 1911 821 1995 quid
848 1914 882 1978 in
910 1913 1090 1978 memoriali
1112 1912 1187 1978 dato
1209 1911 1267 1976 tibi

295 1999 514 2075 iniunxerim,
547 1999 738 2080 praesertim
777 1998 816 2064 de
849 1999 1117 2064 annotationibus
1150 1997 1267 2064 Buteri

295 2085 332 2150 in
353 2083 554 2150 Malaohiam
576 2104 596 2147 a
617 2083 813 2166 stipendiato
841 2085 947 2168 aliquo
974 2085 1125 2152 Ulmensi
1147 2084 1266 2149 deseri-

295 2169 410 2236 bendis
418 2168 446 2255 ⁴)
469 2177 503 2234 et
522 2176 651 2233 mature
672 2168 755 2233 mihi
781 2169 969 2248 mittendis,
996 2179 1164 2254 praeterea
1185 2190 1267 2251 quae

295 2255 525 2340 typographus
558 2261 665 2320 vester
698 2253 826 2338 Orato⁶)
857 2277 971 2322 reeens
1002 2253 1148 2332 exaudit,
1186 2253 1268 2320 Phi·

294 2340 415 2426 lippioa
435 2339 587 2404 maxime.
624 2338 748 2406 Mirum
771 2341 907 2426 ignavos
928 2349 1056 2408 nostros
1077 2339 1267 2423 bibliopolas

296 2435 356 2492 aut
376 2425 460 2490 nihil
482 2433 538 2489 aut
558 2445 674 2508 parum
702 2424 787 2508 quod
814 2426 901 2509 apud
929 2449 988 2494 vos
1009 2425 1183 2492 exauditur
1202 2427 1267 2492 huo

296 2513 407 2578 afferri
429 2531 543 2576 ourare
565 2519 598 2576 οι
619 2509 769 2576 vendere.
814 2513 906 2578 Bene
927 2514 1000 2578 vale
1025 2534 1099 2580 oum
1128 2512 1267 2578 honesta

295 2604 354 2662 tna
379 2617 482 2662 uxore
509 2603 542 2660 et
570 2595 719 2662 omnibus
748 2599 851 2664 nostri
874 2598 1068 2664 amantibus.
1117 2598 1163 2662 Et
1195 2617 1268 2663 mea

296 2689 387 2834 affin
424 2689 517 2746 tuam
556 2682 681 2749 salvam
720 2683 819 2766 eupit.
885 2685 1019 2768 Raptim
1058 2683 1176 2751 Ulmaa
1218 2689 1265 2748 14.

686 2855 722 2918 Τ.
746 2875 787 2920 ex
809 2855 918 2921 animo
940 2855 986 2920 M.
1009 2854 1179 2922 Freohtus.

382 3025 518 3090 Fratres
546 3025 618 3090 illos
647 3025 738 3090 volui
761 3025 909 3110 pluribus

296 3110 355 3176 tibi
378 3109 615 3189 oommendare,
637 3110 723 3194 quod
747 3113 813 3178 seio
830 3133 910 3211 quos

295 3194 501 3264 eommendat
538 3196 697 3274 Beana,
736 3199 801 3263 imo
839 3219 911 3262 rsa

294 3283 414 3366 pietas,
468 3289 506 3347 ιιι
554 3281 797 3348 commendatos
850 3217 911 3348 bos

295 3369 439 3434 maxime
478 3367 587 3434 habos.
649 3366 780 3446 Caesar,
825 3367 913 3450 qnod

295 3452 442 3520 Bararus
470 3453 637 3537 apposuit,
672 3453 807 3518 molitur
843 3453 911 3518 abi-

244 3579 249 3588 ·
296 3539 430 3604 tionem.

682 3715 884 3723 ---.-.

743 3863 818 3936 aet.

543 3997 781 4068 'POSSANUS
804 4001 1021 4069 GALVINO.

385 4173 592 4252 Quantasque
609 4172 644 4236 in
662 4170 805 4238 Cauniis
826 4173 948 4255 aliquid
959 4173 1109 4256 perficere
1120 4174 1265 4255 quara,

296 4275 391 4338 neque
416 4257 502 4354 optud
530 4256 682 4323 mama
706 4259 806 4323 ιὀιιιιο
833 4265 943 4339 aperto
969 4260 1025 4338 eit,
1057 4259 1212 4356 Genavam
1232 4265 1267 4360 ut

294 4341 400 4411 redeat
430 4362 519 4408 antee
548 4363 680 4424 maun
710 4349 740 4408 et
765 4343 842 4409 nula
872 4350 925 4410 est.
976 4343 1041 4411 Pro
1071 4344 1202 4411 Naeuiae
1231 4366 1267 4411 en

295 4426 411 4493 danne
431 4429 483 4490 sui
504 4427 667 4510 Principis
687 4428 768 4494 nibil
786 4431 951 4511 impetrare
966 4432 1078 4513 potua

401 4595 455 4661 (Ex
472 4598 639 4668 autographo
656 4599 728 4653 Bibl.
746 4598 848 4654 aanor.
867 4599 933 4656 (lod.
953 4599 1011 4669 110,
1028 4601 1075 4656 fol.
1094 4599 1164 4668 172.)

335 4904 342 4916 Ι
399 4765 430 4902 {l
446 4767 682 4891 &adadomensis
707 4839 846 4894 anaim
870 4839 1029 4908 aarum,
1056 4857 1115 4896 non
1139 4858 1173 4896 aa
1197 4842 1267 4897 labro

296 4903 377 4960 em
400 4972 429 5041 b)
448 4973 493 5028 De
509 4973 620 5027 nombre
637 4979 756 5044 οοιιιιοι,
783 4993 942 5047 quaquam
959 4995 1021 5032 mar
1049 4995 1083 5034 ne
1100 4996 1200 5034 οποιο
1216 4981 1266 5034 im·

294 5041 426 5165 mm.
440 5043 717 5123 CratoMqlitisturte
726 5046 948 5102 Mdenebtbonis
957 4994 1177 5129 narbonam
1185 5065 1267 5104 οοοιι·

298 5112 616 5249 Μωῂιιιίνοιιιῖιέὁι)ιιιιιι
633 5113 753 5168 aarum
767 5117 854 5184 patilo
872 5121 954 5172 anua
971 5117 1103 5173 edtdnut.
1139 5119 1267 5188 (Strobei,

1063 268 1324 336 EPIS‘I'OLAE
1348 273 1516 336 att-338

2226 279 2284 340 256

1403 457 1598 524 Dootissimo
1633 459 1704 524 viro
1736 461 1880 526 Domino
1911 459 2050 528 Calvino
2085 463 2179 529 fratri
2215 484 2284 529 meo

1317 541 1527 608 observando.

1982 635 2202 719 Argentorati.

1404 761 1438 828 S.
1484 763 1521 830 Si
1550 774 1714 848 putassem
1743 777 1775 832 te
1804 769 1887 834 istae
1910 790 2080 836 reversum
2101 794 2189 845 esse,
2221 793 2283 838 non

1318 850 1500 914 omisissem
1522 853 1601 933 quin
1623 851 1746 935 aliquid
1767 853 1808 919 ad
1830 869 1861 920 ιο
1883 855 2054 921 literarum
2080 879 2138 940 per
2161 871 2284 924 nostros

1319 934 1466 1000 homiues
1484 936 1655 1002 misissem.
1689 939 1762 1024 Ego
1777 941 1891 1006 multis
1903 940 1943 1006 de
1953 943 2060 1008 eausis
2079 943 2285 1010 vehementer

1319 1020 1500 1104 gaudebam
1527 1031 1559 1086 te
1588 1045 1658 1088 esse
1687 1025 1722 1088 in
1750 1027 1905 1106 comitiis,
1933 1027 1990 1092 sed
2024 1049 2124 1110 quum
2151 1043 2286 1095 nonest

1319 1126 1439 1188 magna
1466 1127 1540 1190 spes
1568 1107 1621 1194 (ut
1649 1109 1758 1186 video)
1787 1111 1976 1177 oonoordiae
2004 1123 2037 1178 ot
2064 1115 2126 1179 alio
2154 1125 2286 1182 vooatur

1321 1189 1447 1267 Caesar,
1462 1191 1487 1277 ¹)
1509 1195 1632 1277 gratias
1650 1216 1711 1278 ago
1722 1194 1864 1262 Domino
1881 1199 1953 1262 Deo
1970 1199 2055 1280 quod
2075 1200 2166 1265 nobis
2188 1222 2285 1266 sanus

1319 1287 1354 1341 et
1374 1277 1545 1343 incolumis
1566 1279 1710 1346 redieris.
1761 1280 1829 1349 Sed
1857 1304 1924 1348 non
1953 1296 2017 1364 est,
2050 1285 2152 1350 frater
2180 1289 2226 1351 mi
2256 1289 2286 1352 in

1318 1363 1462 1428 Domino
1490 1365 1566 1428 Iesu
1594 1365 1811 1446 observande,
1844 1380 1882 1433 ιιι
1912 1370 1947 1433 in
1980 1372 2125 1436 animum
2154 1372 2286 1439 indutas

1318 1449 1391 1513 istie
1413 1449 1534 1515 diutius
1556 1450 1699 1519 haerere.
1744 1453 1782 1519 si
1808 1455 1908 1520 ianua
1930 1456 1987 1520 tibi
2018 1471 2129 1539 aperta
2149 1480 2219 1522 non
2240 1467 2287 1524 est

1319 1531 1361 1598 ad
1383 1535 1596 1613 Metenses‚²)
1620 1537 1834 1604 Genevenses
1852 1552 1883 1606 te
1901 1549 2021 1606 vooant
2037 1563 2230 1626 magnoque,
2253 1554 2287 1608 ut

1318 1641 1387 1702 rpse
1417 1620 1499 1696 vidi,
1528 1620 1687 1688 desiderio
1717 1635 1922 1708 exspectant:
1953 1649 2088 1710 quorum
2118 1641 2287 1712 exspecta·

1318 1705 1441 1770 tionem
1464 1708 1491 1770 si
1513 1707 1617 1788 fallas,
1639 1730 1706 1774 non
1730 1709 1822 1775 video
1844 1711 2003 1794 quomodo
2022 1714 2067 1778 sis
2088 1735 2199 1780 eoram
2223 1715 2288 1780 Do·

1318 1812 1408 1856 mino
1430 1813 1653 1874 responsurus.
1691 1794 1802 1876 Quare
1823 1795 1955 1862 obseoro
1974 1809 2006 1862 te
2027 1819 2085 1882 per
2105 1799 2288 1866 Dominum

1318 1877 1429 1942 Iesum
1451 1887 1484 1943 et
1505 1879 1660 1961 pietatem
1682 1877 1781 1957 tuam,
1804 1891 1841 1946 ut
1867 1883 1973 1966 primo
1996 1906 2121 1968 quoquo
2143 1895 2288 1968 tempora

1319 1961 1359 2026 ad
1381 1963 1445 2028 iter
1464 1965 1653 2048 aeoingaris.
1690 1967 1741 2032 Do
1761 1967 1928 2054 Nurum)
1950 1991 2047 2052 quem
2071 1971 2134 2036 huo
2151 1973 2289 2038 miseras

1291 2060 1293 2091 ¹
1319 2069 1397 2112 vere
1419 2049 1501 2114 mihi
1523 2059 1556 2114 et
1577 2073 1618 2116 ex
1640 2053 1749 2117 animo
1771 2052 1875 2118 doluit
1903 2077 1968 2120 non
1995 2057 2198 2122 satisfactum
2222 2079 2289 2123 esse

1318 2141 1394 2198 tuae
1415 2135 1585 2202 voluntati.
1630 2135 1697 2202 Sed
1719 2138 1772 2204 hio
1793 2139 1886 2205 nobis
1908 2161 1974 2205 non
1996 2141 2073 2207 lieet
2092 2163 2289 2226 quemquam

1318 2221 1462 2302 reoipere
1494 2223 1566 2287 sine
1598 2225 1798 2304 testimonio,
1830 2225 2056 2310 Prinoipisque
2089 2237 2124 2292 et
2153 2250 2289 2294 suorum

1319 2307 1500 2372 autoritate.
1551 2307 1666 2390 Itaque
1692 2330 1793 2392 quum
1818 2311 1875 2377 ille
1903 2311 1967 2378 bue
2000 2315 2103 2392 venit,
2137 2315 2167 2380 si
2202 2315 2289 2380 volui

1318 2391 1484 2456 hominem
1511 2394 1667 2472 retinere,
1697 2417 1829 2462 neeesse
1862 2398 1963 2463 habui
1996 2399 2149 2464 exhibere
2179 2401 2289 2465 literas

1318 2487 1409 2556 tuas,
1443 2480 1479 2542 in
1511 2478 1627 2561 quibus
1658 2479 1752 2545 illum
1784 2483 1830 2548 sio
1862 2505 1882 2548 a
1910 2485 2030 2566 pietate
2057 2485 2290 2568 literarumque

1319 2563 1426 2628 studio
1447 2563 1712 2646 oommendabas,
1742 2575 1779 2634 ut
1807 2567 1891 2632 nihil
1913 2591 2056 2652 unquam
2078 2572 2189 2638 miuus
2213 2571 2290 2635 mihi

1318 2649 1462 2714 venisset
1482 2651 1518 2715 in
1539 2663 1682 2718 mentem
1704 2673 1803 2736 quam
1825 2665 1862 2718 ut
1883 2655 1924 2720 ob
1945 2655 2002 2720 illa
2023 2677 2127 2739 panea
2147 2678 2236 2740 quae
2258 2658 2290 2720 in

1318 2733 1453 2799 homine
1474 2735 1680 2803 desiderabas
1708 2760 1775 2804 non
1796 2740 2010 2822 reoiperetur:
2039 2751 2073 2805 et
2100 2743 2178 2822 soli,
2210 2750 2291 2807 teste

1318 2821 1472 2900 Domino,
1492 2821 1696 2889 Oanoellerio
1718 2823 1829 2890 literas
1851 2837 1925 2892 tuas
1946 2826 2152 2892 ostenderam
2181 2841 2222 2892 ut
2241 2828 2293 2892 oui

1318 2927 1397 2990 prae
1418 2909 1555 2974 eaeteris
1576 2909 1726 2975 fidebam.
1772 2909 1980 2994 Quanquam,
2009 2923 2045 2977 nt
2072 2935 2147 2978 vere
2176 2913 2291 2982 diuam.

1319 3013 1385 3057 non
1418 3005 1487 3057 tam
1514 2995 1613 3059 firerit
1638 2996 1672 3058 in
1705 3015 1804 3061 eausa
1827 2998 2056 3064 'testimonium
2083 3009 2197 3078 tuum,
2231 3019 2292 3082 quo

1318 3078 1429 3143 minus
1455 3079 1512 3144 ille
1538 3088 1688 3163 reeeptuu
1717 3081 1775 3161 sit,
1805 3103 1903 3165 quam
1924 3083 2010 3166 quod
2033 3084 2086 3151 hie
2107 3093 2208 3149 erant
2229 3087 2293 3149 iam

1319 3183 1357 3228 oo
1380 3171 1526 3248 tempore
1548 3167 1657 3232 neseio
1678 3187 1762 3250 quae
1790 3167 1903 3233 turbae
1926 3179 2068 3249 exortae,
2090 3191 2176 3253 quae
2199 3169 2292 3235 uobis
2404 3161 2405 3180 ²

1318 3249 1446 3314 interea
1473 3251 1651 3334 plurimum
1679 3253 1900 3320 exhibuerunt
1922 3255 2097 3321 molestiae.
2153 3257 2203 3322 Et
2235 3277 2293 3339 pu-

1319 3335 1433 3399 tabant
1454 3336 1630 3402 oonsiliarIi
1651 3359 1713 3418 me,
1735 3339 1899 3423 Principis
1920 3341 2073 3406 mandato
2091 3349 2292 3425 oontempto,

1318 3420 1412 3484 illum
1433 3420 1499 3487 hue
1518 3423 1566 3487 eis
1588 3424 1699 3491 inseiis
1722 3423 1907 3504 adamasse,
1929 3427 2103 3510 invitisque
2119 3428 2294 3493 ministros
2404 3413 2405 3500 i

1319 3505 1404 3571 velle
1430 3505 1618 3586 obtrudere,
1646 3508 1919 3593 quemadmodum
1949 3512 2010 3577 hoo
2037 3513 2118 3577 mihi
2146 3535 2189 3580 eo
2224 3515 2293 3597 ipso

1320 3591 1387 3672 die,
1415 3594 1495 3658 satis
1522 3614 1635 3660 severe
1666 3595 1913 3680 exprobrarunt.
1967 3599 2014 3664 at
2045 3599 2212 3666 habemus
2244 3599 2295 3664 bie
2404 3643 2405 3646 =

1320 3678 1428 3743 neseio
1462 3699 1545 3762 quos
1600 3679 1721 3746 auditos
1754 3703 1791 3748 ae
1823 3682 2006 3765 deploratos
2033 3684 2206 3766 homines,
2240 3685 2295 3783 qui

1319 3761 1424 3828 multa
1451 3775 1539 3829 oerte
1588 3767 1781 3850 esignarunt
1806 3769 1892 3834 reris
1918 3768 2011 3834 uerbi
2038 3771 2103 3835 Dei
2128 3771 2296 3837 ministris
2404 3771 2405 3774 ’

1318 3847 1464 3932 indigna,
1487 3850 1546 3915 sed
1567 3872 1707 3935 quorum
1723 3853 1848 3937 flagitia
1864 3855 1975 3919 omnia
1991 3856 2027 3920 in
2037 3877 2089 3920 me
2099 3856 2296 3922 reiioiuntur

1319 3935 1374 4016 qui
1395 3935 1477 4001 tales
1498 3937 1552 4002 vel
1574 3936 1759 4004 advocarim
1781 3939 1835 4004 vel
1856 3941 2043 4023 reoeperim,
2066 3949 2103 4005 ut
2119 3963 2295 4026 nunquam

1318 4021 1443 4086 maiore
1461 4023 1563 4088 animi
1584 4044 1731 4089 moerore
1748 4025 1864 4089 trierim
1887 4027 2164 4111 muleetusquam
2185 4027 2294 4093 hodia
2404 4071 2405 4074 =

1318 4105 1462 4173 Proinde
1474 4107 1604 4174 obseoro
1622 4119 1663 4188 te,
1686 4111 1732 4174 mi
1743 4111 1852 4190 frater,
1875 4123 1998 4176 utnon
2015 4113 2120 4179 solum
2137 4115 2293 4199 ἰςιιοοοιι

1318 4191 1415 4272 mihi,
1444 4193 1472 4258 si
1500 4193 1578 4276 quid
1604 4195 1639 4260 in
1678 4195 1805 4262 Naeui
1833 4219 1931 4263 eausa
1962 4198 2087 4264 invitus
2162 4201 2294 4278 ooarim,

1318 4276 1565 4346 sedDominum
1588 4282 1687 4346 etiam
1708 4301 1768 4364 pro
1790 4303 1843 4347 me
1864 4283 2061 4367 interpelles.
2084 4307 2121 4350 sa
2135 4297 2295 4370 utemque

1344 4453 1368 4460 ..-
1378 4453 1522 4461 -.η--κ

1319 4566 1446 4691 18V876316)
1464 4572 1520 4626 scil.
1556 4573 1586 4624 in
1621 4573 1740 4641 ltaliam,
1777 4574 1897 4629 Stridon.
1935 4575 1978 4628 11.
2013 4576 2073 4631 241.
2117 4577 2203 4648 (οφ.
2235 4579 2296 4648 Res.

1420 4705 1451 4772 2)
1471 4705 1516 4760 De
1536 4709 1698 4776 primordiis
1720 4711 1925 4778 reformationis
1949 4712 2081 4768 Mamur
2101 4731 2213 4784 ροηιιη
2237 4716 2296 4782 feli·

1318 4774 1394 4829 abas
1411 4791 1436 4829 ο.
1456 4774 1591 4844 Herminj.
1610 4777 1637 4831 Ι.
1654 4777 1706 4833 259
1723 4795 1752 4846 s,
1771 4779 1821 4834 371
1839 4795 1860 4834 ο.
1889 4781 2043 4848 Sebelbona
2062 4799 2168 4838 amona
2188 4785 2295 4840 ΜΝ.

1318 4840 1370 4896 360
1387 4857 1423 4898 ss.
1463 4843 1563 4898 Eiusd.
1588 4845 1659 4900 Aeta
1675 4848 1737 4903 bist.
1760 4851 1821 4904 ecel
1849 4847 1917 4903 Uin.
1936 4849 2004 4904 1738
2030 4849 2052 4902 Ι.
2072 4851 2120 4906 156
2139 4868 2180 4906 aa.
2221 4853 2296 4924 osy,

1317 4910 1488 4980 peradnuion
1511 4913 1545 4967 de
1566 4912 1647 4984 unqu
1675 4917 1707 4970 de
1732 4917 1807 4973 Meta
1828 4917 1868 4972 ed.
1894 4917 1999 4988 daun,
2023 4919 2130 4974 Introd.
2150 4937 2182 4990 p.
2202 4921 2246 4977 13.
2265 4951 2294 4960 -

1323 4978 1382 5049 Quo
1405 4987 1522 5050 oempore
1546 4981 1662 5037 Comitia
1687 4985 1899 5042 Ratubonenaia
1924 4987 2125 5043 attrabatur
2158 4991 2296 5046 Mamm

1318 5049 1601 5186 Quadrlpliqtipnir
1618 5053 1815 5122 professionem
1836 5057 1997 5125 flaqitmant
2026 5057 2114 5124 (aaa.
2140 5062 2209 5116 coel.
2234 5060 2297 5116 ΙΙΙ.

1402 5134 1431 5173 se
1496 5133 1529 5172 us
1555 5135 1579 5172 a.

1423 5188 1453 5252 3)
1474 5185 1614 5242 Fortassis
1631 5205 1660 5246 eo
1679 5191 1712 5247 de
1729 5209 1782 5264 quo
1801 5195 1837 5250 N.
1856 5195 1906 5249 214
1924 5203 1949 5252 et
1965 5196 2024 5252 221.
