4942 5982
295 269 356 332 147
1061 257 1324 326 EPISTOLAE
1348 259 1516 323 are-275

290 449 456 518 industria
476 449 540 516 alio
562 448 680 516 abduoi
702 447 885 532 suspioeris,
912 468 955 513 ne
982 467 1035 512 me
1062 447 1183 512 iterum
1212 467 1264 511 re·
1764 441 1839 512 274.

290 545 408 620 petant
419 535 616 602 Genevates.
627 535 656 616 ⁶)
690 533 802 616 Quum
823 533 912 598 enim
921 533 1029 617 legato
1040 539 1153 598 nostro
1176 531 1264 598 vale-
1542 562 1827 630 BERNARDUS
1851 561 2068 630 GALVINO·

293 622 423 701 diaeret,
433 629 503 688 tam
514 621 614 686 anxie
624 620 672 685 illi
683 618 931 698 nommendavit,
943 625 1040 684 ntma
1051 618 1265 684 vehementer

291 707 439 791 puderet
484 705 596 804 Quum
606 726 667 790 ego
680 715 815 772 eonatus
826 725 931 771 essem
942 703 1161 788 interpellare,
1181 702 1266 768 dixit
1402 719 1454 785 1),
1474 720 1578 786 regg„
1598 720 1710 784 „em
1730 717 1860 803 00114900
1881 723 1909 783 eq
1927 718 2068 784 (penem
2088 724 2117 784 ,rt
2136 657 2199 783 „pp
2218 740 2290 802 m.

291 814 327 860 se
348 814 414 858 non
435 812 556 858 morari
575 813 666 858 meas
687 791 921 869 exeusationes,
945 790 1007 856 sibi
1029 790 1099 856 eius
1120 788 1265 872 postula·
1315 805 1443 871 tulatus·

291 879 387 946 tionis
398 881 555 961 optimam
565 887 715 944 eonstare
726 877 895 942 rationem.
914 874 1079 940 Adiunxit
1091 882 1264 958 postremo,

290 965 470 1030 seomnino
484 961 812 1030 velleutudduoerer.
852 962 898 1026 Et
918 961 1031 1044 paneis
1053 969 1129 1026 ante
1150 958 1265 1026 diebus
1319 959 1560 1030 (asssumpta
1579 955 1941 1024 Cod.doth.4oo,r01.9u.
1978 956 2048 1012 Besa
2072 958 2158 1014 edidit
2200 957 2290 1014 uidam

289 1049 327 1114 ι
348 1049 487 1115 ...sm
503 1049 699 1114 ...sm
715 1048 869 1131 aare
886 1046 1001 1112 s...
1045 1047 1133 1112 Nam
1149 1047 1210 1112 ab
1231 1045 1265 1110 s
1316 1029 1559 1167 adsistis
1572 1025 1828 1163 esuritur·
1844 1025 2290 1166 eliasu-..atsur

290 1141 419 1218 tempus
441 1154 506 1217 quo
528 1133 621 1199 nobis
642 1133 830 1200 obtuleruut
850 1131 1057 1215 colloquium,
1087 1132 1164 1215 quia
1191 1151 1266 1214 spes
1619 1164 1773 1218 mmm
1791 1179 1846 1218 nos
1863 1165 1985 1230 ,tn-„00

291 1221 398 1286 omnis
419 1219 547 1286 sublata
568 1229 647 1300 erat,
676 1219 874 1302 petieramus
899 1218 1075 1302 Grynneres,
1105 1216 1266 1282 Stwmbss

291 1313 324 1372 et
346 1326 416 1391 ego,
439 1313 477 1370 ut
498 1304 630 1370 domum
651 1303 758 1370 redire
779 1305 872 1371 nobis
892 1303 1016 1368 lioeret
1067 1302 1265 1386 Compositis

290 1392 357 1457 iam
390 1391 540 1470 sarcinis,
573 1390 806 1457 cursitavimus
839 1388 880 1455 ad
913 1389 1103 1456 salutandos
1132 1388 1263 1454 amieos.

290 1476 357 1543 Ubi
368 1484 504 1542 ventum
516 1476 617 1541 estad
630 1475 832 1558 Philippum:
853 1475 939 1542 Aliis
956 1476 1118 1558 permitto,
1140 1473 1264 1558 inquit;

291 1561 332 1626 ad
350 1569 479 1646 tempus
495 1561 661 1627 Calvinum
678 1559 842 1628 diseedere
859 1581 926 1626 non
942 1562 1057 1644 patiar.
1087 1561 1134 1626 ut
1151 1559 1264 1625 statim
1401 1556 1438 1625 S.
1451 1557 1548 1640 Quod
1559 1556 1601 1624 ad
1612 1565 1645 1622 te
1655 1557 1823 1642 hueusque
1833 1579 1902 1624 non
1912 1559 2107 1642 seripserim,
2117 1560 2290 1645 praeeipue

290 1647 423 1714 domum
443 1653 589 1712 nostram
606 1647 756 1724 aoourrit,
780 1656 816 1712 ut
832 1647 1063 1729 profectionem
1080 1644 1263 1729 impediret.
1314 1666 1374 1730 per
1395 1645 1441 1709 M.
1465 1643 1673 1710 Ludovioum
1693 1643 1749 1708 Du
1772 1643 1861 1709 Four
1880 1644 2025 1730 legatum
2048 1644 2288 1723 Genevensem,

289 1731 392 1799 Vides
430 1733 546 1816 igitur,
585 1734 631 1796 mi
665 1733 799 1811 Forelle,
832 1734 938 1798 teneri
970 1753 1024 1798 me
1056 1731 1262 1798 adstrictum:
1315 1751 1358 1796 ne
1368 1739 1463 1813 putes
1474 1737 1646 1812 propterea
1661 1729 1793 1808 foetum,
1817 1729 2004 1797 venerande
2026 1751 2063 1797 ao
2085 1731 2289 1798 observanda

289 1838 350 1884 nae
371 1818 548 1902 quidquam
571 1817 624 1884 hio
646 1819 737 1884 vafre
759 1818 971 1900 oompositum
989 1839 1060 1884 esse
1078 1816 1263 1882 frustratio-
1315 1823 1416 1902 pater,
1439 1813 1526 1898 qnod
1546 1827 1603 1880 aut
1625 1814 1821 1898 dedignatus
1839 1817 1900 1880 sim
1919 1816 2288 1882 auttuamibiredinte-

289 1905 341 1970 nis
369 1925 474 1970 eausa.
520 1902 718 1986 Quanquam
746 1924 806 1988 ego
834 1904 966 1988 ineptus
994 1925 1077 1982 sum,
1105 1903 1161 1986 qui
1190 1923 1263 1966 eam
1315 1902 1421 1986 gratio
1450 1900 1644 1983 displiceret.
1694 1901 1791 1966 Hane
1818 1901 1938 1968 ideireo
1966 1902 2007 1968 ad
2035 1911 2068 1968 te
2097 1923 2157 1986 pro
2194 1923 2289 1986 prae-

288 1990 519 2072 suspioionem,
550 2009 633 2072 quae
662 2010 767 2072 neque
793 1990 829 2054 in
855 1990 1002 2055 animum
1030 1997 1124 2054 tuum
1153 1988 1263 2054 subire
1315 1995 1406 2054 sente
1424 1985 1589 2052 destinavi
1606 1985 1826 2070 epistolam,²)
1849 1997 1887 2051 ut
1904 1997 1992 2053 oerto
2013 1989 2122 2064 saires,
2145 1987 2289 2071 primum

288 2096 395 2159 neque
418 2074 457 2140 de
480 2073 573 2140 nobis
594 2075 720 2156 oonoipi
742 2083 856 2157 potest,
880 2074 1004 2140 diluere
1026 2095 1134 2140 eonor.
1315 2093 1368 2138 me
1390 2078 1460 2138 tum
1477 2093 1543 2136 non
1563 2071 1706 2138 adfuisse
1724 2071 1879 2140 Genavae
1901 2073 2074 2157 (petieram
2091 2073 2181 2138 euim
2197 2073 2289 2138 Lau·

373 2161 438 2227 Ubi
470 2159 603 2224 domum
635 2157 726 2237 redii,
759 2161 900 2225 multum
932 2160 1055 2244 negotii
1086 2159 1168 2224 mihi
1199 2158 1263 2222 fuit
1315 2179 1438 2235 sanam,
1465 2157 1674 2224 oonsulturus
1695 2157 1736 2222 D.
1760 2157 1899 2224 Petrum
1924 2157 2064 2225 Viretam
2086 2179 2186 2242 snper
2206 2179 2290 2224 uon-

288 2267 364 2313 oum
394 2243 575 2328 Claudio.⁰)
619 2243 676 2312 Sia
698 2246 786 2310 enim
808 2247 875 2312 tuis
896 2245 1079 2311 rationibus
1106 2265 1183 2310 eum
1210 2243 1263 2311 val
1315 2243 1414 2309 nullis
1432 2263 1515 2327 quue
1525 2243 1765 2309 oonoernebant
1782 2251 1906 2310 statum
1923 2243 2077 2311 eeclesiae
2094 2243 2251 2326 nostrae),
2261 2247 2289 2322 ⁸)

288 2331 462 2409 imbueras,
485 2330 539 2397 vel
555 2328 786 2411 inebriaveras,
809 2338 846 2396 ut
866 2330 995 2396 nullum
1017 2330 1263 2396 dissentientem
1314 2337 1484 2412 praeterea
1501 2349 1599 2412 quam
1616 2330 1700 2396 bono
1719 2337 1841 2414 ergata
1858 2331 1921 2396 sim
1932 2351 1970 2396 ao
1981 2329 2159 2397 obristiano
2170 2330 2289 2410 animo,

288 2418 374 2482 ferre
401 2423 517 2499 posset.
571 2416 643 2500 Ego
671 2438 756 2495 vero,
785 2423 822 2481 ut
850 2417 922 2496 sois,
955 2423 988 2481 et
1013 2423 1072 2481 tuo
1099 2422 1133 2481 et
1159 2415 1262 2498 ipsius
1315 2423 1349 2479 et
1369 2422 1528 2498 quantum
1550 2413 1633 2480 mihi
1654 2413 1781 2498 placeat
1801 2415 1887 2498 quod
1915 2415 2046 2484 videam
2074 2425 2107 2482 te
2135 2415 2241 2482 denuo
2270 2438 2290 2482 a

289 2501 423 2568 oonsilio
452 2501 666 2567 libentissime
695 2503 969 2584 obtemperassem
996 2499 1198 2578 iamdudum,
1228 2508 1263 2565 et
1314 2501 1436 2566 nostris
1458 2501 1590 2584 agnosci
1611 2499 1733 2565 bonum
1751 2510 1915 2583 pastorem
1933 2521 1971 2568 ae
1988 2501 2133 2568 fidelem:
2158 2501 2290 2586 potissi-

288 2585 386 2652 bodie
407 2595 541 2669 paratus
563 2608 667 2652 essem
690 2586 926 2672 obtemperare:
958 2588 986 2654 si
1013 2586 1109 2652 modo
1137 2585 1262 2651 obioem
1314 2607 1404 2651 mum
1438 2584 1523 2668 quod
1556 2586 1618 2652 hoo
1649 2587 1748 2651 seiam
1783 2587 1835 2652 via
1867 2587 2001 2670 spiritus
2034 2589 2139 2654 sanati
2170 2595 2289 2653 aetum.

289 2673 383 2737 illum
418 2671 597 2751 tolleretis,
636 2673 692 2756 qui
723 2675 812 2738 viam
845 2673 926 2738 mihi
953 2693 1043 2738 nune
1070 2671 1260 2755 praeoludit.
1315 2669 1487 2755 Siquidem
1509 2693 1575 2736 una
1592 2669 1827 2738 dominicarum
1846 2671 1981 2752 dierum,
2004 2695 2104 2757 quum
2122 2673 2290 2756 praediea·

289 2756 495 2839 Quanquam,
513 2757 607 2823 erede
625 2757 716 2837 mihi,
735 2759 864 2824 etiamsi
874 2779 928 2824 me
938 2779 1035 2825 nemo
1046 2757 1261 2836 sollieitasset,
1314 2778 1386 2822 rem
1394 2759 1423 2832 ⁴)
1446 2756 1532 2839 apud
1543 2757 1695 2842 Rippam,
1706 2761 1735 2834 ὗ)
1758 2765 1792 2823 et
1806 2758 1952 2824 viderem
1963 2759 2133 2827 ecelesiam
2143 2767 2290 2824 nostram

289 2863 350 2927 ego
367 2842 449 2908 mihi
467 2843 546 2908 satis
564 2843 711 2928 diligens,
729 2845 795 2909 imo
807 2844 956 2911 assiduus
967 2844 1102 2910 ἰιιὶεεοιιι
1113 2843 1263 2909 hortator
1314 2841 1494 2909 desolatam
1505 2843 1667 2922 (abierant
1677 2843 1765 2910 enim
1777 2844 1832 2928 qui
1839 2863 1952 2910 euram
1959 2845 2062 2928 ipsius
2070 2851 2289 2930 susceperant,

290 2935 324 2994 et
334 2928 501 3012 impulsor.
546 2927 635 3009 Quia
654 2929 683 2995 si
704 2930 787 2994 mihi
808 2952 874 2996 non
897 2936 983 2997 esset
1004 2930 1201 3013 permissum
1222 2950 1261 2995 eo
1314 2927 1492 2996 Mororsdus
1508 2927 1658 2996 videlieet
1675 2937 1709 2994 et
1721 2928 1919 2997 Marcentes
1929 2931 1971 3008 6);
1990 2941 2193 2998 remanserat
2211 2949 2289 2998 vero

289 3013 487 3099 demigrare,
520 3021 701 3080 statueram
733 3023 845 3081 tamen
878 3015 932 3082 vel
965 3015 1116 3081 omnibus
1148 3015 1262 3082 invitis
1314 3015 1402 3082 solus
1424 3014 1583 3082 Henrious
1609 3035 1739 3081 manum
1761 3053 1802 3063 —
1824 3015 1882 3082 sed
1903 3017 1958 3100 qui
1980 3037 2094 3082 sumus
2115 3038 2175 3100 pro
2197 3023 2290 3082 tante

288 3099 365 3166 illua
397 3100 509 3166 statim
540 3101 653 3166 venire
685 3102 863 3168 exousandi
893 3121 999 3168 nausa.
1058 3101 1133 3166 Nou
1173 3101 1261 3165 enim
1313 3099 1433 3184 populo
1455 3100 1516 3167 soli
1538 3099 1812 3178 eonduoendol⁷)
1862 3099 1952 3168 Sane
1979 3101 2106 3182 nihili),
2134 3099 2290 3167 admonui

288 3207 378 3252 eram
400 3186 539 3264 nesoius,
561 3193 719 3270 quantum
732 3186 1262 3270 profuturumessethoooffieium
1313 3187 1469 3270 populum
1490 3185 1653 3270 lacrymas
1675 3186 1872 3254 effundendo
1900 3195 1938 3252 ut
1959 3208 2136 3255 eonversus
2158 3185 2200 3254 ad
2218 3187 2289 3252 Do-

288 3271 331 3338 ad
352 3293 407 3338 eos
429 3271 675 3338 confirmandos.
718 3273 765 3338 Et
786 3271 907 3356 aliquid
930 3272 1077 3338 fortassis
1100 3269 1261 3337 dedissem
1313 3271 1560 3337 minumDeum
1568 3271 1686 3337 humili
1697 3273 1845 3338 oratione
1857 3294 1915 3356 per
1926 3271 2107 3352 Christum,
2118 3281 2290 3357 pastorum

288 3357 335 3423 eis
364 3357 505 3423 oonsilii:
538 3358 624 3440 quod
651 3359 679 3422 si
707 3359 835 3441 sequuti
864 3363 988 3437 essem,
1021 3356 1262 3440 aliquantulum
1313 3363 1486 3440 pastorem,
1504 3357 1544 3423 ab
1557 3357 1979 3442 eoimploraretpastorem,
1999 3357 2174 3444 etquidem
2187 3357 2290 3424 talem

288 3442 494 3526 eollegissent
526 3465 619 3508 suam
653 3443 824 3509 eealesiam
862 3465 903 3508 ex
936 3442 998 3508 han
1039 3442 1259 3526 dissipatione.
1313 3441 1444 3526 qualem
1478 3440 1731 3528 eognosoeret⁸)
1768 3466 1846 3510 suae
1881 3445 2088 3527 profuturum
2126 3443 2289 3512 ecelesiae.

287 3527 385 3594 Nune
407 3549 460 3592 me
481 3535 672 3594 exeusatum
694 3528 836 3594 habeant
855 3535 993 3611 oportet,
1023 3527 1110 3611 quod
1135 3547 1177 3592 ne
1203 3527 1262 3593 illa
1313 3529 1368 3607 At,
1378 3530 1405 3607 9)
1417 3547 1459 3593 ne
1469 3529 1621 3608 mentiar,
1640 3529 1691 3594 tui
1708 3550 1775 3594 non
1793 3529 1996 3610 recordabar,
2014 3551 2075 3596 neo
2092 3529 2235 3596 tetalem
2247 3531 2289 3612 ¹⁰)

288 3611 419 3696 quidem
451 3615 661 3678 exeusatione
695 3613 863 3698 defungor.
907 3614 1021 3680 Unum
1053 3635 1106 3678 me
1138 3613 1262 3679 solatur
1314 3613 1484 3698 sperabam
1506 3615 1583 3680 fore.
1628 3613 1725 3696 Quod
1747 3623 1781 3680 et
1802 3615 1879 3682 feeit
1900 3615 2049 3700 populus,
2079 3616 2225 3682 maxima
2252 3622 2291 3680 ut

288 3719 327 3764 aa
355 3705 496 3776 reorent,
528 3697 614 3780 quod
641 3698 737 3764 audio
769 3699 809 3764 de
834 3699 938 3766 Virdo
965 3698 1147 3766 eonfeotum
1174 3699 1261 3783 quod
1314 3698 1433 3766 dieitur
1453 3721 1528 3766 oum
1551 3700 1733 3766 devotione.
1784 3701 1827 3765 In
1853 3703 2035 3768 erastinum
2062 3723 2141 3768 vero
2168 3699 2290 3768 dueen-

288 3783 506 3867 oupiebamus.
550 3785 639 3868 Ergo
662 3791 766 3850 status
787 3785 853 3851 mei
864 3785 1017 3864 insertus,
1040 3785 1261 3851 reliotadomo
1313 3793 1423 3850 torum
1444 3793 1661 3870 congregatur
1682 3787 1868 3867 eonsilium,
1891 3795 1924 3854 et
1944 3809 2058 3854 omnes
2079 3796 2196 3872 petunt
2219 3785 2290 3854 Cal·

287 3869 515 3953 innomposita,
537 3869 684 3936 fortassis
706 3870 747 3935 ad
769 3892 828 3936 sex
850 3871 903 3938 vel
925 3878 997 3937 outo
1018 3891 1147 3936 menses
1169 3891 1261 3954 pore·
1313 3871 1429 3936 uiuum
1479 3871 1709 3958 Congregetur
1740 3881 1774 3937 et
1804 3873 1957 3958 generale
1986 3875 2134 3956 sequenti
2163 3871 2215 3938 die
2228 3875 2289 3954 ¹¹);

289 3955 451 4040 grinabor.
484 3955 599 4033 Teneo,
618 3963 777 4040 quantum
789 3955 975 4022 domesticis
985 3957 1068 4022 meis
1077 3955 1261 4022 rationibus
1313 3955 1428 4022 itidem
1445 3955 1588 4023 olamant
1606 3979 1733 4023 omnes:
1760 3957 1932 4038 Quanam,
1950 3960 2087 4044 probum
2106 3969 2140 4024 et
2157 3957 2290 4024 dootum

289 4039 381 4120 obsit,
404 4040 490 4124 qnod
512 4040 566 4106 hio
587 4041 662 4106 nolo
680 4062 732 4107 me
751 4041 908 4108 addioere.
953 4042 1022 4108 Ista
1034 4047 1262 4108 estoausaour

288 4125 370 4190 mihi
401 4148 468 4191 non
500 4135 657 4211 augeatur
688 4127 898 4211 stipendium.
948 4129 999 4193 Eo
1033 4133 1143 4192 autem
1175 4127 1261 4212 quod
1328 4143 1394 4206 ξπ,
1413 4143 1443 4207 1)
1461 4143 1673 4214 stampensem
1690 4161 1742 4200 om.
1759 4143 1820 4200 edd.

288 4231 377 4276 nuno
397 4211 552 4294 penditur
572 4213 630 4278 vix
652 4233 783 4296 possum
812 4220 883 4279 ooto
912 4233 1041 4279 menses
1069 4214 1259 4298 transigere.
1414 4211 1445 4276 2)
1464 4213 1565 4268 ideireo
1584 4232 1654 4268 nuno
1672 4215 1706 4268 ad
1725 4221 1752 4268 te
1770 4215 1833 4270 dedi
1851 4221 1882 4268 ut
1899 4219 1947 4269 dc·
1965 4213 2042 4268 EM·
2107 4285 2113 4297 ‚

288 4294 359 4360 Νθο
380 4303 429 4360 est
450 4298 535 4379 quod
552 4319 746 4382 conquerar:
770 4301 845 4383 quia
866 4299 948 4364 mihi
969 4319 1066 4383 cogor
1087 4299 1259 4381 imputare·
1415 4279 1445 4345 3)
1464 4299 1532 4350 qnae
1559 4284 1593 4336 ad
1622 4285 1750 4338 ecelesiae
1777 4289 1887 4338 nostrae
1913 4291 2015 4337 statum
2042 4285 2231 4353 pertmebent,
2258 4301 2289 4338 ae

290 4377 438 4446 Saribam
460 4383 577 4448 iterum
600 4383 659 4448 tibi
677 4393 754 4450 ante
771 4384 903 4449 abitum.
948 4383 1032 4450 Vale
1050 4385 1261 4469 integerrime
1312 4353 1360 4404 Μ
1379 4348 1447 4404 Edu

1401 1336 1547 1402 Domino
1567 1336 1686 1401 Ioanni
1708 1333 1848 1402 Calvino
1869 1337 1905 1400 in
1927 1337 2060 1404 Obristo
2081 1339 2169 1421 patri
2189 1355 2289 1404 vene·

1315 1421 1418 1488 raudo
1440 1423 1644 1508 Argentinae
1665 1429 1724 1486 aut
1745 1421 1960 1488 Wormaoiae.
1974 1423 1998 1506 ¹)

592 4471 598 4483 ,
616 4471 622 4484 ,
1251 4471 1258 4484 ,
1414 4389 1455 4483 4).
1465 4437 1518 4472 nna
1535 4420 1640 4474 dierum
1657 4421 1791 4475 dominioa
1808 4439 1891 4490 quum
1907 4421 2037 4476 haberem
2045 4421 2289 4477 oonoionamltldd.

288 4465 400 4530 frater.
436 4465 552 4532 Saluta
568 4468 741 4554 drhgenter
757 4491 870 4536 omnes
887 4471 1014 4536 fratres.
1048 4471 1261 4555 Argentoratr
1415 4485 1446 4550 o)
1465 4486 1507 4542 St.
1524 4487 1664 4556 russeo
1680 4489 1714 4544 de
1731 4487 1811 4558 Risu,
1835 4489 1899 4544 uim
1920 4489 2187 4559 Frases'seasoram,
2210 4505 2290 4548 mne

288 4549 393 4634 pridie
415 4549 484 4616 Cal.
507 4552 663 4620 Februar.
690 4561 779 4620 1541.
1314 4626 1326 4677 1
1444 4555 1490 4679 ub?
1504 4557 2290 4683 (Abfflfmrmfoeweutwchwfflqum

348 4737 420 4819 '„
440 4683 537 4818 Dg„
559 4740 639 4795 ,m
659 4758 732 4838 W
753 4742 798 4796 m
819 4741 905 4798 Μ
919 4741 1097 4824 m
1110 4743 1198 4813 s...
1213 4745 1259 4799 g,
1311 4641 1444 4830 esf)
1463 4627 1691 4752 sustu..
1708 4643 2015 4752 seembs
2033 4645 2167 4754 ndi..
2184 4669 2210 4767 c·
2258 4697 2290 4754 ι

288 4805 601 4956 vostrum.
615 4811 1321 4952 ,sommas
1416 4831 2009 4959 tumultuassent?
2022 4837 2097 4959 us
2110 4837 2287 4908 ss...

288 4961 315 5000 s.
335 4945 452 5001 sams·
468 4945 622 5016 stapam
639 4947 693 5002 ru.
707 4966 738 5017 p.
754 4949 797 5003 aa.
1322 4917 1445 5030 mg,
1464 4975 1622 5038 mom,
1639 4967 1714 5022 EM,
1881 4945 1888 4970 ’

391 5014 421 5082 6)
439 5013 553 5079 ΓΜ·
1413 5037 1444 5100 9)
1462 5039 1499 5090 ut
1517 5035 1593 5090 Eua.

674 5141 874 5151 -...-.
945 5125 951 5154 ι
1414 5105 1461 5170 10)
1478 5105 1554 5158 illum
1571 5103 1647 5159 EM.

1414 5172 1461 5236 ll)
1480 5173 1520 5228 N.
1537 5171 1598 5242 24³5,
1615 5179 1671 5230 Ml.
1689 5175 1714 5229 5.
