4898 5970
172 241 233 302 773
1014 240 1095 302 1544
1116 235 1323 308 NOVEMB.
2101 248 2166 312 m

171 445 236 490 non
264 423 342 508 quia
368 431 517 507 putarem
545 445 616 492 esse
642 425 876 505 necessarium,
897 424 954 491 sed
982 433 1021 490 ut
1047 424 1142 490 fratri
1279 425 1388 494 Audio
1405 424 1577 494 erbm
1596 426 1730 494 undem
1750 449 1826 496 cum
1842 429 1943 496 cneci
1960 428 2165 510 uveetvat)

171 529 296 576 morem
317 529 475 594 gererem,
497 512 619 595 scripsi.
1193 533 1259 578 non
1287 513 1419 578 tamin
1445 532 1522 590 vos,
1549 533 1648 596 quam
1674 513 1710 578 in
1738 535 1799 580 nos
1827 535 1942 580 omnes
1969 518 2166 598 prorupisse.

256 595 319 660 Est
335 595 425 660 aliud
441 605 619 680 praeterea,
637 597 723 680 quod
740 605 773 662 te
789 609 997 680 summopere
1013 603 1141 662 oratum
1193 596 1306 678 Quum
1317 601 1358 674 ¹⁰)
1380 619 1440 681 per
1458 619 1494 664 se
1515 597 1549 662 id
1567 598 1611 664 sit
1627 598 1822 678 luctuosum,
1844 621 1905 666 nos
1923 601 1980 684 qui
1997 602 2093 684 pauci
2109 623 2165 670 sn·

172 681 280 746 velim.
314 679 402 746 Sunt
422 681 458 745 in
476 683 653 750 Provincia
673 683 838 766 fratreafl)
860 703 919 765 pro
941 681 1058 764 quibus
1077 681 1141 746 sois
1193 704 1266 749 mus
1288 703 1425 750 numero
1452 690 1486 748 et
1507 683 1651 766 undique
1678 683 1827 750 hostibus
1854 684 1975 752 obsessi
2001 687 2165 754 intestinis

171 787 230 832 nos
252 787 380 848 semper
407 767 580 834 laborasse.
630 768 745 852 Neque
773 768 806 832 id
835 767 1008 832 immerito.
1053 765 1142 832 Sunt
1191 769 1360 836 internos
1382 767 1477 835 bellis
1498 770 1681 854 confligere,
1703 770 1764 837 hoo
1785 791 1911 853 quoque
1932 774 2037 856 magis
2058 771 2165 840 alieno

172 852 259 916 enim
281 871 319 916 ea
339 853 458 934 pietate
473 853 723 937 innocentisque
740 853 887 937 praediti,
908 861 947 918 ut
963 853 1055 918 bonis
1072 873 1141 918 om·
1192 862 1339 938 tempore
1371 851 1517 920 accidere
1542 876 1607 921 non
1641 856 1756 938 potuit.
1804 855 1949 922 Proinde
1979 878 2047 923 non
2075 857 2165 924 alind

171 936 268 1002 nibus
290 937 516 1004 commendata
536 939 683 1022 ipsorum
701 939 788 1004 salus
806 959 876 1004 esse
894 937 1018 1003 debeat.
1053 939 1141 1004 Ante
1192 939 1297 1005 habeo
1329 939 1414 1022 quod
1447 936 1552 1006 dicam
1579 941 1643 1006 nisi
1669 939 1851 1006 Dominum
1879 939 2022 1008 Satanae
2050 943 2164 1008 fraena

170 1023 349 1088 triennium
366 1025 431 1087 iam
454 1045 492 1088 eo
511 1045 614 1108 usque
630 1025 793 1108 progressi
810 1025 949 1103 fuerant,
972 1030 1010 1089 ut
1030 1023 1141 1089 euriae
1191 1024 1329 1092 laxasse.
1374 1023 1531 1090 uum
1550 1023 1680 1108 quidem
1701 1026 1781 1109 ipse,
1807 1033 1939 1109 praeter
1958 1027 2166 1094 immodicam

172 1109 317 1190 Aquensi
348 1109 584 1175 confessionem
612 1109 772 1176 ediderint
803 1131 920 1194 puram
952 1129 990 1174 oo
1016 1109 1141 1192 simpli·
1192 1109 1286 1176 illam
1306 1111 1431 1194 ingenii
1448 1111 1637 1176 violentiam
1654 1120 1687 1176 et
1704 1113 1912 1194 proterviam,
1935 1113 2034 1179 habet
2051 1134 2071 1178 a
2087 1135 2165 1180 oon·

171 1192 290 1280 oem,⁷)
312 1193 417 1276 qualis
437 1195 601 1261 internos
622 1195 782 1262 ederetur.
817 1198 866 1261 Ao
889 1217 929 1260 ne
952 1194 1059 1260 subito
1076 1193 1141 1258 fer·
1193 1196 1275 1262 siliis
1301 1197 1610 1278 Aandorpbium,¹¹)
1644 1197 1811 1262 hominem
1843 1219 1975 1281 prorsus
2008 1199 2165 1266 insanum

170 1301 257 1356 rore,
280 1279 471 1362 quistatim
493 1283 672 1359 evannerit,
694 1279 993 1364 factumidputes:
1015 1281 1142 1363 quoties
1192 1291 1226 1346 et
1248 1281 1372 1348 nullius
1393 1280 1532 1359 cerebri,
1562 1302 1665 1365 aquo
1688 1303 1724 1349 se
1751 1283 1823 1366 regi
1850 1283 1902 1348 vel
1931 1284 2039 1366 potius
2060 1284 2165 1368 abripi

170 1364 304 1430 filerunt
330 1365 545 1450 interpellati,
577 1377 765 1434 constanter
793 1367 829 1432 in
856 1388 896 1432 ea
919 1367 1139 1450 perstiterunt
1192 1367 1279 1432 sinit.
1315 1365 1383 1434 Sed
1404 1367 1485 1432 utile
1502 1366 1595 1434 nobis
1612 1377 1664 1434 est
1685 1389 1860 1452 agnoscere
1877 1389 1937 1434 nos
1954 1369 2016 1434 hoe
2033 1369 2164 1454 flagello

170 1449 302 1516 Interea
333 1450 509 1517 crudeliter
536 1453 670 1518 fuerunt
697 1453 816 1519 vexati.
868 1451 979 1533 Quum
1011 1471 1143 1518 saevam
1193 1453 1376 1518 aDomino
1398 1453 1562 1552 instigari,
1590 1475 1655 1536 quo
1683 1454 1882 1520 moderatius
1909 1455 2052 1520 feramus
2079 1455 2165 1538 quod
2226 1503 2236 1524 .

169 1537 316 1602 hostium
337 1537 548 1622 tyrannidem
572 1539 801 1621 pertulissent,
829 1537 961 1604 tandem
987 1537 1142 1620 impetra·
1193 1538 1314 1622 alioqui
1335 1539 1581 1606 acerbissrmum
1602 1539 1693 1606 foret
1726 1541 1782 1605 An
1803 1540 1903 1606 fuerit
1923 1540 2032 1622 aliquo
2053 1547 2165 1606 restro

169 1631 249 1687 runt
276 1623 422 1706 aRege,
449 1631 487 1688 ut
515 1622 637 1690 iudices
665 1623 772 1702 daret,
800 1623 856 1708 qni
884 1623 925 1689 de
950 1631 1018 1688 tota
1045 1641 1143 1688 cansa
1193 1625 1314 1708 scripto
1335 1624 1505 1692 lacessitus
1527 1625 1650 1692 nescio:
1680 1635 1717 1690 ut
1746 1625 1812 1692 levi
1838 1625 1878 1690 de
1907 1647 2005 1693 cansa
2026 1624 2091 1690 tale
2111 1625 2164 1690 in·

172 1707 284 1774 verius
305 1717 543 1792 cognoscerent
587 1709 662 1775 Rex
680 1709 804 1776 duobus
825 1707 1012 1792 inquirendi
1032 1717 1143 1791 partes
1194 1711 1326 1794 genium
1348 1731 1414 1776 non
1435 1710 1594 1776 irritabile
1611 1709 1706 1776 modo
1728 1709 1786 1776 sed
1808 1712 1906 1776 etiam
1928 1709 2080 1776 acerbum
2101 1711 2164 1776 im·

171 1790 357 1859 mandarit:
391 1813 583 1878 cognoscere
618 1797 686 1878 ipse
713 1814 751 1860 ao
782 1796 999 1878 pronunciare
1031 1793 1141 1859 voluit.
1194 1795 1339 1878 pellitur,
1368 1803 1456 1862 certe
1483 1795 1575 1862 nulla
1603 1795 1651 1860 illi
1675 1796 1722 1860 ita
1743 1795 1943 1874 insaniendi,
1973 1795 2027 1862 vel
2046 1795 2165 1862 saltem

172 1879 247 1944 Hoc
268 1881 438 1946 continent
454 1879 576 1958 literae,
599 1889 636 1946 nt
657 1880 697 1946 de
719 1901 832 1946 eorum
853 1879 1001 1946 doctrine
1022 1891 1055 1944 et
1076 1901 1145 1944 mo·
1195 1880 1431 1959 tumultuandi,
1463 1882 1543 1946 satis
1571 1881 1660 1946 iusta
1691 1882 1773 1946 ratio
1801 1902 1872 1947 esse
1905 1881 2018 1964 potuit
2070 1880 2166 1948 Nunc

173 1963 266 2030 ribus
297 1963 426 2046 publice
465 1977 498 2031 et
530 1965 615 2031 olam
647 1965 822 2050 diligenter
851 1965 1056 2031 sciscitentur
1088 1965 1144 2048 qui
1195 1968 1254 2033 vix
1276 1965 1379 2032 audeo
1401 1987 1421 2030 a
1443 1967 1533 2032 vobis
1555 1973 1681 2049 petere,
1710 1976 1748 2031 nt
1775 1968 1925 2032 taceatis:
1940 1965 1980 2051 ¹²)
2011 1966 2087 2048 quia
2108 1987 2166 2032 ne·

173 2049 325 2116 mittendi
347 2061 432 2116 sunt.
476 2051 549 2117 Hoc
571 2051 689 2117 fratres
709 2063 777 2117 non
800 2049 1019 2116 reformidant
1058 2051 1145 2116 Nam
1195 2073 1259 2135 que
1289 2071 1429 2134 aequum
1458 2060 1509 2118 est
1536 2053 1582 2119 sic
1603 2054 1716 2118 vexari
1738 2053 1946 2118 immerentes
1968 2059 2002 2118 et
2022 2051 2087 2116 illis
2106 2071 2166 2118 ne-

172 2135 220 2201 ita
242 2157 279 2200 se
296 2145 469 2220 gesserunt
486 2135 572 2220 apud
590 2158 712 2216 omnes,
736 2145 773 2202 nt
790 2137 956 2221 singulare
974 2136 1145 2220 probitatis
1197 2137 1269 2222 gari
1298 2137 1350 2202 sui
1378 2159 1441 2220 pnr
1483 2137 1541 2203 ndi
1568 2138 1690 2203 locum:
1720 2149 1754 2204 et
1780 2147 1925 2204 statuere
1953 2136 2084 2202 difficile
2104 2145 2165 2215 est,

173 2223 396 2287 testimoninm
423 2222 567 2287 habeant
596 2223 694 2288 etiam
723 2223 764 2288 ab
793 2222 997 2288 adversariis.
1049 2220 1146 2302 Quod
1196 2245 1276 2288 num
1299 2223 1332 2288 id
1354 2244 1437 2304 expe
1461 2225 1515 2288 iat.
1549 2221 1617 2290 Sed
1638 2223 1718 2288 haee
1739 2224 1834 2306 cupio
1852 2222 1945 2288 robis
1966 2223 2001 2288 in
2022 2229 2167 2288 mentem

175 2305 216 2372 ad
228 2305 409 2373 doctrinam
431 2317 565 2390 spectat,
584 2309 815 2374 confessionem
828 2309 913 2392 Regi
931 2305 1050 2372 edituri
1068 2315 1147 2372 sunt
1198 2310 1324 2374 venire:
1347 2311 1491 2390 primum
1512 2320 1654 2391 quantus
1675 2309 1719 2374 sit
1734 2310 1788 2374 vir
1798 2309 1962 2384 Ltdberas,
1984 2317 2017 2372 et
2035 2308 2166 2390 quantis

175 2393 272 2459 sicuti
294 2393 481 2476 postulavit,
505 2393 624 2458 claram
648 2404 681 2459 et
697 2396 870 2460 sinceram:
894 2415 976 2476 quae
994 2391 1145 2458 distinete
1198 2393 1327 2460 dotibus
1349 2393 1502 2470 excellat,
1532 2403 1653 2478 quanta
1681 2395 1783 2458 animi
1811 2393 2000 2459 fortitudine
2028 2400 2063 2458 et
2088 2413 2166 2459 oon-

174 2479 249 2562 plns
271 2477 511 2561 complectitur,
540 2499 637 2561 quam
666 2479 730 2545 dici
754 2479 790 2544 in
818 2499 873 2544 eos
894 2479 1005 2561 possit.
1049 2477 1146 2543 Nunc
1197 2480 1326 2556 stantia,
1344 2487 1467 2560 quanta
1484 2479 1686 2558 dexteritate,
1703 2489 1826 2562 quanta
1843 2479 2008 2546 doetrinae
2024 2478 2168 2544 efficacia

174 2563 254 2630 totis
275 2564 401 2630 viribus
430 2563 620 2629 renituntur
647 2572 681 2630 et
706 2565 848 2648 episcopi
876 2573 909 2630 et
933 2563 1085 2646 praefanti
1114 2571 1147 2627 et
1197 2564 1357 2630 haetenus
1379 2564 1420 2630 ad
1437 2565 1678 2648 profligandum
1695 2564 1892 2632 Antichristi
1912 2585 2050 2648 regnum
2073 2571 2107 2628 et
2123 2563 2166 2628 si-

176 2651 267 2714 enria
294 2651 379 2732 ipsa,
408 2671 450 2714 ne
479 2651 568 2734 regio
595 2649 763 2732 diplomati
791 2651 833 2716 sit
859 2649 958 2716 locus.
1009 2647 1048 2714 si
1080 2670 1146 2714 non
1196 2649 1268 2714 mnl
1310 2649 1553 2733 propagandam
1595 2650 1709 2714 salutis
1752 2649 1931 2716 doctrinam
1973 2649 2167 2716 incubuerit.

175 2735 368 2814 admittitur,
391 2735 530 2820 expositi
551 2743 648 2800 erunt
669 2735 816 2801 leonibus
839 2743 872 2800 et
892 2733 988 2817 lupis,
1011 2743 1049 2798 nt
1070 2735 1146 2800 effe·
1198 2735 1305 2817 Saepe
1332 2734 1439 2800 dicere
1465 2734 1579 2800 solitus
1609 2755 1696 2800 sum:
1730 2736 1828 2799 otiam
1857 2735 1885 2800 si
1918 2755 1970 2798 mo
2003 2732 2168 2800 diabolum

94 2841 109 2851 ··
174 2827 281 2886 ratam
304 2821 429 2886 rabiem
457 2821 493 2884 in
521 2840 575 2886 eos
602 2829 762 2886 exserant
806 2819 880 2887 Hoc
900 2823 987 2886 enim
1015 2827 1146 2902 captant
1198 2829 1342 2898 vocaret,
1370 2841 1424 2884 me
1453 2827 1562 2884 tamen
1590 2819 1651 2886 hoo
1678 2818 1728 2882 illi
1754 2819 1886 2886 honoris
1907 2819 2107 2898 habiturum,
2129 2825 2169 2884 ut

175 2905 234 2987 illi,
257 2913 296 2972 nt
317 2907 378 2972 sibi
400 2905 533 2990 impune
556 2903 712 2972 adversus
729 2907 864 2971 miseros
882 2905 1024 2990 grassari
1041 2905 1144 2970 liceat.
1197 2906 1360 2990 insignem
1381 2905 1445 2972 Dei
1465 2925 1599 2972 servum
1620 2923 1809 2988 agnoscam:
1832 2905 1888 2986 qui
1905 2911 2017 2970 temen
2038 2914 2077 2970 nt
2097 2904 2167 2988 pol·

175 2989 215 3058 ei
234 2991 433 3072 admittitur,
461 2993 577 3058 nesio
605 2990 735 3076 quidem
764 2993 928 3058 evaserint
955 2990 1145 3074 perieulum.
1197 2991 1244 3058 let
1275 2991 1404 3058 eximiis
1436 2991 1629 3066 virtutibus,
1669 2989 1716 3054 ita
1747 2990 1877 3074 magnis
1907 2989 1995 3056 vitiis
2032 2989 2165 3054 laboret

175 3077 263 3143 Nam
285 3086 318 3142 et
339 3079 373 3142 in
395 3075 557 3160 oppidulis
574 3077 688 3156 tribus,
711 3085 745 3142 et
761 3077 796 3142 in
814 3075 1035 3160 compluribus
1053 3077 1146 3162 pagis
1197 3077 1294 3143 Hane
1307 3077 1544 3160 intemperiem,
1562 3097 1626 3159 qua
1643 3075 1762 3157 ubique
1778 3073 1900 3150 ebullit,
1919 3075 2043 3138 utinam
2060 3073 2167 3156 magis

175 3183 292 3248 puram
314 3163 477 3248 evangelii
500 3162 681 3228 doctrinam
703 3163 902 3246 profitentur.
936 3163 982 3226 Et
1002 3162 1038 3226 in
1056 3163 1146 3244 oppi·
1198 3163 1347 3227 fraenare
1369 3161 1556 3227 studuisset.
1599 3159 1851 3228 Vehementiam
1874 3167 2096 3240 actamquae
2117 3157 2167 3222 illi

177 3247 255 3314 dulo
276 3270 342 3314 uno
364 3248 522 3331 templum
544 3249 800 3332 inquinamentis
817 3247 968 3313 omnibns
989 3267 1147 3332 repurga-
1198 3256 1249 3312 est
1269 3249 1425 3332 ingenita,
1448 3248 1576 3312 utinam
1596 3247 1631 3311 in
1649 3247 1758 3312 hostes
1775 3245 1924 3312 veritatis
1941 3263 2068 3325 semper
2089 3263 2165 3308 oon·

177 3343 264 3412 runt,
292 3355 489 3418 coenamque
518 3333 586 3400 illio
620 3343 653 3398 et
687 3335 884 3418 baptismum
920 3341 1030 3404 nostro
1057 3353 1147 3398 more
1198 3333 1337 3410 tulisset,
1359 3353 1426 3398 non
1448 3333 1546 3396 etiam
1563 3331 1725 3398 vibrasset
1741 3333 1774 3396 in
1792 3351 1904 3396 servos
1915 3328 2057 3394 Domini.
2090 3327 2165 3394 Uti-

176 3419 350 3485 oelebrant.
384 3418 459 3500 Quo
479 3420 685 3502 praesentius
704 3419 770 3486 illis
791 3421 946 3502 utrinque
968 3418 1147 3501 periculum
1199 3439 1276 3482 nam
1296 3416 1563 3502 recognoscendis
1585 3417 1652 3482 suis
1669 3417 1757 3482 vitiis
1778 3415 1851 3498 plus
1873 3435 1990 3498 operae
2014 3411 2164 3478 dedisset

176 3503 337 3584 imminet,
359 3525 397 3570 eo
419 3507 541 3570 maiore
563 3505 670 3570 studio
692 3503 870 3571 adiuvandi
893 3511 1012 3570 sunta
1039 3503 1145 3570 nobis:
1198 3504 1383 3568 Plurimum
1405 3502 1452 3567 illi
1475 3503 1649 3568 obfuerunt
1669 3500 1862 3579 adulatores,
1884 3520 1984 3582 quum
2000 3499 2069 3581 ipse
2086 3518 2165 3580 qno·

175 3591 368 3676 praesertim
391 3591 425 3654 in
443 3591 505 3658 hae
523 3589 705 3657 admirabili
724 3590 916 3668 constantia,
939 3590 992 3654 oui
1014 3611 1073 3656 nos
1091 3589 1145 3654 de·
1198 3610 1260 3672 que
1289 3597 1406 3652 natura
1433 3587 1474 3652 ad
1502 3587 1563 3652 sibi
1590 3585 1825 3670 indulgendum
1858 3586 1955 3650 nimis
1985 3603 2166 3667 propensus

176 3697 247 3741 esse
280 3697 407 3742 summo
433 3677 556 3760 flagitio
586 3699 651 3742 non
677 3686 811 3742 careret.
857 3674 950 3740 Adde
978 3675 1063 3758 quod
1092 3675 1147 3738 hic
1198 3681 1290 3739 esset
1334 3673 1491 3738 Nostrum
1519 3681 1630 3737 tamen
1658 3679 1723 3749 est,
1754 3673 1800 3737 sio
1822 3667 2057 3754 reprehendere
2079 3667 2167 3752 quod

176 3781 290 3827 eornm
311 3783 410 3828 eausa
431 3782 496 3826 non
516 3762 638 3846 agitur:
666 3763 722 3828 sed
748 3771 806 3826 ant
833 3762 993 3844 patefacta
1014 3781 1072 3843 per
1093 3781 1146 3825 eo-
1197 3760 1234 3823 in
1255 3779 1294 3824 eo
1316 3767 1366 3824 est
1386 3757 1557 3836 malorum,
1585 3767 1623 3821 ιιι
1644 3756 1820 3840 praeclaris
1840 3755 1906 3820 illis
1928 3754 2020 3820 donis
2042 3752 2166 3837 aliquid

177 3867 252 3912 rum
280 3846 405 3913 cladem
433 3848 496 3912 erit
524 3847 577 3911 via
603 3846 789 3914 crudelitati
813 3847 987 3928 impiorum
1015 3846 1048 3909 in
1076 3853 1146 3909 toto

177 3953 288 4016 regno,
311 3939 369 3997 ant
391 3931 598 4018 evangelium
619 3933 681 3998 hoo
702 3931 797 3997 modo
816 3937 1012 4015 perrumpet.
1056 3928 1146 4011 Quid
1201 3933 1301 3941 ’“”“

177 4037 255 4101 ergo
276 4029 434 4102 superest,
457 4019 520 4082 nisi
541 4027 578 4081 nt
600 4037 842 4084 nervosomnes
863 4015 1082 4092 intendamus,
1106 4037 1147 4079 ne
1301 4047 1330 4114 9)
1349 4047 1461 4101 mm,
1478 4045 1662 4100 13,7„„„,„,·„
1682 4061 1706 4100 ο,
1729 4043 1906 4100 mmm,
1948 4042 2121 4110 (pompm-4„
2136 4058 2165 4110 ρ,

176 4103 379 4169 cessantibus
401 4103 493 4169 nobis
515 4103 560 4185 pii
581 4103 698 4169 fratres
720 4103 954 4186 opprimantur,
986 4111 1019 4166 et
1040 4100 1145 4166 occlu·
1197 4115 1256 4172 eae.
1294 4116 1404 4172 Ructat
1429 4116 1456 4169 V.
1474 4113 1535 4170 233.
1570 4114 1650 4182 Here,
1667 4113 1815 4182 Bauteper.
1834 4112 1859 4166 1.
1876 4109 1950 4172 teo.)

178 4186 277 4252 datur
299 4188 432 4254 Ohristo
453 4189 551 4254 ianua
571 4189 606 4253 in
627 4187 760 4272 longum
780 4187 928 4270 tempus?
972 4186 1081 4251 Huius
1094 4187 1146 4336 fiii
1197 4183 1348 4308 mulge
1367 4183 1442 4306 2220
1459 4189 1608 4305 {tetemet
1624 4198 1709 4254 utque
1725 4182 1764 4236 od
1781 4179 1875 4236 ceta:
1897 4179 1966 4232 ratio
1990 4177 2164 4246 arrepserit,

177 4275 270 4374 veleri
298 4283 331 4339 te
358 4275 604 4358 praemonitum,
631 4283 668 4339 nt
690 4275 719 4338 ιι
740 4269 869 4357 qnando
889 4271 931 4372 ed
954 4293 1011 4338 vos
1032 4291 1092 4337 oon
1301 4321 1344 4388 11)
1367 4319 1446 4390 wod
1469 4321 1571 4374 Nom
1598 4321 1658 4374 m
1679 4315 1761 4372 Mo
1789 4333 1807 4370 a
1830 4315 1937 4369 Bm
1959 4320 2097 4382 m„
2119 4329 2165 4368 ,m

219 4366 301 4440 rrnt,
330 4367 460 4444 paratos
488 4359 608 4424 habeas
631 4367 814 4426 vestrorum
844 4379 969 4422 ammos
991 4357 1031 4422 ad
1050 4377 1145 4440 opem
1199 4391 1262 4444 M
1281 4407 1307 4446 α,
1324 4390 1351 4444 ,q
1380 4390 1406 4442 y,
1424 4389 1473 4443 eol.
1495 4387 1566 4457 sept.
1584 4389 1747 4456 mmai,-
1763 4383 1864 4452 Scripsi
1882 4383 1934 4436 eibi
1950 4383 1984 4436 de
2001 4387 2096 4437 „omo
2112 4381 2165 4436 Pe.

202 4445 243 4512 lis
265 4445 440 4511 ferendam.
473 4443 624 4510 Alterum
643 4453 752 4510 autem
774 4465 815 4508 ex
832 4443 885 4508 his
903 4442 1028 4508 dnobus
1046 4463 1145 4526 agen·
1197 4460 1262 4514 recle
1286 4459 1332 4528 qui
1359 4474 1451 4512 merus
1472 4463 1568 4510 sonno
1595 4453 1684 4524 eoepit
1710 4451 1945 4506 vehementissime
1968 4449 2029 4520 περι
2052 4447 2165 4502 δείπνου

178 4529 256 4596 dum
279 4533 356 4596 erit:
383 4531 435 4596 vel
457 4533 544 4596 enim
565 4529 741 4614 petendum
763 4530 867 4595 erite
887 4529 989 4612 Rege,
1012 4537 1049 4593 ut
1070 4549 1145 4592 con-
1196 4527 1334 4594 ’τιμαῖσι
1370 4525 1433 4580 Fuit
1450 4525 1492 4578 Μ·
1509 4525 1604 4578 diebus
1627 4523 1697 4606 {¹⁸⁰0
1713 4522 1799 4603 in
1816 4521 1851 4574 ⁰¹¹
1863 4537 1976 4602 ,mmm
1995 4537 2010 4572 ι
2031 4517 2067 4572 ud
2084 4520 2164 4572 Am·

176 4638 268 4685 oesso
290 4615 390 4682 semel
411 4615 565 4682 beneficio
586 4617 652 4684 frnl
673 4637 729 4682 eos
750 4615 848 4680 sinat:
873 4614 923 4678 vel
945 4611 1146 4698 mitigandus
1197 4593 1582 4733 ggtfgssffffimhfflrss
1592 4593 1677 4714 Ἢ
1694 4591 1971 4728 ffifflfmmffl
2042 4588 2099 4640 M
2116 4587 2164 4640 ¹¹⁸·

177 4704 249 4770 eius
271 4703 410 4786 furor,⁸)
432 4703 459 4768 si
481 4702 638 4770 adversus
660 4723 715 4768 eos
737 4698 957 4766 excanduerit.
1301 4731 1347 4796 12)
1365 4731 1437 4800 md
1452 4732 1585 4812 pm„
1602 4735 1628 4784 et
1636 4727 1802 4810 Qum
1812 4726 1967 4796 mmm,
1982 4723 2032 4805 ,a
2045 4722 2163 4804 mm

176 4895 382 4904 -—---—
1196 4800 1272 4923 iii
1289 4797 1585 4923 mimi.
1595 4791 2165 4919 mitittffltt'ltttdtttt

1196 4955 1228 4991 an
1246 4937 1276 4990 Z.
1296 4953 1352 4990 was
1369 4937 1409 4990 sio
1426 4953 1475 4988 ιιιι
1492 4935 1588 4989 (lottes
1605 4933 1685 4987 Wort
1701 4933 1751 4986 mit
1768 4932 1817 4986 der
1833 4931 1895 4984 hail.
1913 4931 1975 5000 allg.
1992 4928 2048 4983 chr.
2061 4927 2165 4982 Kirobe

280 5009 313 5076 6)
330 5009 377 5066 De
391 5011 435 5066 bit
451 5009 512 5064 ride
530 5009 603 5065 Heu.
619 5009 667 5063 dee
688 5009 811 5080 Martyre
828 5009 849 5075 s.
868 5005 916 5062 141
934 5024 1005 5080 seqq.
1196 5007 1312 5077 glauben
1330 5023 1354 5058 u
1365 5005 1458 5058 lehren
1476 5005 1527 5058 mit
1543 4999 1958 5072 gebdrlioberdntrrortanidas
1976 5015 2011 5051 nn
2116 4996 2163 5050 det

282 5079 311 5146 7)
330 5080 403 5134 Har.
421 5079 481 5134 coel.
498 5079 523 5132 1.
541 5075 575 5132 89
592 5092 649 5148 sqq.
1196 5074 1330 5146 drgerlieb
1347 5073 1496 5127 Schmiben
1514 5071 1695 5124 Verdammen
1718 5070 1774 5123 nnd
1791 5067 1917 5122 Sobelten
1940 5067 1972 5120 D.
1991 5065 2029 5120 bl.
2071 5065 2164 5120 others

281 5149 312 5214 8)
329 5149 433 5202 animus
450 5147 510 5202 aad
1197 5151 1249 5198 otc.
1285 5143 1369 5213 (Hsat
1385 5139 1446 5207 445,
1465 5139 1616 5196 Peetoiotti
1631 5137 1705 5204 229.)
1906 5217 1956 5274 ⁴9·
