4898 5970
163 257 223 320 'ltili
1004 259 1085 322 1544
1106 254 1314 324 NOV'EMB.
2095 263 2156 326 tte

162 445 347 512 aDomiuo
367 445 569 530 pneeripa
586 465 651 512 uon
673 451 733 526 est,
754 464 775 510 a
794 443 956 510 ministris
977 443 1133 512 eonstitui
1184 463 1250 510 non
1283 443 1365 512 soits
1396 462 1457 510 nee
1490 443 1670 528 prudenter
1698 443 1819 510 moeret
1842 445 1871 510 si
1897 445 1969 529 quis
1994 445 2158 515 abstinere

162 531 257 598 debet
282 552 342 614 pro
370 529 603 598 aedificatione.
649 529 730 612 Qua
758 531 885 595 radone
911 531 1010 596 etiam
1031 551 1133 614 nega·
1184 529 1285 596 vellet
1317 551 1337 594 a
1369 529 1426 596 tali
1458 529 1721 613 reprehensione.
1773 529 1862 610 Quid
1893 529 1993 616 ergo?
2048 531 2157 611 Certa,

160 638 248 696 mus,
275 617 379 684 solam
406 615 626 700 delinquentis
653 614 915 682 emendationem
940 615 1132 682 intuendam
1183 625 1342 699 quantum
1362 614 1553 692 iudicamus,
1576 637 1619 680 sx
1640 635 1677 680 re
1698 617 1860 698 praesenti
1882 624 1917 681 et
1938 627 2082 701 tempore
2102 639 2157 686 oa·

160 702 214 770 bio
235 723 322 768 esse:
345 710 512 786 respeotus
532 703 619 768 euim
642 699 767 768 ordinis
788 701 911 784 publioi
932 709 967 766 et
987 722 1132 768 eommu·
1183 700 1339 784 piendum
1368 711 1418 768 est
1450 700 1630 768 eonsilium.
1681 699 1820 786 Semper
1846 713 1955 768 autem
1984 703 2064 770 haee
2092 703 2157 772 duo

160 789 212 854 nis
233 787 468 854 aediliestiouis
489 787 638 854 habetur.
681 785 785 852 (laius
801 787 850 852 rei
872 807 1000 852 sumere
1021 808 1132 852 exem·
1182 786 1425 870 prospieiends,
1454 809 1496 852 ue
1531 807 1550 852 a
1585 787 1719 852 tristitie
1753 787 1963 854 absorbeatur
1999 790 2054 872 qui

158 873 249 957 plum
270 895 312 939 ex
334 873 503 956 seripturis
526 873 611 939 lieet.
657 869 769 954 Quum
790 871 916 938 Paulus
938 872 1131 958 Hierosoly·
1183 872 1287 952 eavit,
1316 881 1350 939 et
1370 894 1413 938 ne
1442 872 1614 938 videamur
1635 873 1676 938 ed
1698 881 1830 956 peeoata
1850 873 2033 940 connivere.
2075 809 2158 941 ggi-

159 980 248 1024 mam
275 959 435 1038 venisset,
462 957 658 1024 admonetur
686 958 726 1024 ab
747 957 865 1023 Iaeobo
891 967 925 1024 et
950 959 1132 1024 senioribus
1183 967 1250 1024 tam
1279 959 1532 1042 propositionem
1561 979 1621 1024 eur
1653 956 1817 1024 reddiderit
1848 959 1948 1025 frater
1980 961 2155 1026 miramur:

158 1065 255 1128 quam
277 1044 364 1110 mule
385 1043 498 1110 audiat
517 1045 605 1110 inter
626 1042 781 1121 Iudaeos,
810 1043 908 1108 simul
930 1045 1030 1110 etiam
1052 1064 1131 1127 qua·
1183 1044 1263 1110 satis
1291 1045 1378 1110 euim
1407 1043 1574 1123 eosvenit,
1604 1043 1759 1111 smlesiae
1787 1044 1937 1122 nomine,
1966 1045 2002 1110 in
2030 1043 2158 1114 Christi

158 1129 234 1196 liter
265 1150 406 1214 purgare
439 1151 475 1196 se
506 1129 574 1196 illis
606 1129 730 1196 debeat.
774 1128 850 1194 Non
882 1127 1017 1196 dubium
1050 1131 1131 1214 quin
1183 1129 1302 1208 uerbis,
1325 1151 1397 1194 eam
1419 1130 1549 1212 proprie
1571 1128 1752 1214 designari,
1781 1129 1873 1196 ouius
1899 1129 2084 1196 membrum
2104 1138 2158 1198 est

158 1217 370 1299 praecesserit
397 1215 587 1282 deliberatio
619 1215 707 1281 iuter
735 1216 868 1294 fratres,
901 1223 935 1280 et
964 1215 1131 1299 habiae)
1181 1213 1247 1292 ille,
1275 1215 1368 1281 euius
1395 1215 1600 1281 eontumaoia
1626 1213 1851 1280 denuntiatur.
1895 1215 2071 1282 Caeterum
2092 1216 2158 1284 duo

158 1303 256 1368 firerit
275 1302 380 1373 Paulo
402 1301 544 1368 absente.
588 1299 659 1368 Cur
680 1300 763 1367 hoel
789 1302 866 1384 quia
893 1299 1016 1368 seilicet
1044 1321 1131 1367 oom·
1182 1299 1236 1366 hio
1257 1308 1336 1366 sunt
1362 1300 1581 1379 observanda,
1610 1301 1656 1367 sio
1683 1299 1914 1384 publioondam
1943 1321 2015 1368 esse
2041 1309 2156 1367 eontu-

157 1387 268 1453 mnnis
294 1387 530 1454 aedifioutiouis
556 1389 721 1452 intererat.
766 1385 927 1452 Similiter
946 1406 1046 1470 quum
1067 1385 1131 1452 Pe-
1182 1385 1322 1452 matiam
1343 1386 1521 1469 peooatoris
1542 1385 1698 1452 obstinati
1719 1407 1829 1452 eoram
1851 1408 1917 1452 uua
1937 1387 2090 1466 eeolesia,
2118 1397 2157 1452 ut

159 1481 246 1538 trum
261 1473 507 1556 reprehendunt
519 1474 638 1539 iratres
653 1470 739 1556 quod
753 1472 794 1537 ad
807 1478 922 1556 gentes
934 1472 1130 1550 divertisset,
1183 1471 1211 1536 si
1232 1492 1272 1538 ee
1293 1493 1353 1555 per
1374 1479 1597 1554 oontemptum
1619 1471 1734 1538 relieta
1761 1471 1824 1537 alio
1845 1474 1966 1557 migret
1987 1471 2056 1536 illio
2076 1493 2156 1555 quo·

157 1580 224 1624 uon
249 1559 391 1642 legimus
420 1559 597 1642 quidquam
626 1557 676 1622 illi
705 1565 780 1624 aute
794 1559 835 1638 ¹³)
857 1558 891 1622 in
910 1577 1023 1622 aurem
1045 1558 1130 1624 elam
1181 1578 1244 1640 que
1279 1555 1503 1623 denuuoietur.
1552 1559 1662 1640 Atque
1697 1557 1760 1624 hoe
1788 1556 1847 1622 sibi
1886 1559 2003 1624 volunt
2028 1559 2155 1642 antiqui

156 1644 257 1710 fuisse
279 1645 319 1711 ab
341 1666 407 1710 uno
429 1645 565 1710 dietum:
589 1644 665 1728 quie
684 1643 806 1708 seilioet
826 1643 960 1710 offensio
982 1651 1131 1710 manerat
1181 1661 1324 1708 oenones
1351 1664 1452 1726 quum
1481 1651 1675 1708 extraneum
1702 1643 1743 1709 ad
1770 1645 2031 1710 eommuuiouem
2053 1643 2156 1726 reoipi

156 1729 197 1796 ad
214 1730 343 1814 plures,
371 1751 509 1814 aequum
532 1731 594 1795 tirit
615 1729 831 1796 eommuuiter
851 1729 958 1812 ipsum
979 1749 1000 1794 a
1020 1729 1130 1795 fratri·
1180 1727 1371 1812 prohibent,
1405 1729 1469 1794 uisi
1502 1729 1724 1794 testimouium
1757 1729 1913 1794 attulerit
1967 1729 2033 1796 Ubi
2065 1729 2153 1794 enim

155 1814 215 1882 bus
249 1814 425 1881 admoneri.
481 1816 624 1882 Tametsi
658 1823 767 1880 autem
800 1814 965 1880 immerito
993 1813 1056 1882 hoo
1089 1815 1130 1880 de
1181 1813 1335 1882 aeolesiae
1356 1814 1555 1894 communio,
1584 1815 1613 1880 si
1635 1814 1675 1880 ab
1702 1835 1770 1880 una
1790 1813 1965 1882 damnatus
1987 1815 2028 1882 ab
2050 1815 2157 1880 altere

156 1922 254 1968 oausa
275 1901 481 1986 arguebatur,
511 1922 578 1966 non
601 1909 712 1966 muron
733 1920 882 1984 peeeasso
903 1899 1042 1984 legimus
1062 1902 1130 1966 ira·
1181 1899 1360 1983 recipitur?
1411 1900 1477 1967 Ubi
1500 1899 1686 1982 diseiplina,
1714 1901 1743 1965 si
1772 1900 1828 1982 qui
1855 1921 1954 1966 uuam
1982 1900 2155 1968 eeolssium

156 1995 222 2053 tres
249 1988 285 2052 in
314 1987 409 2053 modo
439 1986 573 2073 agendi,
604 1986 662 2053 sed
690 1986 824 2068 inipso
851 2005 963 2052 eausa:
995 1985 1129 2052 modum
1181 1987 1374 2070 oontempsit
1401 1985 1437 2050 in
1466 1985 1565 2050 aliam
1593 1985 1764 2069 migrando
1790 1985 1925 2068 impune
1957 1985 2056 2052 talem
2089 1985 2156 2052 lert

155 2074 243 2140 euim
276 2072 431 2139 tenebant
470 2073 626 2140 usitatum
657 2083 691 2138 et
729 2069 940 2138 ordinarium.
1002 2071 1128 2138 Christi
1180 2070 1386 2154 superbiam?
1430 2070 1583 2136 Alterum
1611 2090 1740 2154 quoque
1761 2069 2000 2136 observandum
2021 2079 2087 2150 est,
2116 2079 2155 2136 ut

154 2165 375 2243 praeceptum,
405 2159 490 2242 quod
512 2158 631 2224 Matth.
658 2164 696 2222 18
718 2157 867 2237 habetur,
890 2157 1066 2242 aeeipimus
1088 2156 1128 2224 de
1179 2155 1280 2222 unius
1311 2156 1466 2224 seelesiae
1498 2156 1667 2222 ministros
1699 2177 1770 2223 esse
1799 2157 1992 2237 sentiamus,
2027 2156 2084 2240 qui
2115 2157 2154 2222 in

154 2245 289 2312 oeoultis
318 2243 421 2322 vitiis,
450 2243 723 2327 quemadmodum
747 2244 846 2309 etiam
872 2243 975 2310 verbs
1001 2253 1126 2309 sonant
1179 2263 1281 2308 uuum
1320 2242 1494 2328 eollegium
1525 2241 1675 2321 adunati,
1712 2261 1831 2325 eorpus
1862 2263 1965 2308 unum
1996 2241 2153 2308 effioiuut.

154 2331 244 2416 Ergo
262 2330 291 2396 si
312 2330 391 2413 quid
412 2329 524 2407 frater,
546 2339 579 2395 te
600 2330 737 2408 oonsoio,
760 2327 941 2412 deliquerit,
964 2349 1025 2395 nso
1047 2328 1127 2396 alios
1181 2325 1350 2408 Quorsum
1373 2330 1461 2394 euim
1483 2326 1646 2394 deeauus?
1668 2347 1825 2410 quorsum
1847 2326 1912 2394 alia
1932 2327 2065 2394 omnia?
2087 2327 2155 2392 nisi

154 2415 276 2482 babeat
306 2423 422 2494 testes,
454 2416 545 2482 iubet
576 2415 731 2482 Christus
763 2423 797 2479 te
829 2413 939 2498 ipsum
969 2414 1127 2498 privatim
1179 2423 1334 2496 tanquam
1364 2413 1462 2481 unius
1489 2413 1633 2497 eorporis
1656 2411 1803 2480 membra
1833 2413 1921 2480 iuter
1948 2435 2010 2480 nos
2031 2411 2154 2480 ooales-

154 2503 344 2569 oonveuire:
374 2522 559 2585 quanquam
580 2523 647 2568 non
669 2507 774 2578 vetat,
803 2505 883 2583 quin
908 2499 996 2565 idem
1018 2499 1126 2580 boias,
1178 2501 1312 2566 samm?
1355 2499 1447 2566 Haeo
1476 2499 1517 2566 ab
1544 2506 1658 2566 autore
1685 2499 1944 2583 propositionum
1970 2500 2006 2566 iu
2033 2499 2155 2565 bonam

154 2589 254 2654 etiam
281 2587 392 2671 siqui
420 2587 477 2652 alii
505 2597 612 2653 teoum
643 2586 764 2654 eousoii
800 2585 876 2652 sint.
920 2586 1011 2651 Fieri
1039 2587 1127 2652 enim
1177 2593 1306 2667 partem
1328 2595 1498 2668 aeoeptum
1524 2584 1581 2664 iri,
1608 2585 1692 2652 siout
1717 2585 1845 2652 sineere
1873 2585 1983 2652 animo
2011 2607 2032 2652 a
2057 2583 2152 2650 nobis

152 2681 276 2758 potest,
307 2682 346 2739 ut
367 2683 403 2740 tu
425 2674 487 2740 hoo
510 2675 655 2758 ignores,
686 2671 738 2738 vel
766 2693 807 2737 ex
832 2669 921 2737 edire
942 2693 1009 2736 nou
1030 2680 1127 2756 putes
1178 2670 1299 2754 seripta
1316 2679 1404 2749 suut,
1425 2669 1626 2738 ooufidimus.
1658 2669 1801 2736 Nostrae
1818 2691 1898 2738 sane
1915 2671 2062 2758 omnium
2079 2690 2155 2754 par·

153 2778 264 2826 eoram
284 2759 432 2844 pluribus
455 2781 530 2826 eum
551 2755 755 2842 reprehendi.
800 2693 896 2838 &uod
917 2767 1029 2841 postea
1050 2757 1127 2823 sub-
1178 2763 1228 2821 tes
1249 2764 1335 2834 sunt,
1357 2776 1424 2820 nou
1440 2762 1572 2820 tautum
1592 2752 1707 2822 eedore
1728 2756 1870 2835 veritati,
1893 2756 1952 2822 sed
1973 2756 2059 2824 ultro
2080 2775 2156 2822 eam

152 2845 274 2930 iungit:
298 2843 336 2911 Si
358 2844 442 2910 nihil
470 2843 534 2912 hae
559 2844 616 2910 via
636 2841 828 2928 profeceris,
855 2852 894 2908 ut
914 2851 1023 2909 teeum
1044 2840 1127 2908 duos
1178 2838 1430 2925 etobviis,quod
1441 2840 2154 2925 aiunt,protensisque¹⁴)msuibusaooiparet

153 2939 211 2997 aut
231 2941 300 2997 tres
321 2937 421 2997 testes
443 2930 615 3009 adhibeas,
643 2929 705 2996 hoo
727 2938 839 2994 nostro
860 2928 982 2995 iudioio
1002 2928 1127 2994 intelli·
1178 2925 1296 2992 Valets
1312 2927 1430 2992 iratres
1447 2927 1484 2992 in
1493 2924 1636 2992 Domino
1659 2924 1869 2992 dileetissimi.
1902 2923 2067 2994 Dominus
2087 2927 2155 3009 spi·

152 3015 297 3102 gendum
319 3023 456 3083 estnon
477 3016 518 3084 de
539 3017 678 3083 testibus
699 3013 822 3094 delicti,
853 3013 910 3082 sed
932 3011 1127 3080 admonitio·
1178 3012 1281 3078 ritum
1303 3012 1481 3096 sapientiae
1509 3018 1544 3078 et
1567 3010 1759 3095 prudentiae
1787 3009 1825 3076 iu
1846 3009 1916 3076 dies
1937 3010 2031 3077 vobis
2052 3010 2154 3076 adau-

151 3104 311 3254 ttulit
334 3102 575 3272 illitati
590 3101 761 3256 ”titt
775 3099 1037 3252 liliiffl
1064 3099 1128 3270 lt
1178 3095 2155 3268 ridelli?tittttlitltmttttffitttt‘t

957 3237 966 3266 Ι

151 3295 242 3340 nuno
262 3273 484 3341 oontrovorsia
504 3281 563 3340 est
607 3273 722 3358 Neque
743 3272 832 3338 euim
853 3271 915 3339 hoo
935 3271 1060 3356 agitur,
1089 3279 1128 3338 ut
1179 3291 1220 3337 ex
1241 3278 1405 3337 eonvemu
1425 3276 1546 3336 nostro.
1579 3268 1634 3336 vii.
1657 3265 1738 3334 Idus
1758 3266 1918 3334 Novemb.
1938 3271 2031 3335 1544.

151 3359 279 3426 oeoulta
300 3359 418 3426 delleta
438 3360 474 3424 iu
498 3359 643 3426 medium
664 3359 881 3442 proferantur,
914 3355 956 3424 ad
976 3357 1127 3444 irrogen-
1638 3404 1657 3472 I
1801 3401 1893 3472 Ol.
1978 3405 2121 3472 stam

151 3445 229 3512 dam
250 3445 407 3512 fratribus
427 3445 606 3526 infamiam,
629 3443 686 3511 sad
709 3452 839 3510 tantum
862 3463 946 3529 quse
968 3441 1127 3510 eiusmodi
1163 3511 1165 3515 ,
1657 3425 1780 3472 ⁰⁸n¹²⁰⁸
1830 3425 1959 3472 ΗΜ

150 3541 239 3612 sunt,
266 3538 304 3596 ut
325 3529 447 3615 aliquid
467 3531 657 3599 offendiouli
677 3529 862 3617 genuerint,
884 3537 1030 3597 autnon
1051 3549 1127 3614 pro-

150 3616 207 3684 oul
238 3616 349 3683 absint
381 3637 400 3683 a
429 3616 602 3702 gignendo.
651 3617 763 3684 Huius
789 3617 908 3701 spetiei
940 3615 1128 3699 exemplum

150 3703 312 3770 babemus
333 3703 367 3768 in
385 3703 479 3768 Petri
499 3703 768 3787 reprehensione:
789 3722 896 3786 neque
917 3702 1007 3768 enim
1028 3709 1128 3767 testes
1563 3729 1767 3762 ...·.......

149 3787 263 3874 abegit
282 3787 417 3868 Paulus,
446 3795 486 3854 ut
505 3787 591 3854 olam
611 3787 763 3855 omnibus
790 3789 900 3872 ipsum
927 3785 1128 3866 admoueret,

150 3875 211 3942 aed
231 3873 295 3942 boo
313 3875 391 3940 feeit
412 3893 522 3941 eoram
544 3873 689 3941 eoelesia
732 3875 803 3941 Nee
824 3883 937 3939 tamen
953 3893 1006 3939 res
1023 3871 1129 3938 omni-

1690 3491 1838 3558 omnium
1858 3490 2000 3557 nomino.
2016 3489 2058 3575 1ὅ)

149 3961 214 4028 bus
234 3969 313 4026 nota
334 3971 418 4026 erat:
440 3957 499 4026 sed
519 3959 598 4044 quia
618 3959 812 4026 imminebat
831 3957 1012 4042 perieulum
1034 3965 1128 4023 anto-
1629 3967 1706 4040 583,

148 4051 283 4114 vertere
299 4045 415 4112 voluit.
448 4045 607 4127 Quintam
622 4045 877 4129 propositionem
894 4043 1040 4128 resipere
1057 4043 1128 4109 siue

149 4133 343 4216 exeeptiouo
375 4153 443 4198 uon
470 4151 659 4215 possumus:
696 4130 893 4214 pronuueiat
924 4129 1029 4208 euim,
1066 4148 1128 4194 nos
1427 4103 1668 4175 SULZERUS
1690 4103 1908 4174 ΟᾹῙΝῙΝΟ·

149 4217 234 4286 soite
254 4218 414 4296 fauturos,
443 4217 472 4283 si
494 4217 629 4283 fratrem
659 4217 758 4282 etism
779 4223 912 4301 peeeato
933 4215 1060 4281 notorio
1082 4213 1128 4280 la·
1265 4259 1387 4326 ΒΜ,
1411 4259 1686 4327 mmmm
1712 4259 1747 4323 ..n
1773 4258 1896 4324 dmm
1917 4256 2074 4325 Bm
2094 4277 2151 4322 m

147 4305 320 4490 etuti
339 4299 1127 4475 tiarataeasseruisset
1178 4345 1308 4500 qq·
1328 4345 1626 4514 ggqqqp
1658 4343 1811 4428 ιιι
1842 4343 1985 4426 ιιι
2018 4345 2148 4424 ιιι

147 4475 215 4542 rusi
243 4473 307 4540 sub
335 4473 461 4541 idoneis
494 4475 648 4554 testibus,
681 4495 723 4540 er
752 4473 890 4540 adverso
916 4471 1127 4557 presbyteros

146 4568 323 4646 Wntffl
350 4579 460 4626 mmm
482 4561 632 4662 Quibus
654 4559 749 4644 “gui
769 4559 856 4638 ”¹1⁸2
877 4565 922 4659 ‚¹¹3
943 4556 1063 4658 melori
1084 4556 1126 4622 ti·
1179 4585 1274 4650 (litua
1299 4585 1352 4639 aeri
1372 4591 1402 4638 ts
1424 4601 1477 4639 nou
1501 4591 1599 4638 exstat.
1635 4581 1730 4636 Edidit
1748 4583 1818 4637 Besa
1835 4581 1901 4636 Gen.
1920 4597 1945 4650 p.
1963 4578 2006 4646 51,
2024 4580 2103 4636 Laus.
2121 4599 2149 4652 p.

146 4667 276 4712 morem
298 4645 448 4712 habeant.
493 4643 533 4712 St
554 4645 720 4712 interdum
749 4651 901 4712 eonvemt
923 4642 1052 4727 publres
1073 4663 1126 4707 ar·
1280 4653 1339 4720 110,
1387 4669 1464 4709 anor.
1482 4670 1508 4723 p.
1527 4651 1587 4722 124,
1606 4651 1711 4708 ohouet
1727 4668 1754 4722 p.
1772 4649 1814 4716 66,
1833 4654 1921 4704 Amat.
1940 4665 1966 4720 p.
1985 4648 2038 4710 30.)

146 4733 207 4818 gui
233 4739 421 4816 peeeantes,
448 4731 549 4798 etiam
578 4731 801 4817 presbyteros,
830 4727 948 4814 quibus
975 4723 1127 4794 babendo
1177 4793 1381 4802 *-

146 4825 201 4886 ast
220 4817 327 4884 maior
347 4819 547 4898 reverentia,
574 4816 671 4901 idque
697 4817 843 4902 partimi
863 4814 905 4882 “d
927 4813 1126 4898 0¹⁰ml³l¹¹m⁵
1264 4893 1311 4956 ¹4)
1328 4895 1452 4950 manibus
1469 4892 1658 4963 mmm
1674 4889 1728 4946 ,M

1239 4963 1310 5044 qs)
1328 4956 2151 5044 sotespsqqampmpsampestmmpaa

236 5107 282 5176 ιι)
298 5108 394 5161 usu.
409 5121 461 5162 ι...
479 5105 539 5161 aa
1177 5027 2151 5170 &mittit”tttttllttlttf‘lottltltt

235 5176 280 5244 13)
298 5183 362 5231 aute
378 5189 430 5232 οΙι.
448 5173 509 5230 edd.
1176 5176 1276 5228 vester.
