4898 5970
157 284 219 352 669
1001 293 1081 356 1544
1103 289 1291 358 IANUAR.

157 473 272 558 placet,
293 473 401 556 placet
421 475 591 544 consihum
614 476 688 560 quia
708 476 745 542 in
765 477 909 544 Domino
927 483 986 544 est
1030 477 1124 560 Rogo

156 559 264 642 itaque
285 559 373 626 adsis
394 568 432 626 ut
452 563 521 628 vot·
541 583 672 645 compos
693 563 758 627 fiat.
789 561 963 646 Ingenium
985 569 1021 628 tu
1038 565 1123 630 nosti
1621 563 1696 635 529.

158 644 344 711 Gallorum:
373 647 436 712 scis
458 667 535 732 ergo
556 656 594 714 ut
614 645 801 731 persuaderi
822 647 953 714 valeant
973 649 1027 730 qui
1049 669 1122 731 pos·
1624 688 1625 691 ¹

155 739 232 882 {ent
257 752 317 814 pro
344 731 538 882 ιάιοιιῖιδε
572 733 607 882 13
628 752 736 882 tcausa
759 733 863 882 ipsius
888 753 938 884 agi
949 753 1121 883 oppetasre.
1420 715 1659 784 SULZERUS
1681 715 1898 786 ΟᾹῙΝῙΝΟ·

188 837 242 882 am
263 837 464 900 persuasioni
487 839 525 883 us
551 839 585 884 rr
609 839 833 901 carpemus
854 839 901 884 mr
960 840 1043 902 agen
1067 840 1120 884 um

156 921 235 986 erga
255 902 347 982 tales,
371 922 439 968 non
461 903 627 970 violenter.
671 901 743 968 Imo
763 903 926 968 uiolenter
947 903 1028 970 nihil
1050 906 1122 970 fieri
1260 921 1406 987 Morbum
1426 943 1485 1004 quo
1502 943 1602 1004 ,mppr
1617 922 1770 988 laboravit
1786 925 2009 1006 mmmmm
2029 927 2143 992 ωας,

155 993 271 1070 posset
315 985 377 1054 llle
403 995 574 1072 postquam
603 989 695 1054 venit
722 989 759 1053 in
781 989 995 1056 Germaniam
1023 1011 1123 1056 evan·
1174 1007 1227 1090 bg,
1248 1009 1351 1091 may„
1367 1013 1468 1072 autem
1484 1009 1523 1073 ,12
1539 1008 1640 1072 impp,
1658 1009 1799 1088 Μίδαν
1813 1007 1941 1074 Remu,
1958 1031 2007 1075 ,03
2028 1012 2143 1076 gisem,

155 1071 233 1172 geru
260 1073 382 1172 matis,
418 1083 451 1174 qt
479 1083 546 1174 tam
571 1073 656 1173 mdc
687 1084 842 1158 excoctus
869 1085 933 1175 pst,
950 1083 1059 1156 nosset
1087 1075 1123 1140 in
1174 1091 1312 1156 acca
1333 1093 1767 1176 cctmscacaapocam
1788 1095 2142 1164 testamentare

155 1157 265 1224 odium
282 1178 352 1224 erus
368 1179 511 1243 regionis
533 1159 686 1226 devemre
703 1159 1042 1226 vehementissimum:
1065 1181 1122 1224 ue·
1173 1183 1265 1242 tatem
1286 1190 1424 1244 amm,
1445 1184 1474 1243 εἰ
1487 1199 1667 1262 promovere
1687 1181 1823 1260 cupam,

153 1265 228 1308 rum
248 1251 458 1328 posteaquam
479 1245 515 1310 in
536 1245 700 1328 proposito
717 1255 913 1328 perseverat,
936 1245 1031 1312 video
1051 1247 1122 1310 ani·

153 1350 244 1394 mum
272 1327 354 1394 bene
383 1327 423 1396 de
451 1329 583 1396 Christo
610 1331 819 1410 sentientem,
848 1332 997 1398 animum
1022 1332 1123 1414 probo

154 1415 384 1498 compositum,
414 1425 448 1480 et
468 1418 577 1481 omnia
603 1416 638 1480 in
659 1437 697 1482 eo
719 1437 807 1482 sana.
851 1417 940 1484 Hinc
962 1438 1027 1482 non
1049 1439 1122 1501 pos·
1158 1479 1160 1486 .

153 1521 227 1564 sum
252 1519 319 1566 non
346 1499 481 1585 diligere
509 1503 619 1567 virum
653 1509 687 1566 et
712 1523 771 1585 pro
798 1503 886 1568 virili
919 1523 1121 1586 promovere,
1532 1573 1539 1584 ‚

153 1583 309 1668 quidquid
338 1587 490 1652 instituit.
541 1587 659 1654 Nescio
688 1589 716 1652 si
744 1588 787 1653 sit
814 1589 872 1670 qui
901 1601 999 1671 queat
1027 1588 1122 1653 illum
1173 1585 1255 1652 Viro
1285 1589 1564 1670 praestantissimo
1599 1587 1641 1652 D.
1669 1588 1786 1654 Ioanni
1821 1589 1958 1656 Oalvino
1990 1591 2144 1658 ecelesiae

152 1671 265 1738 iuvare
286 1671 381 1738 iuxta
401 1673 604 1756 propositum
637 1673 707 1740 eius
735 1694 835 1756 aeque
861 1682 901 1738 ut
927 1685 979 1738 tu:
1007 1694 1121 1756 quam-
1174 1672 1379 1740 Genevensis
1407 1675 1545 1740 antistiti
1570 1673 1665 1738 fratri
1689 1675 1725 1738 in
1747 1675 1890 1740 Domino
1918 1675 2144 1744 observandis-

152 1755 264 1822 obrem
291 1765 323 1821 te
351 1779 469 1839 quaeso
495 1780 553 1841 per
576 1757 760 1836 Ohristum,
793 1759 880 1826 vires
905 1757 1057 1824 intendas
1085 1774 1122 1824 ut
1556 1762 1637 1826 simo
1659 1779 1726 1826 suo.
1741 1759 1765 1844 ¹)

152 1841 304 1924 consequi
325 1841 433 1908 valeat
454 1842 540 1925 quod
562 1841 698 1910 honeste
716 1845 814 1926 eupit.

234 1927 288 1992 De
314 1927 454 1994 comitiis
463 1932 492 2006 2)
527 1928 650 2012 aliquid
677 1929 817 1994 scribere
843 1951 911 1994 non
943 1938 1008 2008 est,
1041 1929 1121 1995 adeo
1258 1928 1293 1996 S.
1327 1930 1430 1996 Recte
1458 1929 1498 1996 de
1527 1930 1729 2014 aegritudine
1756 1952 1829 1996 mea
1857 1933 1986 2013 scripsit
2020 1931 2144 1998 Vicetua

152 2019 230 2086 sunt
257 2011 357 2078 dubia
384 2035 595 2096 quaecunque
624 2013 665 2079 de
690 2015 732 2079 iis
762 2014 922 2080 dicuntur.
966 2015 1054 2080 Mihi
1075 2016 1121 2080 sic
1173 2015 1240 2080 tibi.
1287 2015 1374 2080 Nam
1409 2016 1469 2080 sub
1502 2016 1629 2080 exitum
1667 2015 1853 2099 tragoediae
1861 2018 1890 2100 ²)
1928 2037 2026 2099 quam
2057 2019 2143 2084 nosti

150 2097 293 2164 videtur:
328 2100 456 2166 etiamsi
486 2108 613 2178 coeant,
648 2100 731 2164 nihil
760 2107 870 2166 tumen
899 2099 941 2168 ob
967 2101 1122 2184 temporis
1173 2099 1261 2183 apud
1283 2123 1342 2166 nos
1362 2108 1468 2166 ortam
1489 2101 1731 2183 exercitamque
1760 2103 1807 2168 sio
1835 2100 1954 2167 habere
1976 2122 2029 2168 res
2050 2123 2143 2168 meae

150 2183 344 2250 brevitatem
366 2185 420 2269 agi
440 2205 543 2268 posse.
577 2186 630 2250 De
651 2186 807 2268 religione
824 2193 952 2252 certum
969 2185 1121 2252 estnihil
1172 2196 1365 2270 coeperunt,
1395 2205 1468 2252 eam
1492 2195 1530 2250 ut
1556 2187 1706 2251 ultimum
1729 2207 1865 2270 operum
1886 2208 2033 2252 meorum
2054 2207 2143 2254 mor·

150 2277 258 2335 actum
279 2269 331 2333 iri.
364 2267 476 2350 Quare
496 2272 539 2336 D.
562 2270 706 2336 Bueeas
727 2273 856 2354 scripsit
877 2270 1013 2354 pridem,
1033 2271 1121 2336 domi
1172 2272 1287 2338 talium
1315 2272 1433 2338 fuerim
1463 2272 1648 2338 arbitratus.
1692 2271 1900 2356 Repentinus
1932 2274 2020 2338 enim
2050 2273 2143 2355 isque

150 2355 212 2420 sibi
240 2353 495 2437 manendum,⁸)
532 2356 597 2422 nisi
625 2355 787 2424 Dominus
816 2357 940 2440 aliquid
970 2357 1121 2422 instituat
1172 2357 1334 2423 violentus
1373 2357 1508 2422 morbus
1538 2365 1709 2423 concutere
1748 2358 1856 2424 subito
1887 2366 1992 2422 totum
2025 2377 2142 2440 corpus

150 2441 242 2506 omas
265 2461 307 2506 ne
331 2442 455 2524 species
472 2442 604 2524 quidem
622 2464 711 2508 nune
728 2442 890 2524 adpareat.
918 2441 1120 2508 Heinrichus
1171 2445 1289 2525 coepit,
1325 2441 1408 2506 febri
1434 2443 1622 2508 acutissime
1649 2443 1743 2508 venis
1772 2463 1809 2509 ao
1841 2442 1992 2508 medullis
2023 2443 2141 2521 infusa,

154 2525 472 2602 ocissimeque
492 2525 610 2593 nobilis
633 2527 742 2611 (credo
760 2537 793 2592 te
814 2535 923 2604 nosse)
945 2527 1028 2592 dixit
1049 2527 1117 2593 hic:
1171 2529 1320 2610 viresque
1347 2527 1492 2608 alioquin
1526 2529 1598 2594 sivo
1624 2527 1790 2594 laboribus
1819 2529 1888 2594 sive
1916 2527 2144 2594 vexationibus

149 2613 335 2696 episcopum
358 2611 595 2690 Coloniensem,
623 2614 865 2696 Magantinum,
889 2613 1119 2680 Trevirensem
1171 2613 1309 2678 assiduis
1330 2621 1388 2677 aut
1407 2612 1471 2676 alia
1493 2612 1601 2696 aliqua
1621 2614 1816 2696 intemperie
1836 2611 2010 2680 convulsas
2028 2612 2143 2680 debili-

148 2709 181 2762 et
202 2697 393 2762 Palatinum
414 2698 567 2764 electores
588 2699 718 2781 imperii
739 2697 852 2764 foedus
873 2698 983 2764 iniisse
1005 2707 1119 2764 contra
1171 2705 1318 2781 tatasque
1340 2699 1468 2780 penitus
1489 2707 1725 2780 prosternente.
1761 2699 1859 2764 Unde
1878 2699 1993 2782 capitis
2015 2698 2143 2766 dolores

147 2783 296 2866 quemvis
324 2785 379 2866 qui
409 2793 585 2850 conaturus
614 2786 657 2848 sit
685 2783 807 2865 aliquid
836 2781 993 2850 advorsus
1022 2784 1117 2850 Colo·
1170 2784 1391 2860 intentissimi,
1416 2781 1551 2850 sudores
1568 2783 1687 2866 frigidi,
1705 2804 1785 2866 quos
1803 2784 1919 2850 letales
1936 2793 2054 2852 vocant
2074 2805 2144 2850 me·

145 2868 344 2952 niensem.⁵)
387 2869 550 2934 Miramur
571 2891 692 2936 omnes.
724 2869 813 2934 Hinc
834 2870 970 2935 forsitan
989 2879 1040 2936 est
1058 2891 1118 2937 our
1170 2868 1232 2934 dici
1272 2871 1450 2950 mortisque
1485 2870 1636 2946 nuncios,
1669 2879 1703 2934 et
1733 2873 1930 2949 λιιποθυμίω
1958 2870 2142 2950 continuae,

147 2953 270 3020 Osesar
294 2953 389 3038 inops
416 2955 544 3021 consilii
575 2955 759 3022 siccasset
804 2953 970 3037 Scriptum
998 2965 1049 3020 est
1076 2955 1118 3022 ad
1170 2955 1388 3020 membrorum
1410 2955 1555 3018 omnium
1582 2954 1722 3037 languor
1743 2963 1777 3018 et
1802 2963 1951 3019 extrema
1972 2954 2142 3022 lassitudo.

145 3039 408 3120 Arnorbacliam,
445 3062 563 3126 papam
590 3061 718 3106 veneno
747 3039 929 3107 cardinales
960 3041 1116 3124 quosdam
1169 3039 1248 3108 Sola
1268 3061 1362 3106 mens
1387 3047 1518 3106 servata
1545 3048 1596 3104 est
1622 3039 1795 3104 incolumis
1816 3039 1951 3104 Domini
1973 3039 2141 3118 beneficio,

145 3125 183 3190 in
204 3147 272 3190 una
292 3125 442 3192 sedentes
463 3148 576 3192 mensa
596 3148 736 3204 necasse,
760 3134 794 3192 et
810 3127 987 3210 Anglicum
1008 3129 1117 3194 nescio
1169 3147 1233 3208 qua
1264 3147 1317 3192 me
1338 3127 1405 3190 iam
1444 3145 1504 3192 ceu
1535 3124 1578 3190 ad
1610 3125 1855 3207 emigrationem
1887 3122 1977 3190 haud
2009 3123 2142 3190 dubiam

146 3231 211 3294 qua
232 3211 289 3276 uia
310 3213 466 3278 euasisse:
494 3233 564 3278 esse
593 3233 682 3278 nuno
710 3211 797 3294 apud
825 3211 986 3278 ducissam
1014 3235 1117 3296 quan·
1169 3210 1419 3296 praeparabam,
1444 3211 1575 3294 iamque
1597 3211 1731 3278 caeteris
1759 3210 1872 3276 amicis
1894 3209 2017 3291 tibique
2037 3209 2151 3274 nomi-.

146 3297 224 3362 dam
251 3303 284 3362 et
309 3317 370 3362 nec
404 3295 498 3364 edere
527 3317 587 3363 nec
619 3298 729 3364 bibere
756 3297 823 3364 nisi
851 3297 936 3381 quod
968 3300 1117 3368 manibus
1169 3298 1282 3378 satim,
1303 3299 1349 3362 mi
1371 3297 1594 3364 amantissime
1614 3298 1730 3376 frater,
1762 3295 1838 3362 vale
1859 3295 1941 3360 mma
1962 3293 2070 3360 verbis
2092 3293 2142 3360 di-

145 3383 215 3448 suis
235 3381 294 3448 illa
315 3390 416 3466 peret
1169 3405 1242 3450 cere
1271 3386 1446 3462 iusseram,
1479 3403 1602 3466 proque
1629 3381 1694 3448 fide
1721 3383 1909 3464 sinceraque
1932 3380 1968 3444 in
1996 3379 2142 3446 Domino

233 3467 386 3534 Arbitror
417 3477 450 3534 te
484 3471 550 3536 iam
581 3469 710 3553 pridem
747 3471 908 3552 recepisse
946 3470 1116 3554 epistolam
1170 3471 1305 3536 caritate
1321 3470 1566 3553 gratiasagere,
1584 3467 1664 3534 dum
1681 3475 1714 3532 te
1734 3487 1865 3534 rursum
1882 3469 1917 3532 in
1935 3475 2143 3550 conspectum

144 3551 268 3620 Bucari
305 3575 403 3636 quam
434 3555 526 3620 misit
562 3556 604 3622 ad
635 3553 956 3639 Mombelgardcnses
988 3558 1115 3622 fratrae.
1169 3556 1235 3622 Dei
1259 3557 1361 3638 patris
1382 3555 1524 3637 Iesuque
1546 3555 1674 3622 Ohristi
1700 3551 1787 3637 apud
1811 3553 1982 3620 beatorum
2010 3572 2142 3620 consor·

141 3638 268 3704 Frater
294 3647 371 3704 tuus
400 3639 561 3706 detulerat
593 3640 634 3706 ad
666 3661 735 3720 ms,
768 3661 828 3725 ego
858 3643 932 3708 misi
961 3641 1116 3720 Bernam,
1169 3641 1253 3706 tium
1287 3639 1470 3706 ministerio
1503 3640 1731 3722 laboribusque
1768 3639 1919 3704 omnibus
1951 3637 2144 3704 defunctum

143 3723 334 3790 Beruenses
360 3726 475 3810 rogavi
496 3735 532 3790 ut
549 3728 717 3792 mitterent
738 3723 779 3791 ad
801 3725 962 3792 Farellum
986 3736 1020 3793 et
1040 3727 1117 3792 huic
1170 3726 1295 3802 videre,
1326 3745 1467 3807 vereque
1496 3735 1529 3791 et
1549 3727 1686 3809 perenni
1713 3725 1877 3792 suavitate
1898 3745 2011 3792 omum
2031 3731 2065 3788 et
2084 3745 2144 3790 ve·

143 3807 414 3876 commendarent
432 3811 624 3878 mittendam
646 3812 688 3878 ad
709 3821 750 3877 te.
783 3811 868 3876 Puto
890 3815 1000 3878 omnia
1017 3813 1118 3898 prebe
1170 3809 1352 3876 nerandum
1373 3821 1486 3894 peetus
1513 3831 1624 3876 meum
1650 3810 1821 3893 complecti
1842 3809 1984 3875 daretur.
2029 3808 2144 3874 Testes

142 3903 325 3964 transacta.
369 3897 420 3962 Tu
439 3897 514 3964 vale
541 3897 576 3962 in
599 3897 732 3964 Christo
753 3918 827 3962 cum
848 3897 964 3982 legatis
985 3899 1042 3982 qui
1063 3897 1117 3964 hio
1169 3897 1268 3962 huius
1287 3895 1384 3962 amici
1400 3905 1487 3974 sunt,
1506 3916 1645 3978 quorum
1664 3895 1773 3963 studia
1793 3897 2018 3978 sinceramque
2034 3893 2153 3970 fidem..

142 3981 282 4048 morunt
300 3990 334 4046 et
355 3983 504 4050 omnibus
525 3984 646 4048 sanctis
663 3981 825 4048 fratribus
870 3983 1021 4050 Basileus
1041 4005 1118 4064 rap·
1171 3983 1199 4047 si
1227 3982 1366 4048 antehac
1392 4002 1577 4063 nunquam,
1605 3991 1676 4046 tum
1704 4003 1778 4048 snm
1806 3981 1950 4047 maxime
1976 3987 2154 4062 expertus.-

142 4068 209 4134 tim
234 4072 283 4134 16.
305 4065 449 4134 Ianuarii
470 4089 561 4138 anno,
580 4074 670 4134 1544.
1169 4066 1262 4133 Adeo
1273 4069 1434 4132 Dominus
1451 4067 1636 4167 misericors
1653 4068 1867 4134 afflictionum
1880 4085 1932 4130 ma
1953 4150 1960 4163 ο
1984 4063 2142 4130 ’tudinem

669 4201 725 4270 οε.
748 4203 923 4292 a...
1169 4154 1444 4320 ιιιιιιιιι
1464 4150 2141 4316 edna

141 4344 302 4355 ··-”-”
316 4346 352 4352 ”-
1170 4333 1302 4409 propter
1323 4343 1484 4387 summam
1504 4323 1728 4389 infirmitatem
1749 4322 1877 4386 nullum
1895 4319 2062 4403 porrigere
2083 4340 2147 4384 eau-¹

252 4407 283 4476 2)
301 4409 403 4478 spiras
419 4428 445 4464 c.
468 4411 495 4466 d.
512 4411 555 4464 24·
573 4410 725 4466 Febmffi
745 4427 798 4466 Ν
825 4411 830 4421 ’
901 4412 939 4480 ⁴⁸2
963 4411 995 4466 tc
1018 4412 1119 4480 W
1170 4410 1290 4476 debant
1311 4407 1442 4486 medici,
1471 4407 1598 4490 depulit
1626 4417 1660 4474 et
1679 4409 1819 4490 pristino
1841 4426 1893 4470 me
1914 4405 2058 4470 restituit
2078 4403 2140 4467 mi·

139 4477 254 4599 gaasar
270 4477 389 4562 lapsa·
404 4479 530 4534 mma
548 4477 756 4560 mraltepcm
801 4477 882 4533 Μ
902 4479 1056 4535 ticcam
1073 4496 1116 4568 {³⁰⁴
1169 4496 1313 4572 nisterio,
1337 4493 1477 4576 amplius
1498 4495 1652 4562 nimirum
1679 4491 1904 4568 exercendum,
1926 4500 1960 4556 et
1981 4489 2141 4572 graviori

166 4563 222 4600 m
241 4547 992 4682 sgihmmmafflmffigwfffflwh’
1013 4547 1117 4602 ΜΘ·
1170 4583 1230 4646 bus
1253 4579 1418 4645 aerumnis
1439 4599 1499 4661 pro
1521 4579 1624 4663 ipsius
1645 4579 1777 4644 nomine
1802 4573 2027 4642 obiiciendum.
2071 4573 2139 4638 Do·

252 4684 283 4751 4)
302 4617 444 4740 ttae..
615 4635 661 4687 W

1333 1381 1388 1448 (Er
1406 1381 1574 1452 autographo
1592 1383 1656 1438 flod
1675 1383 1774 1438 Gener.
1793 1383 1851 1452 112,
1869 1385 1915 1440 sol.
1933 1383 1989 1451 84.)

488 4687 572 4756 ipsis,
589 4693 622 4741 ot
638 4687 756 4754 videtur,
774 4685 949 4740 Bcesleeos's.
1169 4675 1227 4731 net
1247 4665 1334 4732 idem
1357 4663 1455 4728 modo
1482 4664 1608 4731 misello
1634 4663 1716 4728 mihi
1742 4669 1777 4728 et
1801 4659 1989 4726 refractario
2018 4677 2140 4743 organo

136 4755 281 4878 asama?
299 4753 384 4808 Haste
405 4755 494 4822 foece
520 4773 623 4812 samua
645 4771 795 4823 msa,
824 4770 882 4810 aaa
903 4759 943 4808 set
965 4755 1037 4824 qaod
1060 4771 1116 4838 mc·
1169 4752 1246 4818 huic
1278 4749 1415 4816 militiae
1447 4751 1646 4816 necessarias
1685 4747 1871 4828 facultates,
1911 4745 2139 4821 constantiam,

1186 4989 1252 5051 529.
1273 4991 1298 5052 1)
1315 4987 1494 5056 suseptae
1516 4995 1556 5043 est
1577 5004 1663 5042 mu
1680 4985 1799 5053 Caluisi,
1825 4999 1919 5054 sempe
1936 4983 2022 5038 alicui
2038 4982 2139 5036 amica

1169 5075 1232 5114 mm
1248 5057 1556 5138 epistolamtradentis:
1575 5057 1658 5138 quam
1677 5057 1792 5126 primum
1810 5055 1844 5108 sd
1862 5069 1905 5108 me
1923 5059 2040 5106 remitte.

1170 5213 1236 5251 ...
1253 5127 1398 5251 ι
1318 5129 1750 5264 Ἢδιιιιιιι
1761 5121 1805 5246 ιι
1817 5121 1892 5244 ιιι
1905 5119 1972 5176 12‘0·
1991 5118 2150 5236 ma

526 5051 727 5062 m
