4942 5982
225 402 260 461 ll
995 397 1257 466 EPISTOLAE
1281 401 1448 465 aot-207
2182 407 2221 470 ta

221 609 281 655 nos
302 609 416 654 omnes
438 608 529 652 error
550 585 617 664 ille,
644 587 729 670 quod
750 589 938 670 putarimus
964 586 1056 653 vobis
1083 607 1194 652 reoon·
1246 587 1485 672 marobrivae⁶)
1506 589 1712 654 eonveniant
1756 587 1796 655 Si
1817 591 1937 671 poterit
1957 591 2045 656 inter
2066 612 2121 657 eos
2142 612 2221 659 oon-

221 675 376 742 eiliatum.
428 673 514 738 Nam
543 671 605 738 hao
631 693 706 738 eum
733 673 806 758 lege
833 674 1014 756 reeepflnus
1039 681 1078 738 ut
1105 683 1195 737 ratae
1246 673 1370 752 venire,
1392 675 1508 740 merito
1530 673 1715 740 timendum
1738 689 1790 738 est
1817 697 1860 740 ne
1888 674 1931 740 ad
1952 695 2012 741 nos
2039 676 2221 760 perdendos

221 765 392 827 manerent
413 779 526 824 omnes
548 758 715 842 pactiones
736 760 853 842 quibus
871 758 1071 843 Agathopoli
1087 759 1195 824 vobis·
1246 759 1441 840 oonspirent
1493 758 1612 826 Aderit
1639 759 1878 840 Festinamus,
1912 761 1967 844 qui
1999 762 2065 828 iam
2092 763 2221 830 itineris

220 868 295 914 eum
313 843 464 910 rediisset
480 845 516 910 in
537 845 686 928 gratiam.
731 843 770 910 Si
787 843 931 921 redierit,
949 844 1135 910 sanabimus
1153 863 1195 908 ne
1246 863 1400 928 magnam
1421 852 1549 928 partem
1571 865 1763 930 progressus
1780 854 1838 912 ast.
1883 847 2012 912 Rumor
2031 855 2082 914 est
2100 849 2221 916 Sabas

220 932 297 1016 qnid
318 940 429 996 nostra
450 930 588 996 faoilitas
618 929 806 996 detrimenti
834 929 927 996 vobis
953 931 1077 996 afferat
1121 928 1195 994 lllio
1246 930 1322 994 dum
1352 951 1480 1014 quoque
1518 951 1578 1014 per
1614 929 1749 996 Italssam
1780 932 1843 996 iter
1874 933 1980 998 faeere
2013 943 2051 999 ut
2079 933 2221 1018 Alpibus

220 1017 330 1084 neseio
351 1036 394 1080 an
417 1017 537 1099 poterit
557 1037 673 1082 noeere
694 1017 823 1082 etiamsi
845 1017 933 1082 velit.
978 1015 1018 1082 Si
1039 1015 1079 1080 de
1101 1014 1195 1080 nobis
1247 1015 1448 1081 Tridentinis
1469 1016 1505 1082 in
1527 1016 1740 1082 Germaniam
1764 1018 1881 1084 veniat
1921 1019 1969 1083 Et
1988 1039 2069 1085 sane
2088 1019 2222 1087 nihilei

220 1103 421 1186 obloquatur,
445 1101 500 1166 vix
522 1112 560 1168 ut
580 1121 674 1184 spero
695 1101 861 1167 audietur:
890 1103 957 1168 seio
979 1102 1069 1188 enim
1092 1102 1196 1166 Ioma-
1247 1101 1317 1184 spei
1338 1103 1474 1168 restabit
1495 1102 1537 1167 ad
1559 1123 1619 1168 sua
1639 1103 1869 1186 reeuperanda,
1894 1105 1922 1168 si
1940 1125 1978 1169 eo
2000 1104 2136 1170 absente
2157 1107 2221 1172 duo

219 1189 341 1271 stum)
374 1186 414 1252 de
445 1188 538 1252 nobis
568 1187 685 1252 melius
717 1188 840 1252 sentire
871 1208 970 1270 quam
1003 1197 1040 1252 ut
1072 1197 1195 1252 temere
1246 1187 1295 1251 illi
1317 1189 1546 1272 transegerint
1590 1188 1704 1253 Nostri
1728 1187 1895 1255 Gaesarem
1918 1189 1958 1254 de
1980 1211 2039 1256 sua
2061 1191 2221 1274 pollieita·
2249 1271 2251 1276 Ι

221 1275 371 1341 admittat
382 1273 483 1338 ullam
495 1273 764 1340 eriminationem.
799 1274 1017 1358 Egoquoque,
1030 1281 1194 1339 utverum
1246 1273 1334 1338 tione
1357 1273 1531 1357 appellant
1575 1274 1715 1338 Interim
1742 1284 1854 1340 tamen
1882 1296 1951 1340 non
1977 1297 2071 1344 seeus
2098 1277 2222 1343 tumul·

220 1363 332 1438 fatear,
365 1358 460 1422 illum
494 1358 638 1442 Βοφιιιο
670 1359 913 1434 oommendavi,
952 1357 1010 1426 sed
1040 1359 1076 1423 in
1108 1358 1195 1424 hano
1246 1365 1389 1438 tuantur,
1412 1379 1449 1422 ae
1467 1361 1495 1424 si
1512 1358 1635 1424 bellum
1653 1371 1739 1425 osset
1756 1360 1823 1426 iam
1841 1361 2010 1426 indietum.
2050 1361 2222 1447 Superiori

220 1449 367 1522 formam,
390 1443 476 1527 quod
493 1444 692 1526 resipuisset,
715 1444 802 1527 qnod
819 1465 854 1510 se
871 1443 913 1509 ad
930 1466 992 1512 nos
1008 1445 1194 1526 reoepisset,
1246 1465 1359 1512 mense
1391 1445 1456 1510 visi
1488 1454 1567 1510 sunt
1599 1445 1697 1510 nimis
1724 1467 1795 1510 esse
1816 1446 1956 1512 resides:
1991 1468 2080 1514 nune
2099 1450 2221 1514 mirum

220 1531 309 1616 quod
330 1532 444 1614 agnita
465 1529 560 1612 eulpa
581 1529 712 1594 veniam
734 1530 956 1614 impetrasset:
981 1553 1041 1596 nos
1063 1550 1194 1613 sperare
1246 1539 1297 1596 est
1318 1551 1418 1612 quam
1439 1532 1505 1596 sint
1525 1531 1668 1596 exeitati.

219 1617 314 1682 illum
336 1637 377 1681 ex
400 1617 511 1680 animo
533 1614 574 1680 ad
592 1635 652 1680 nos
669 1635 849 1681 reversum.
893 1616 1008 1699 ltaque
1029 1616 1194 1700 rogabam,
1332 1617 1435 1699 Atqui
1456 1617 1543 1682 inter
1563 1625 1673 1682 tantos
1695 1625 1803 1683 motus
1824 1617 1907 1682 mihi
1928 1627 2055 1684 tantum
2085 1627 2136 1686 est
2163 1621 2221 1685 otii

220 1703 307 1769 sise
329 1722 396 1768 non
418 1701 513 1766 aliter
532 1709 662 1784 gereret
682 1721 780 1783 quam
799 1700 891 1768 deeet
908 1702 1034 1768 Christi
1052 1723 1194 1778 servum,
1246 1709 1285 1767 ut
1311 1701 1351 1766 de
1379 1723 1482 1768 uxore
1509 1700 1657 1768 duoenda
1683 1704 1827 1786 eogitare
1860 1701 2007 1770 audeam.
2020 1703 2046 1790 ⁷)
2101 1703 2222 1772 Oblata

220 1811 263 1854 ne
296 1787 375 1872 quid
406 1787 463 1852 illa
494 1786 646 1852 alienatio
679 1787 710 1852 ei
742 1785 879 1854 obesset.
929 1788 1005 1852 Non
1034 1786 1126 1852 venit
1153 1785 1195 1852 ad
1246 1789 1328 1854 mihi
1350 1797 1420 1853 erat
1441 1787 1550 1872 puella
1572 1787 1740 1870 quaedam,
1762 1789 1881 1856 nobilis
1902 1811 2031 1874 genere,
2061 1799 2095 1856 et
2122 1812 2223 1876 supra
2316 1795 2320 1802 “

221 1874 410 1958 Ropnaeum,
445 1872 517 1937 ideo
550 1893 616 1938 non
649 1893 730 1938 usus
759 1881 809 1938 est
836 1894 876 1938 ea
904 1873 1194 1938 sommendatione.
1245 1873 1464 1940 eonditionem
1494 1894 1603 1938 msam
1631 1871 1748 1939 dotata.
1803 1875 1855 1940 Ab
1885 1897 1924 1940 eo
1956 1877 2107 1961 eoningio
2137 1877 2222 1944 duaa

219 1960 294 2025 Illio
316 1969 427 2025 tamen
450 1958 632 2023 Alexander
653 1967 803 2041 receptus
830 1967 882 2024 est
908 1959 945 2024 in
967 1959 1108 2042 gratiam
1131 1958 1195 2022 lta
1246 1959 1390 2025 rationes
1422 1980 1476 2024 me
1504 1958 1743 2025 absterrebant:
1777 1959 1862 2043 quod
1893 1961 2045 2046 lingnam
2076 1972 2222 2028 nostram

219 2045 400 2120 herivallis,
412 2043 440 2128 ³)
459 2045 549 2108 euius
568 2044 668 2108 t'uisse
685 2043 762 2108 olim
777 2046 812 2108 in
824 2044 947 2110 semilia
958 2045 1053 2110 nosti.
1083 2042 1195 2124 Quum
1246 2066 1313 2111 non
1347 2044 1492 2123 tenebat,
1527 2054 1561 2110 et
1590 2043 1676 2128 quod
1703 2045 1840 2112 verebar
1866 2067 1909 2112 ne
1936 2048 1989 2112 sui
2022 2050 2152 2133 generis
2185 2069 2222 2116 ao

219 2131 286 2198 bue
308 2137 422 2214 postea
443 2131 563 2194 missus
585 2136 681 2208 esset,
704 2129 819 2212 seripsi
838 2130 983 2215 Ropnoeo
1000 2152 1053 2194 me
1070 2130 1195 2196 eonsei·
1247 2131 1447 2196 eduoationis
1480 2132 1577 2195 nimie
1613 2152 1739 2196 memor
1774 2141 1867 2198 esset
1917 2131 2038 2199 Frater
2069 2134 2140 2200 eius
2171 2135 2223 2200 vir

220 2219 309 2283 entia
336 2216 438 2281 fuisse
464 2213 670 2298 impeditum,
697 2215 873 2298 quominus
901 2215 989 2280 domi
1015 2217 1195 2300 reeiperem
1247 2216 1471 2300 pientissimus
1482 2215 1636 2294 instabat,
1653 2239 1713 2283 nee
1725 2217 1790 2282 alia
1807 2239 1906 2284 eausa
1923 2220 1988 2284 nisi
1997 2219 2084 2302 quod
2095 2221 2142 2284 ita
2152 2227 2224 2284 erat

220 2315 278 2368 aut
310 2322 386 2368 eum
418 2321 456 2365 eo
482 2300 584 2366 verba
611 2300 760 2364 faeerem.
814 2301 891 2384 Ipse
920 2301 1110 2366 humaniter
1137 2321 1195 2366 ex·
1247 2323 1357 2368 amore
1378 2303 1445 2367 mei
1466 2312 1658 2368 exeaeoatus
1675 2311 1714 2368 ut
1730 2324 1766 2368 se
1783 2305 1891 2386 ipsum
1909 2304 2100 2389 negligeret.
2128 2305 2223 2372 Uxor

219 2388 346 2454 ousavit
357 2407 392 2452 se
403 2386 587 2470 ignorantia
597 2406 757 2468 pensasse,
776 2386 862 2468 quod
876 2388 1195 2453 exeommunioatum
1247 2388 1345 2454 etiam
1367 2387 1477 2452 studio
1499 2387 1599 2454 simili
1620 2407 1695 2452 oum
1717 2409 1755 2454 eo
1777 2389 1931 2468 eertabat,
1954 2399 1992 2455 ut
2009 2390 2087 2456 dare
2104 2411 2222 2458 manus

219 2495 291 2540 esse
312 2471 485 2537 nesciebat.
529 2469 700 2538 Venturos
721 2481 832 2536 autam
850 2473 916 2538 huo
933 2481 1076 2538 osteum
1093 2492 1195 2536 uxore
1246 2473 1482 2558 propemodum
1503 2493 1646 2558 eogerer,
1676 2475 1740 2540 nisi
1769 2497 1822 2540 me
1849 2473 2014 2542 Dominus
2042 2476 2220 2542 liberasset.

219 2557 282 2624 hae
303 2557 560 2642 quadragesima
605 2559 690 2622 'l'um
718 2557 758 2622 do
781 2556 892 2624 Oorolo
919 2556 1094 2642 diligenter
1120 2579 1194 2640 per·
1247 2558 1360 2640 Quum
1382 2559 1471 2625 enim
1492 2559 1742 2642 respondissem,
1770 2561 1853 2626 nihil
1877 2583 1929 2628 me
1955 2563 2128 2640 fauturum,
2157 2563 2222 2628 nisi

219 2643 382 2710 oontabor.
1246 2645 1357 2728 puella
1367 2646 1527 2728 resiperet
1537 2667 1572 2710 ee
1583 2645 1715 2730 linguae
1733 2656 1866 2712 nostrae
1884 2645 2057 2714 disoendae
2074 2649 2222 2714 animum

306 2727 402 2810 Quod
424 2728 570 2810 quereris
592 2749 721 2794 saerum
745 2729 964 2795 ministerium
986 2737 1054 2794 tam
1075 2728 1195 2794 misere
1247 2730 1461 2809 adieeturam,
1501 2731 1560 2796 illa
1594 2741 1724 2814 tempus
1760 2731 1802 2798 ad
1837 2732 2084 2799 deliberandum
2119 2733 2220 2817 petiit

219 2815 295 2882 istie
323 2813 512 2898 oollapeum,
539 2813 585 2879 sio
613 2836 666 2880 res
692 2813 798 2880 habet.
853 2811 1057 2897 Quocunque
1085 2825 1195 2882 vertas
1247 2815 1369 2883 Statim
1386 2816 1489 2900 igitur
1504 2817 1640 2882 fratrem
1657 2839 1768 2882 meum
1785 2840 1860 2884 eum
1881 2819 1965 2884 bono
1986 2819 2127 2903 quodam
2149 2819 2222 2885 viro

220 2899 317 2970 hodie
334 2899 453 2978 oeulos,
475 2900 649 2966 innumera
665 2901 807 2983 reperias
824 2922 908 2984 quae
925 2899 1083 2984 deplores.
1122 2901 1196 2985 Ego
1247 2903 1331 2981 misi,
1360 2904 1417 2985 qui
1444 2903 1528 2967 mihi
1556 2903 1694 2968 alteram
1720 2903 1910 2970 adduosret:
1938 2925 2029 2988 quae,
2059 2907 2087 2970 si
2116 2905 2223 2972 lamae

219 2995 308 3054 eerte
341 2985 420 3051 dum
452 2986 551 3050 finem
584 2985 711 3052 nullum
738 2986 847 3066 video,
881 2987 1028 3052 animum
1060 3007 1195 3070 prorsus
1247 3009 1326 3054 suae
1358 2987 1568 3070 respondeat,
1607 2991 1687 3056 satis
1719 3011 1873 3074 magnam
1906 2991 2017 3056 dotem
2044 2992 2116 3056 sine
2155 2990 2224 3057 ulla

220 3070 465 3156 desponderam,
489 3070 628 3137 nisime
649 3071 986 3156 haeounaeogitatio
1008 3073 1195 3152 sustineret,
1246 3075 1386 3157 peeunia
1403 3093 1514 3140 seeum
1532 3073 1665 3140 adferet
1708 3076 1848 3143 Mirifice
1865 3077 1954 3142 enim
1975 3076 2224 3143 sommendatnr

242 3157 305 3225 uod
326 3177 408 3240 opus
430 3157 575 3236 Domini,
605 3157 762 3242 quidquid
788 3157 922 3236 aooidat,
950 3179 1119 3240 nunquam
1145 3167 1197 3224 est
1247 3158 1351 3224 abiis
1373 3160 1428 3242 qui
1450 3167 1581 3224 norunt.
1625 3159 1662 3226 Si
1685 3162 1803 3239 veniet,
1826 3161 1914 3245 quod
1931 3171 2019 3229 oerto
2041 3183 2221 3245 speramus,

219 3181 445 3312 leserendum.
479 3243 605 3308 Tamen
622 3246 710 3309 inter
728 3253 776 3309 tot
793 3244 879 3309 mala
893 3243 1059 3309 interdum
1074 3241 1196 3326 aliquid
1248 3246 1381 3328 nuptiae
1399 3265 1467 3310 non
1484 3246 1573 3310 ultra
1589 3244 1750 3310 deeimum
1771 3245 1857 3312 diem
1874 3247 1988 3312 Martii
2005 3248 2221 3332 proferentur.

220 3331 277 3398 dat
297 3330 463 3398 Dominus
484 3329 570 3412 qnod
599 3349 660 3396 nos
681 3339 814 3396 reoreet.
858 3329 1073 3408 Hermanno,
1082 3329 1110 3412 ⁴)
1139 3330 1196 3413 qui
1246 3331 1383 3397 Utinam
1401 3339 1481 3396 tuno
1498 3329 1637 3408 adesses,
1657 3341 1694 3396 nt
1711 3331 2039 3399 benediceresnostro
2057 3332 2220 3418 eoniugio.

219 3416 377 3482 adversm
398 3435 459 3480 nos
481 3413 638 3481 Genevae
660 3415 711 3481 dis
735 3415 851 3494 stavit,
874 3412 961 3480 diem
984 3437 1004 3480 a
1025 3437 1078 3482 me
1099 3415 1195 3498 petiit
1247 3415 1315 3483 Sed
1336 3417 1413 3499 quia
1434 3424 1467 3480 te
1489 3437 1577 3480 anno
1599 3417 1774 3499 praeterito
1795 3418 1870 3501 plus
1888 3419 1968 3484 satis
1984 3419 2131 3504 fatigavi,
2153 3440 2222 3484 non

219 3501 262 3566 ad
282 3499 541 3583 eolloquendum.
585 3500 626 3566 In
644 3439 917 3584 paetlobaptismo,
935 3502 971 3565 in
989 3501 1195 3566 humanitate
1246 3502 1350 3568 audeo
1367 3521 1493 3586 rogare.
1538 3501 1577 3567 Si
1599 3503 1673 3585 quis
1695 3511 1805 3568 tamen
1823 3525 1866 3569 ex
1883 3503 2040 3570 fratribus
2057 3504 2094 3568 in
2112 3505 2221 3570 animo

221 3586 358 3663 Christi,
380 3586 415 3650 in
438 3585 511 3652 aliis
532 3586 735 3669 quibusdam,
758 3609 794 3652 se
810 3587 956 3670 graviter
973 3587 1101 3669 lapsum
1124 3607 1195 3652 esse
1246 3587 1383 3654 haberet
1409 3608 1469 3652 nos
1494 3587 1646 3667 invisere,
1674 3589 1814 3672 optarim
1842 3597 1881 3655 ut
1906 3611 1945 3655 eo
1972 3598 2128 3673 tempore,
2157 3611 2221 3674 qno

219 3673 285 3738 iam
302 3672 434 3737 fatetur.
475 3669 563 3737 Sunt
583 3673 648 3737 alia
668 3671 828 3756 quaedam
849 3674 886 3737 in
908 3673 1026 3756 quibus
1043 3672 1195 3738 nonnihil
1246 3675 1334 3741 vines
1356 3683 1430 3739 tuas
1447 3674 1620 3740 sulfioeret.
1656 3672 1854 3758 Quanquam
1872 3675 2048 3742 ridiculum
2066 3697 2120 3742 me
2137 3675 2221 3744 lanio

219 3758 346 3824 haeret:
366 3757 422 3822 sed
441 3756 527 3822 bona
544 3777 618 3841 spes
635 3771 687 3823 ιιι
702 3766 752 3823 tot
764 3757 1009 3824 diffioultatibus
1021 3761 1192 3843 perruptis.
1246 3761 1275 3826 si
1293 3760 1467 3844 eontigerit
1487 3781 1540 3824 me
1562 3760 1628 3826 ista
1647 3781 1705 3844 spe
1727 3759 1883 3828 doeidere.
1918 3760 1985 3828 Sed
2007 3763 2084 3845 qnia
2104 3761 2220 3827 Domi·

220 3844 339 3912 (lomes
373 3841 506 3908 Ioannis
533 3843 666 3908 tandem
695 3865 833 3928 puerum
861 3865 957 3927 quem
988 3843 1087 3910 habet
1114 3853 1195 3910 natu
1247 3867 1327 3911 num
1345 3846 1427 3910 mihi
1446 3843 1635 3911 adfuturum
1653 3845 1790 3928 eonfido‚
1809 3847 1944 3930 perinde
1962 3870 2000 3914 ae
2019 3846 2059 3914 de
2076 3869 2112 3913 re
2129 3855 2221 3914 oerta

219 3931 299 3998 satis
382 3925 517 4012 adema)
539 3929 657 3994 obtulit
678 3929 719 3994 ad
741 3929 950 4013 baptismum.
994 3931 1113 4015 Ignovi
1135 3932 1194 3995 ali·
1247 3930 1398 3998 delibero.

218 4037 316 4099 quam
342 4016 375 4080 'u
393 4016 463 4080 eius
480 4013 674 4095 infirmitati,
697 4037 797 4098 quum
817 4014 941 4081 dieeret
962 4017 1022 4082 sibi
1045 4025 1195 4082 constare
1332 4015 1445 4082 Redeo
1471 4016 1513 4082 ad
1542 4016 1709 4100 publioum
1735 4026 1868 4084 statum.
1913 4018 2077 4099 Quoniam
2101 4016 2220 4083 Caesar

218 4105 376 4185 optimam
393 4100 555 4166 rationem
573 4099 754 4166 differendi.
799 4102 944 4168 Tandem
965 4101 1058 4180 dixit,
1076 4123 1111 4168 se
1128 4124 1195 4168 non
1247 4125 1307 4187 per
1327 4103 1578 4188 Londensem⁸)
1605 4103 1764 4170 indieavit
1792 4105 1915 4170 nostris
1941 4104 2157 4188 principibus,
2183 4123 2219 4168 se

219 4189 341 4252 morari
373 4208 428 4254 eos
460 4207 600 4270 quorum
631 4188 811 4270 pervioaoia
843 4187 1058 4253 nullomodo
1086 4188 1195 4273 frangi
1247 4190 1288 4254 de
1310 4201 1475 4255 eonventu
1504 4189 1655 4254 habendo
1683 4189 1856 4256 eonsilium
1885 4210 1953 4255 non
1979 4189 2148 4266 abiseisse,
2177 4207 2220 4253 ne

220 4281 325 4356 queat
1246 4275 1399 4358 imparati
1429 4273 1733 4356 deprehendantur,
1767 4277 1934 4342 iusserunt
1960 4272 2220 4340 Sohmalealdiae

305 4355 401 4437 Quod
424 4357 464 4422 de
485 4359 637 4442 ingressu
657 4355 806 4424 Caesaris
822 4357 896 4423 istie
913 4359 1018 4423 fertur
1035 4365 1086 4424 est
1102 4355 1195 4424 fabu-
1247 4359 1361 4426 adesse
1381 4361 1506 4443 aliquot
1526 4360 1673 4426 eruditos
1694 4363 1782 4427 viros
1804 4363 1862 4444 qui
1883 4359 1924 4427 de
1945 4359 2059 4426 ordine
2081 4359 2220 4428 aetionis

218 4443 338 4509 losum:
372 4441 539 4510 hominem
572 4444 639 4509 illie
666 4443 832 4510 habebant
863 4444 968 4508 nostri
1001 4445 1058 4526 qui
1085 4445 1196 4510 omnia
1247 4446 1429 4529 dispieiant.
1473 4445 1620 4512 Buoeroa
1645 4456 1722 4512 anta
1749 4447 1941 4512 vicesimum
1971 4447 2069 4512 huius
2095 4447 2220 4512 mensis

218 4527 426 4614 perspioeret.
486 4528 623 4596 (lartum
653 4541 717 4610 est,
751 4529 791 4594 de
817 4529 916 4594 rebus
945 4529 1040 4595 seriis
1065 4529 1195 4596 nullum
1247 4553 1285 4598 eo
1307 4533 1513 4615 profecturus
1534 4539 1592 4596 est
1638 4533 1738 4611 Vale,
1761 4533 1863 4598 irater
1889 4533 2101 4616 optatissime.
2151 4533 2219 4598 Do-

218 4633 403 4682 sermonam
424 4613 523 4678 fuisse
545 4615 703 4682 habitum.
755 4613 882 4680 Verum
910 4612 1017 4680 dietus
1045 4625 1096 4681 est
1125 4615 1195 4682 dies
1247 4618 1357 4682 minus
1384 4625 1418 4681 te
1444 4615 1588 4700 aliosque
1614 4638 1728 4684 omnes
1756 4627 1830 4683 tuos
1861 4617 2003 4703 eollegas
2035 4625 2219 4685 eonservet:

218 4701 262 4768 ad
281 4697 445 4766 Oalendas
467 4698 615 4779 Martias,
638 4723 702 4786 quo
723 4701 824 4767 simul
847 4699 965 4766 Gaeser
984 4707 1018 4765 ιι
1041 4701 1111 4768 Rae
1133 4701 1196 4768 Sa·
1247 4723 1328 4786 quos
1349 4723 1422 4768 meo
1439 4703 1573 4767 nomine
1590 4704 1813 4769 amantissime
1835 4703 2002 4784 salutabis,
2025 4703 2219 4770 nominatim

1249 4787 1473 4870 Capenatium
1484 4791 1511 4873 ⁹)
1533 4787 1719 4854 θονιῑινίιιιι
1736 4797 1981 4872 praeeeptorem
1998 4811 2118 4870 meum,
2140 4787 2220 4854 Tho-

323 4969 1066 5044 a)(tmttamctetantartsapsesrdrlmta
1350 4974 1523 5052 Sldmiaas.
1567 4973 2220 5045 &hammonem

324 5041 354 5108 3)
372 5041 412 5096 N.
433 5039 491 5108 193,
508 5045 565 5096 sot.
584 5043 625 5094 22.
1057 5111 1063 5122 ·
1246 5057 1338 5100 mas
1353 5044 1494 5100 Ianuario
1511 5041 1669 5123 ¹Irupesntot·
1690 5061 1725 5102 aa
1741 5043 1890 5113 Hispania
1905 5047 2033 5117 Baletus·
2051 5050 2148 5116 paona
2165 5043 2219 5102 att-

323 5113 355 5170 4t
373 5109 470 5165 Horta.
494 5109 527 5164 de
553 5109 706 5176 derideas,
725 5110 903 5180 Mutia,
927 5110 1115 5178 ambapm
1150 5111 1194 5236 g
1247 5117 1313 5182 quot
1329 5111 1388 5168 dies
1407 5111 1531 5167 Parisios
1547 5121 1729 5172 wammam
1744 5114 1847 5183 fond.

222 5179 368 5236 Ababa.
393 5177 518 5248 θαιιηι,
536 5179 564 5234 1.
573 5181 633 5235 ato.
657 5177 808 5248 nmina
822 5182 848 5238 1.
862 5179 921 5238 294.
948 5179 1093 5248 Otthara
1108 5196 1141 5250 p.
1186 5220 1194 5235 .
1349 5181 1378 5247 t)
1400 5181 1442 5249 Cf.
1459 5181 1499 5236 N.
1514 5181 1574 5237 tta.

221 5247 1193 5372 t=103ttt⁰‘¹’¹⁸f⁰'¹²³·“⁸⁰·‘⁸⁴'¹⁸⁰'⁰”⁰”⁸⁰”⁶“”¹⁹*
1349 5249 1380 5386 ll
1429 5250 2081 5391 &mtfflmw
