4898 5970
239 309 300 376 811

241 493 429 560 ministrant
440 492 474 556 in
486 491 585 558 verbe
603 496 637 554 et
654 490 708 573 qui
726 489 831 554 literis
848 497 1012 572 praesunt.
1045 488 1210 570 Nceeemi,

241 583 291 646 20.
315 577 504 645 Decembris
530 581 618 641 1544.

756 711 906 778 Farellus
928 719 1006 778 tuus
1027 717 1124 778 ioum.

686 1224 762 1294 aab.

485 1343 723 1414 MYOONIUS
745 1343 975 1410 FARELLO.

329 1485 561 1550 Besileetsiam
582 1488 612 1548 et
632 1483 737 1566 ipsias
757 1482 907 1546 aeremia
927 1482 965 1546 de
985 1500 1118 1547 casem
1144 1481 1213 1564 sra-

242 1579 331 1640 lerae
352 1575 381 1636 et
401 1570 547 1652 refutatio
567 1567 768 1634 erliedorraa
792 1565 974 1650 Cepaacrdi.

243 1725 452 1796 (Autcgrsphou
465 1727 555 1776 exstat
566 1723 593 1774 in
605 1721 669 1774 bibl.
685 1727 786 1790 pastor.
799 1719 880 1774 Nece.
893 1719 950 1772 Vol.
964 1721 996 1772 Δ.
1014 1717 1045 1773 15
1062 1725 1091 1772 et
1108 1720 1135 1772 in
1148 1719 1214 1773 bibl.

243 1795 327 1850 civice
346 1793 485 1846 Turicensi
503 1791 580 1844 MSS.
604 1791 636 1843 F.
659 1787 702 1856 81,
725 1790 789 1842 olim
806 1799 870 1841 tom.
897 1785 932 1840 46
951 1789 1028 1841 ¹irch.
1048 1789 1215 1856 Hottiugeri,

242 1863 289 1918 lcl.
306 1861 365 1917 891.
401 1861 485 1914 Aliud
503 1859 643 1928 exemplar
660 1859 795 1911 recentius
812 1857 877 1910 ibid.
898 1859 927 1911 ll.
945 1855 983 1909 68,
997 1859 1031 1910 el.
1049 1856 1084 1910 23
1101 1858 1145 1910 iel.
1154 1855 1212 1910 697.

242 1931 393 2000 Descripsit
409 1930 537 1983 simlerus
555 1929 610 1982 vol.
623 1925 665 1980 te.
685 1927 783 1981 Versic
794 1927 890 1994 gallica
903 1927 1002 1980 Farelli
1019 1943 1101 1980 manu
1111 1927 1214 1995 scripta

556 1996 685 2052 Neeeomi
703 1997 721 2048 l.
740 2012 763 2050 c.
783 1995 841 2049 Vol.
859 1993 902 2062 B.)

330 2169 365 2235 S.
389 2169 478 2234 Setis
497 2169 581 2234 ieret
599 2187 789 2250 responsum
807 2187 827 2230 a
846 2163 974 2231 Oeivim
987 2165 1011 2249 ¹)
1033 2173 1067 2230 ct
1085 2167 1213 2247 Argen-

245 2253 464 2338 tinensibus2)
488 2253 529 2318 ad
546 2253 800 2318 controversiam
822 2271 904 2333 quae
922 2250 1214 2316 movetureiratre

244 2340 384 2427 quodam
407 2338 492 2422 apud
514 2361 574 2404 vos
595 2338 789 2420 inquiet-iore
812 2356 908 2418 quam
931 2345 1069 2417 purast,
1093 2335 1155 2400 nisi
1178 2344 1214 2400 tu

244 2435 415 2509 tantopere
433 2445 566 2508 urgeres
583 2431 621 2488 ut
638 2431 766 2506 praeter
783 2441 973 2503 responsum
992 2421 1073 2486 elias
1091 2421 1214 2500 datum,

244 2513 352 2580 adhuc
373 2508 626 2592 respondeamus
649 2508 775 2574 clarius.
825 2507 940 2572 Liceat
961 2528 1076 2572 verum
1098 2507 1213 2572 dicere.

246 2595 433 2666 (lommovit
465 2595 527 2660 heo
560 2594 666 2666 verbi,
700 2591 786 2675 quod
819 2591 935 2675 probat
962 2593 1122 2658 turbetcri
1149 2613 1215 2658 non

245 2682 458 2756 sadsiactum,
482 2677 632 2744 nonnihil
653 2679 770 2744 fratres
791 2699 888 2744 meos.
937 2677 1010 2742 Imc
1032 2679 1066 2743 in
1088 2687 1216 2744 tentum

245 2768 351 2838 mevit
378 2774 418 2830 ut
443 2765 598 2830 iusserint
625 2785 678 2830 me
706 2763 788 2828 nihil
816 2763 906 2828 aliud
934 2765 1074 2830 scribere
1101 2785 1214 2847 quam:

246 2853 436 2934 mnequeat
456 2870 527 2917 esse
548 2856 719 2916 contentus
741 2848 826 2914 bona
846 2847 1089 2926 consuetudine,
1118 2869 1215 2932 quem

246 2957 443 3020 usurpemus
463 2937 500 3000 in
521 2935 656 3002 ecclesia
677 2947 797 3012 nostra,
827 2943 992 3017 acceptam
1019 2957 1039 3002 a
1060 2933 1102 3002 D.
1129 2935 1217 3002 Oeco-

245 3023 407 3106 amasso
439 3022 509 3088 rire
542 3021 726 3088 doctissimo
762 3029 860 3106 atque
898 3021 1058 3104 piissimo,
1098 3020 1215 3088 valeat.

245 3109 322 3176 Non
343 3109 430 3174 euim
452 3114 689 3190 competerent
711 3106 854 3172 cuiusvis
874 3106 1004 3173 duritiei
1025 3108 1216 3189 praesertim

244 3195 282 3262 in
304 3195 445 3278 negotiis
466 3194 597 3275 pietatis
618 3207 809 3260 occurratur
829 3203 983 3274 prevete.
1015 3191 1214 3275 Namscrip·

245 3289 318 3348 tum
355 3297 444 3346 esse:
484 3275 524 3344 Si
562 3277 747 3346 contuderis
779 3277 917 3343 stultum
950 3278 985 3344 in
1017 3278 1084 3361 pila
1123 3277 1213 3360 quasi

244 3366 409 3450 ptisanam
430 3363 566 3430 feriente
583 3363 722 3446 desuper
743 3363 819 3446 pile,
840 3385 906 3428 non
927 3364 1093 3430 auferetur
1114 3363 1155 3430 ab
1176 3384 1215 3428 ec

244 3450 386 3520 stultitia
402 3449 481 3516 eius.
525 3448 739 3514 Adiecerunt:
762 3449 789 3514 si
809 3449 930 3531 absque
951 3458 1041 3514 mot-u
1063 3450 1215 3533 graviore

244 3537 317 3604 fleri
329 3536 438 3619 possit,
457 3532 805 3600 excommunicandum
817 3555 897 3613 esse,
919 3535 1024 3618 utqui
1036 3534 1215 3602 resistendo

244 3621 354 3706 palam
376 3620 498 3696 doceat,
527 3641 591 3686 uon
619 3633 731 3703 aptum
754 3639 825 3686 csse
852 3618 1088 3705 promulgando
1114 3642 1215 3686 eren·

245 3706 340 3793 pelio.
380 3705 473 3772 Haeo
490 3712 541 3770 est
557 3706 720 3772 sententie
736 3704 884 3771 flauum.
924 3705 1016 3788 Quae
1033 3715 1216 3790 sequuntur

243 3963 402 4048 plicatum
423 3961 504 4028 satis
531 3961 670 4044 epistole
697 3983 802 4046 nuper
829 3961 968 4044 missal)
996 3961 1093 4046 plene
1120 3969 1213 4047 puto:

244 4049 395 4132 quemvis
423 4047 459 4110 in
488 4046 682 4131 prosyncdis
707 4046 852 4112 feramur
878 4047 1027 4124 liberius,
1061 4068 1100 4112 eo
1128 4047 1214 4130 qued

244 4133 281 4202 iu
302 4132 441 4284 ⁸i⁰⁰di⁸d
452 4131 599 4216 deputati
616 4131 690 4198 laici
708 4131 892 4284 debsenatu,
915 4132 1215 4283 praefectisquoque

223 4239 424 4374 date
441 4227 922 4386 tetlatttttllltatt
935 4229 1213 4388 {atttriti

244 4395 354 4458 terum
371 4397 509 4474 cogeret
554 4390 674 4456 Libere
695 4388 782 4456 dieo:
807 4387 974 4472 displicuit
994 4400 1070 4456 ante
1092 4391 1215 4475 aliquot

262 4595 282 4656 ὅ
348 4597 378 4722 ti
398 4661 540 4718 Habemus
566 4662 840 4731 srpsaarereotaa
865 4677 1027 4732 mspoasam
1052 4663 1149 4720 mass
1171 4663 1205 4718 29

246 4730 414 4812 Matris.
458 4731 539 4811 Quod
563 4747 648 4800 paura
671 4731 820 4803 Maeonias
842 4733 976 4802 respicere
1001 4750 1058 4790 noa
1081 4735 1213 4803 potuerit

246 4807 298 4858 cai
318 4801 397 4856 elaad
423 4805 557 4869 saraptam
585 4815 678 4854 mnam
705 4799 877 4882 deperditam
899 4803 1082 4871 praecessisse
1108 4809 1216 4858 aarum

246 4875 360 4950 eportet,
379 4874 429 4924 ara
444 4867 571 4936 sonasse,
608 4869 664 4923 aad
680 4869 759 4950 sebas
781 4886 843 4924 cere
867 4871 985 4926 ameliae
1007 4871 1124 4954 meleta,
1149 4872 1214 4943 My·

248 5075 1216 5143 marma,aearensar‚saaaeeaaaeeaaaasaaaoraoet

247 5143 605 5277 οιῳιιιιιὲωιιὼιιοέιιιᾱιέωιιοινο.

374 5219 380 5266 l
453 5225 482 5264 tt·
543 5253 550 5266 .

1009 297 1270 367 DPIS'DOLAD
1293 301 1461 366 594-596

2165 273 2230 366 sis

1262 510 1367 555 annos
1377 487 1635 574 prosynodorum
1647 509 1716 554 mos
1732 488 1824 570 mihi,
1845 497 1978 572 propter
1993 489 2080 555 hanc
2097 509 2233 555 causam

1262 574 1346 659 qued
1370 574 1540 641 videbatur
1568 577 1677 640 minus
1705 576 1879 654 fraternus,
1906 585 1944 640 ut
1970 576 2023 641 cui
2049 576 2138 640 locus
2166 597 2231 642 neu

1262 671 1333 726 crat
1362 681 1419 744 per
1446 671 1551 725 toturn
1578 681 1718 738 aunum,
1752 661 1814 724 nisi
1846 683 1923 725 mex
1955 669 2030 725 ante
2059 660 2231 744 synodum.

1262 747 1400 812 Interim
1423 757 1531 811 autem
1553 747 1605 810 vcl
1628 746 1794 810 doctrinae
1816 746 2014 824 scandalum,
2041 747 2095 812 vel
2117 767 2232 830 pecca·

1263 845 1331 896 tum
1365 839 1422 896 eut
1454 853 1565 896 rumor
1601 831 1724 914 peccati
1763 853 1956 914 premanere
1989 831 2028 895 ed
2061 831 2234 897 ecclesiam

1263 927 1363 982 totam
1391 927 1423 981 et
1451 917 1492 981 ad
1521 918 1643 982 vicinas
1672 918 1821 984 ecelesias
1848 927 1990 1000 poterat,
2020 939 2086 982 nen
2110 917 2234 998 absque

1263 1004 1358 1089 gravi
1379 1003 1505 1068 iactura
1526 1003 1695 1087 evangelii.
1747 1002 1804 1068 Sic
1830 1005 1931 1086 igitur
1957 1003 2120 1085 agendum
2148 1003 2234 1068 mihi

1265 1089 1443 1166 videbatur,
1467 1095 1620 1170 utquam
1639 1089 1779 1171 primum
1802 1089 1926 1154 sinistri
1948 1087 2069 1171 aliquid
2091 1089 2235 1155 rumoris

1264 1174 1304 1240 de
1330 1175 1431 1240 fratre
1459 1171 1619 1258 (quisquis
1646 1175 1702 1238 ille
1729 1174 1875 1252 tandem)
1903 1183 2102 1257 exsurgeret,
2130 1175 2235 1238 freter

1264 1261 1319 1344 qui
1340 1259 1429 1324 istud
1451 1259 1597 1326 audisset
1618 1259 1653 1324 iu
1675 1280 1788 1324 aurem
1816 1261 1966 1342 protinus
1995 1258 2153 1324 menende
2181 1261 2235 1324 in-

1263 1357 1449 1411 susurraret
1470 1346 1500 1410 ci
1523 1345 1563 1410 dc
1585 1366 1649 1428 quo
1672 1367 1783 1410 rumor
1807 1353 1908 1411 esset:
1936 1367 2003 1410 non
2030 1344 2161 1428 quidem
2189 1345 2234 1410 ob

1264 1431 1351 1496 aliud
1373 1431 1439 1496 nisi
1461 1430 1546 1496 utis
1573 1452 1686 1496 rumor
1713 1452 1789 1495 mex
1818 1431 1852 1495 iu
1880 1442 1996 1496 exortu
2024 1431 2145 1513 periret
2171 1450 2235 1496 nec

1264 1515 1433 1581 deveniret
1465 1515 1505 1580 sd
1539 1516 1646 1582 laicos.
1710 1516 1936 1582 Admoniu'oni
1971 1517 1999 1581 si
2032 1515 2125 1580 derret
2156 1535 2235 1582 reus

1264 1602 1380 1680 lecum,
1402 1601 1546 1668 efficiens
1568 1615 1606 1666 ut
1629 1611 1837 1668 orasnesocret
1857 1600 2011 1685 quidquid
2033 1601 2147 1666 fuisset
2175 1621 2236 1666 ex·

1264 1689 1465 1765 suscitatum,
1492 1688 1563 1752 sive
1594 1707 1707 1752 vorum
1728 1687 1798 1752 sive
1829 1687 1957 1766 falsum,
1989 1686 2070 1752 bone
2091 1685 2235 1769 quidem.

1265 1771 1304 1839 Si
1324 1794 1389 1837 nen
1412 1772 1506 1837 daret
1527 1773 1642 1851 locum,
1670 1781 1707 1837 ut
1727 1783 1798 1836 tum
1819 1795 1927 1838 coram
1957 1773 2109 1838 iratribus
2138 1792 2236 1838 aecu-

1265 1867 1394 1923 saretur
1415 1867 1448 1923 et
1469 1857 1708 1924 emendaretur.
1759 1857 1855 1939 Quod
1877 1859 1906 1922 si
1927 1858 1968 1922 ad
1991 1859 2079 1923 hune
2100 1856 2235 1922 modum

1264 1953 1423 2009 tractatus
1443 1944 1649 2008 inveniretur
1670 1952 1880 2026 contemptor,
1904 1951 1983 2009 tunc
1997 1943 2127 2008 tandem
2139 1945 2236 2008 siste·

1265 2041 1356 2093 retur
1377 2030 1435 2092 toti
1458 2029 1591 2113 synodo,
1620 2039 1654 2093 et
1674 2031 1892 2112 corriperetur
1922 2031 2019 2094 minis
2047 2028 2174 2105 additis,
2205 2026 2236 2094 si

1265 2115 1349 2179 mhil
1368 2127 1440 2180 acta
1457 2115 1563 2178 ferent
1579 2115 1759 2197 prolutura,
1782 2114 2129 2180 excommunicandum
2152 2133 2234 2178 esse.

1265 2200 1330 2265 Hic
1359 2201 1435 2282 quia
1461 2219 1575 2266 cavere
1604 2199 1769 2264 tentabam
1795 2222 1836 2264 ne
1869 2201 2057 2284 evangelica
2085 2198 2237 2264 doctrine

1265 2285 1350 2350 mals
1378 2295 1510 2368 prepter
1537 2285 1702 2368 praesides
1735 2287 1804 2351 eius
1836 2285 1972 2364 audiret,
2005 2285 2237 2350 existimabam

1265 2393 1318 2436 me
1340 2392 1406 2436 non
1428 2372 1589 2437 aberrare.
1632 2371 1870 2436 Verumtamen
1892 2371 1948 2435 ubi
1971 2371 2128 2436 fratribus
2156 2390 2236 2436 con·

1266 2456 1404 2522 suetudo
1425 2466 1521 2521 vetus
1541 2463 1672 2540 accepta
1701 2457 1741 2521 ab
1767 2456 2003 2538 Oeeolompcdr'c
2031 2455 2136 2539 magis
2163 2453 2236 2538 pla·

1266 2542 1375 2618 cebet,
1410 2541 1560 2624 equidem
1590 2541 1683 2607 lacile
1710 2540 1878 2621 cedebam,
1908 2553 1946 2606 ut
1972 2543 2064 2607 cuius
2092 2561 2157 2604 nen
2183 2545 2235 2604 est

1266 2626 1387 2710 aliquid
1419 2635 1545 2692 tentare
1577 2637 1691 2693 contra
1720 2628 1873 2712 collegas,
1911 2627 1975 2694 nisi
2008 2625 2183 2708 compellar
2214 2643 2236 2690 a

1266 2711 1417 2778 Domino.
1473 2713 1581 2796 Atque
1607 2714 1654 2778 ita
1679 2721 1790 2778 manet
1822 2712 1927 2778 adhuc
1953 2714 2142 2778 institutum
2169 2711 2236 2775 ira·

1266 2807 1378 2864 ternae
1400 2819 1556 2864 censurae
1577 2799 1745 2864 vetustius.

1352 2885 1446 2950 Intra
1467 2883 1610 2967 synodos
1632 2892 1749 2962 autem,
1778 2882 1856 2948 dum
1876 2883 1999 2967 aliquid
2021 2881 2137 2949 accidit
2158 2901 2236 2945 ceu-

1266 2991 1345 3035 sure
1371 2971 1556 3054 properiore
1582 2970 1728 3054 dignum,
1757 2969 1803 3036 sie
1829 2990 1927 3054 cgere
1953 2969 2103 3034 solemus.
2149 2965 2238 3032 (leu-

1267 3056 1416 3121 veuimus
1438 3053 1580 3138 parochi,
1602 3056 1793 3138 praesertim
1821 3055 1849 3119 si
1870 3077 1912 3120 cx
1934 3054 2085 3138 parochis
2107 3051 2237 3134 estqui

1266 3141 1388 3223 aliquid
1422 3141 1607 3225 designavit
1639 3150 1696 3205 aut
1728 3151 1841 3205 centra
1873 3161 1995 3205 merem
2031 3145 2090 3204 eut
2120 3147 2238 3204 eontra

1267 3228 1486 3306 honestatem,
1515 3238 1548 3292 et
1576 3225 1807 3291 deliberatione
1834 3225 1942 3309 ulique
1969 3225 2119 3308 proponit
2147 3241 2237 3288 unus

1266 3313 1382 3396 aliquis
1414 3333 1433 3378 e
1465 3311 1557 3377 nobis
1589 3311 1673 3395 quod
1710 3310 1843 3376 devenit
1881 3311 1921 3375 ed
1961 3331 2057 3376 aures
2095 3317 2235 3388 nostras,

1267 3405 1422 3482 rogatque
1443 3418 1497 3463 res
1518 3401 1564 3462 ita
1585 3397 1705 3463 habeat
1726 3395 1859 3462 annon?
1911 3397 1949 3462 ei
1970 3395 2145 3480 respondet
2167 3414 2237 3476 nou

1265 3485 1311 3548 ita
1334 3485 1453 3549 hebere
1475 3491 1573 3568 atque
1600 3483 1632 3548 id
1654 3483 1890 3548 rationabiliter
1911 3481 2092 3566 persuadet,
2120 3500 2236 3545 moue-

1266 3590 1339 3634 mus
1360 3579 1400 3634 ut
1420 3571 1560 3652 speciem
1583 3580 1695 3634 caveat
1717 3567 1803 3646 mali,
1827 3565 1913 3633 unde
1927 3567 2067 3652 suspicio
2078 3573 2112 3631 et
2122 3585 2238 3631 rumor

1266 3655 1334 3720 sint
1350 3665 1472 3720 exorte.
1512 3651 1573 3720 Sin
1596 3663 1797 3736 compertum
1819 3675 1862 3718 ex
1883 3673 1939 3719 ere
1961 3653 2062 3717 fuerit
2082 3651 2236 3731 accrrseti,

1266 3761 1332 3805 non
1354 3741 1426 3806 sine
1453 3761 1550 3806 causa
1576 3761 1738 3805 rumorem
1767 3741 2011 3820 exsuscitatum,
2039 3741 2236 3822 corripimus

1266 3827 1367 3891 amice
1387 3837 1420 3891 ct
1437 3825 1571 3891 desistat
1588 3827 1795 3891 obsecramur
1811 3826 1846 3889 iu
1864 3835 2039 3908 posterum,
2061 3843 2236 3888 nonomen

1267 3913 1329 3978 Dei
1350 3913 1436 3976 male
1458 3919 1589 3996 propter
1609 3911 1717 3994 ipsum
1748 3911 1867 3976 audiat.
1912 3908 1950 3976 Si
1978 3929 2101 3975 morem
2131 3919 2235 3994 geret,

1266 3998 1439 4080 inquimus,
1462 4019 1519 4080 pre
1546 3998 1647 4061 fratre
1677 3999 1778 4062 simus
1805 3997 1963 4080 agnituri:
1992 3995 2020 4060 si
2042 4015 2106 4059 nou
2129 4003 2236 4078 gerat,

1266 4103 1325 4166 pro
1343 4083 1513 4160 nebulone,
1535 4083 1681 4147 membre
1699 4081 1829 4167 putrido
1853 4091 1886 4146 et
1907 4103 1927 4146 a
1947 4101 2079 4164 corporo
2097 4078 2238 4145 Domini

1266 4169 1472 4252 amputando.
1514 4167 1561 4234 Ut
1582 4189 1717 4252 agamus
1734 4167 1776 4232 ad
1798 4167 1886 4232 hunc
1908 4165 2038 4232 modum
2056 4165 2237 4230 Paulinum

1189 4306 1196 4319 .
1265 4253 1346 4318 illud
1367 4255 1402 4318 iu
1431 4273 1528 4320 cause
1556 4263 1619 4318 est:
1649 4254 1758 4318 omnia
1787 4251 1828 4318 ad
1857 4253 2115 4318 aedificationem
2144 4251 2237 4318 liant

1264 4339 1311 4406 Et
1328 4339 1423 4422 paule
1441 4347 1528 4424 pest:
1551 4341 1661 4404 omnia
1679 4340 1872 4405 decantaret
1888 4337 2067 4402 seeundum
2085 4335 2237 4401 ordinem

1265 4427 1354 4490 liant.
1406 4425 1491 4490 Nam
1521 4425 1549 4490 si
1582 4424 1661 4491 haee
1693 4423 1866 4508 diligenter
1897 4423 2020 4488 luerint
2052 4422 2237 4501 observate,

1265 4517 1458 4594 potestatem
1487 4511 1608 4576 habeut
1635 4511 1777 4596 episcopi
1804 4509 1996 4575 traditiones
2028 4508 2063 4572 in
2097 4507 2238 4573 ecclesis

1265 4593 1414 4675 faciendi,
1447 4617 1530 4679 quae
1561 4598 1727 4678 pertinent
1752 4595 1793 4660 ad
1821 4595 1920 4660 bones
1953 4613 2059 4658 mores
2091 4603 2126 4658 et
2159 4589 2237 4658 fidei

1207 4704 1214 4718 ·
1266 4703 1334 4748 non
1355 4688 1432 4748 sunt
1452 4683 1641 4748 contrariae.

1351 4768 1455 4850 Atqui
1476 4767 1604 4852 rogabit
1631 4767 1765 4833 lorsitsn
1791 4765 1847 4831 ille
1876 4773 1984 4832 vester
2011 4763 2236 4832 adversarius:

1268 4853 1337 4919 Gur
1357 4853 1409 4920 hic
1431 4875 1496 4920 non
1518 4856 1625 4935 petius
1652 4861 1787 4917 ummur
1812 4853 1964 4917 institute
1986 4850 2122 4916 Domini
2149 4848 2238 4933 quod

1267 4939 1491 5006 sellicitus
1514 4939 1573 5004 18?
1607 4939 1759 5004 Breviter
1770 4939 1961 5022 respondeo:
1974 4935 2070 5020 Quod
2082 4935 2238 5003 Christus

1267 5025 1401 5090 tradidit
1422 5024 1575 5110 generale
1597 5031 1662 5101 est,
1683 5021 1724 5088 ad
1744 5025 1911 5092 emlesiam
1933 5033 2034 5089 totam
2056 5021 2236 5107 pertinens.

1268 5109 1342 5192 Quo
1375 5133 1433 5177 nes
1461 5113 1585 5176 utimur
1616 5109 1756 5192 speciale
1787 5109 1919 5188 estad
1951 5110 2117 5176 ministros
2149 5109 2237 5176 seles

1267 5205 1426 5281 spectans,
1448 5216 1586 5279 querum
1608 5197 1809 5264 consonatio
1830 5195 1906 5261 telis
1923 5215 1995 5261 esse
2011 5193 2108 5260 debet
2123 5203 2164 5260 ut
2180 5191 2237 5262 rel
