4910 5974
157 303 218 364 477
990 303 1070 364 1542
1088 295 1289 364 DDODMB.
2080 305 2142 368 478

157 489 219 554 1787.
274 486 402 569 Nempe
432 488 516 554 78888
551 487 743 570 irruperunt
773 483 972 552 oonfidenter
1009 485 1124 551 beluae
1175 483 1323 548 omnium
1355 484 1506 568 praeibas
1538 505 1598 548 nos
1630 483 1904 550 commendamus.
1948 484 2016 551 Sed
2048 493 2094 568 tu,
2122 511 2143 554 o

157 572 357 650 horrendae,
378 579 417 636 nt
438 572 549 636 omniu
580 569 831 655 depopulentur,
854 573 963 636 omnia
983 576 1123 649 vastent,
1175 569 1425 636 elementissimo
1446 577 1547 652 pater,
1569 569 1611 635 da
1630 569 1706 636 filiis
1723 569 1789 635 tuis
1810 577 1848 634 nt
1866 571 1991 654 torpori
2012 571 2071 638 17177
2093 575 2143 639 887

157 659 221 724 8787
244 665 372 724 evertat
392 656 501 722 Deus:
530 659 587 740 qni
613 655 737 722 abieoto
757 656 883 723 8888118
903 657 1032 722 funesto
1054 655 1124 721 ani·
1174 655 1336 737 unigeniti
1362 655 1437 720 Iesu
1468 653 1568 720 semel
1595 655 1686 720 insiti
1715 675 1926 740 augeseamns
1953 657 1995 722 ad
2021 657 2142 724 iustam

157 743 250 808 mum
282 743 462 825 impnmm,
494 742 605 808 sordes
635 741 765 825 putidas
797 762 834 808 ao
865 743 1056 824 purulentas
1087 741 1123 804 in
1174 741 1277 822 ipsius
1287 739 1556 823 magnitudinem,
1574 739 1616 804 da
1632 749 1671 805 ut
1687 740 1889 807 adversarios
1900 749 2028 808 nostros
2045 743 2142 810 bene-

158 827 283 894 eueulla
305 835 486 893 888888888
529 836 662 910 erpetno
683 836 822 911 gestant,
850 827 1040 910 hypocrisin
1062 827 1124 892 soi·
1174 825 1267 891 foetis
1289 847 1442 909 superare
1463 833 1626 904 eonantos,
1654 847 1793 909 quorum
1819 825 2010 910 improbitas
2031 835 2064 893 at
2084 849 2142 894 ne-

158 913 234 980 lieet
256 921 290 978 88
310 933 440 978 omnem
457 933 490 976 m
527 913 625 990 tiam,
648 915 703 994 qni
725 934 820 978 anum
841 914 931 978 virus
953 913 1025 978 istie
1046 932 1123 994 quo·
1175 911 1277 994 quitia
1305 931 1364 993 per
1388 919 1479 978 tuam
1505 911 1743 994 providentiam
1771 933 1831 978 nos
1857 919 1987 978 exercet
2015 921 2048 978 et
2067 935 2143 997 pro-

160 999 237 1064 tidie
259 1007 416 1064 evomunt
436 997 545 1062 omnia
573 998 764 1077 infitiantes,
792 1005 826 1062 et
853 1018 934 1080 qnae
956 999 1047 1080 prins
1069 1017 1124 1062 eu·
1175 995 1266 1061 batos
1289 995 1405 1074 reddit,
1435 1017 1608 1062 aerumnas
1636 997 1733 1062 huius
1759 997 1845 1064 vitae
1873 999 1908 1063 in
1930 1017 2072 1063 amorem
2093 1001 2143 1065 tui

159 1083 243 1150 88118
264 1084 384 1149 obteoti
403 1083 672 1148 machinabantur
692 1081 805 1148 eadem
827 1104 915 1148 nuno
937 1089 1145 1166 perpetran-
1175 1081 1313 1146 infraoto
1345 1082 1452 1146 animo
1484 1083 1693 1164 perferentes,
1723 1103 1777 1148 res
1807 1083 1914 1148 fluxas
1946 1089 1980 1148 et
2006 1084 2144 1151 oaduoas

160 1177 219 1248 toa,
248 1167 368 1252 ingrati
396 1167 511 1250 perfidi
540 1167 680 1250 superbi,
708 1168 866 1233 bonorum
892 1168 1037 1233 virorum
1059 1175 1125 1230 tor-
1175 1173 1402 1250 aspernantes,
1433 1167 1585 1233 eoelestia
1611 1169 1803 1252 cogitemus,
1834 1169 1960 1234 animos
1981 1167 2022 1234 ab
2043 1168 2144 1236 humo

159 1263 254 1320 tores.
285 1251 381 1320 Unde
402 1254 490 1318 enim
511 1261 560 1318 tot
581 1252 743 1335 suspiria?
776 1253 873 1319 Unde
894 1261 943 1318 tot
963 1253 1125 1336 lacrymae
1176 1251 1338 1318 seiunctos
1360 1252 1396 1316 in
1417 1252 1542 1319 eoelum
1563 1253 1757 1332 attollamus,
1787 1273 1825 1319 eo
1846 1253 2057 1336 adspiremus,
2086 1255 2144 1321 nbi

158 1340 194 1405 in
214 1338 330 1406 vobis?
373 1339 540 1404 Avaritiae
561 1347 594 1403 et
616 1340 741 1404 ventris
761 1339 931 1420 meneipia,
960 1337 1124 1415 indoeiles,
1176 1337 1296 1402 abolita
1317 1345 1431 1417 morte,
1459 1345 1618 1420 prostrato
1640 1336 1773 1418 Satana,
1795 1337 1922 1405 adsidet
1943 1339 2001 1404 tibi
2024 1361 2043 1406 a
2064 1339 2143 1406 dex-

159 1425 262 1502 otiosi,
294 1423 394 1502 leves,
426 1423 604 1502 temulenti,
637 1424 727 1500 vani,
760 1423 892 1507 garruli,
925 1443 1124 1501 susurrones,
1176 1422 1237 1487 tria
1257 1421 1420 1488 Dominus
1441 1431 1551 1489 noster
1571 1423 1666 1488 Iesus
1687 1423 1848 1504 Christus,
1879 1423 1966 1490 solus
1988 1433 2142 1504 servator,

160 1531 175 1574 s
198 1508 388 1594 oophantae,
416 1508 530 1586 invidi,
558 1508 652 1574 788718
679 1507 870 1586 iudioantes,
899 1508 1126 1574 immiserioor-
1178 1507 1343 1587 mediator,
1364 1509 1511 1590 pontifex
1528 1516 1689 1588 aeternus,
1711 1510 1767 1592 qui
1783 1509 1886 1575 veluti
1908 1511 2144 1595 antesignanus

160 1533 225 1676 de,
247 1593 403 1672 orndeles,
425 1595 670 1678 oonspiratores,
699 1594 811 1660 stellae
832 1595 998 1671 erraticae,
1020 1594 1126 1658 fontes
1177 1593 1293 1675 viaque
1315 1592 1408 1658 nobis
1429 1603 1532 1660 strata
1552 1615 1611 1659 nos
1631 1595 1762 1677 praeiit,
1789 1595 2011 1660 indesinenter
2032 1603 2064 1660 te
2084 1616 2144 1679 pro

159 1689 391 1746 exarescentes.
430 1679 531 1744 Ferit
551 1679 715 1744 Dominus
735 1686 773 1744 nt
794 1678 834 1744 ab
856 1677 907 1744 7ι78
929 1678 1126 1761 eaeterisque
1177 1679 1269 1744 nobis
1290 1677 1475 1762 depreoans,
1505 1679 1607 1746 donee
1628 1680 1670 1744 ad
1697 1687 1730 1744 te
1751 1679 1929 1746 evehamur
1950 1680 2011 1746 hoo
2032 1701 2143 1765 ergas-

158 1765 299 1831 inimiois
319 1765 421 1848 ipsius
432 1773 465 1828 et
482 1766 610 1844 nostris,
628 1765 777 1830 obturato
788 1785 844 1830 ore
860 1765 1004 1846 ipsorum
1021 1764 1126 1845 impu·
1177 1762 1245 1827 tulo
1267 1763 1380 1843 soluti,
1410 1785 1473 1847 quo
1494 1763 1711 1847 adipisoamnr
1732 1764 1818 1848 qnod
1839 1785 1899 1848 per
1919 1767 2069 1850 aenigma
2089 1766 2143 1832 hie

159 1849 258 1929 denti,
287 1851 464 1916 referamus
484 1850 637 1933 palmam.
681 1849 782 1914 Paxit
802 1851 963 1916 Dominus
984 1857 1023 1913 ut
1043 1850 1126 1912 78888
1177 1855 1303 1914 tantum
1325 1851 1497 1928 eernimus,
1525 1869 1679 1916 eoronam
1705 1851 2013 1931 immareeseibilem,
2040 1852 2144 1917 vitam

158 1943 265 2019 pestes
296 1935 531 2013 infestissimae,
564 1935 793 2012 atrooissimae,
826 1933 1125 2020 pernitiosissimus,
1178 1941 1355 2010 aeternam,
1373 1936 1426 2000 oni
1443 1936 1503 2000 soli
1519 1955 1595 2001 oum
1612 1936 1680 2000 filio
1697 1943 1731 2000 et
1746 1936 1863 2020 spiritu
1880 1943 1991 2002 saneto
2009 1935 2144 2002 debetur

159 2042 193 2088 se
215 2019 347 2086 tandem
369 2027 496 2086 suomet
523 2021 668 2102 ipsorum
689 2019 808 2086 indioio
830 2019 979 2103 prodant,
1008 2040 1046 2084 88
1067 2037 1127 2084 888
1177 2019 1284 2084 omnis
1300 2019 1374 2085 laus
1390 2027 1424 2084 et
1440 2020 1544 2104 gloria
1560 2022 1595 2085 in
1613 2039 1709 2086 omne
1726 2041 1853 2088 aevum.
1881 2024 1998 2087 Amen.
2026 2021 2143 2088 Matis-

160 2127 194 2173 se
226 2105 377 2190 iugulent
408 2103 658 2204 oonfodiantque
697 2104 818 2206 gladio..
868 2103 1031 2203 Dominus
1062 2105 1127 2202 ieta
1178 2105 1250 2170 eoni
1274 2109 1322 2170 19.
1345 2105 1497 2172 Deoemb.
1525 2109 1615 2170 1542.

159 2189 899 2360 tur,sttrrttttttttutt
920 2189 1041 2340 88
1054 2209 1127 2339 ιιι
1554 2225 1646 2292 a,
1666 2223 1865 2292 unove
2030 2226 2059 2312 ιι

159 2383 232 2428 moa
260 2361 317 2428 sed
344 2361 505 2445 evangelii
531 2383 630 2428 88888
657 2361 738 2426 heeo
765 2361 845 2438 dieo,
875 2371 908 2426 88
929 2359 1003 2426 odio
1024 2360 1126 2425 offen·
1177 2361 1271 2445 Rogo
1288 2359 1329 2426 ad
1347 2381 1400 2426 me
1416 2362 1547 2440 mittito,
1569 2382 1670 2444 quum
1687 2363 1755 2447 pri-

160 2447 267 2514 dienli.
311 2445 424 2530 Neque
443 2446 583 2512 arbitror
602 2467 656 2511 me
683 2447 744 2511 tibi
770 2447 849 2512 adeo
874 2447 1024 2530 ignotum
1046 2465 1126 2520 esse,
1177 2467 1268 2511 mom
1285 2446 1404 2522 lieebit,
1422 2446 1566 2529 diploma
1583 2447 1754 2517 literarum

161 2541 218 2598 aut
249 2532 322 2598 illos
354 2539 465 2598 tentae
497 2553 567 2598 esse
593 2529 680 2616 apud
707 2539 740 2596 te
762 2531 958 2608 autoritatis,
986 2537 1024 2594 nt
1047 2528 1127 2612 ipsis
1177 2551 1259 2613 quas
1291 2554 1310 2595 a
1342 2531 1495 2596 (78878788
1526 2552 1634 2615 nuper
1665 2555 1755 2601 8888-

160 2616 252 2684 188718
272 2617 370 2682 fidem
391 2616 519 2682 habeas.
1177 2617 1263 2699 pisti.
1299 2616 1501 2682 Tabellarius
1518 2617 1606 2681 enim
1623 2619 1755 2702 quidam

244 2702 370 2767 Verum
391 2701 444 2766 his
464 2702 591 2767 omissis
613 2709 646 2766 te
662 2707 791 2767 oratum
807 2699 916 2780 velim,
938 2719 1014 2764 eum
1034 2695 1127 2764 libel·
1177 2721 1233 2766 ees
1244 2700 1327 2766 mihi
1337 2700 1478 2782 perdidit
1487 2703 1523 2766 in
1533 2703 1596 2767 via
1614 2701 1757 2788 Insuper

160 2787 228 2853 lum
249 2787 479 2854 exoutiendum
508 2787 667 2870 suseipias
688 2807 746 2869 per
773 2786 884 2864 otium,
914 2805 1010 2869 quem
1032 2783 1072 2847 ad
1094 2789 1127 2848 te
1178 2785 1280 2851 soribe
1301 2785 1383 2850 mihi
1407 2793 1501 2850 tuam
1523 2785 1563 2851 de
1590 2787 1757 2870 signaculo

160 2874 268 2950 mitto,
301 2893 321 2938 8
348 2873 421 2940 viro
451 2872 581 2956 quidem
609 2873 701 2938 doato
729 2872 824 2938 iuxta
852 2891 889 2936 ao
919 2871 988 2953 pio,
1019 2869 1127 2952 Eligio
1177 2872 1282 2937 erneis
1314 2872 1508 2936 sententiam
1540 2879 1573 2936 et
1603 2869 1644 2935 ad
1676 2873 1755 2956 quid

169 2957 311 3042 Verqerio
324 2957 352 3042 ⁸)
373 2957 566 3024 Matisconio
587 2955 821 3041 ludimagistro,
851 2954 1014 3040 quondam
1035 2974 1127 3036 prae-
1178 2956 1256 3022 olim
1274 2955 1477 3034 conduxerit,
1494 2977 1583 3022 nune
1599 2977 1677 3022 voro
1694 2960 1755 3023 uti·

219 3051 291 3108 tore
301 3051 413 3108 nostro
428 3051 600 3108 oonsutum
617 3063 658 3106 ex
676 3041 759 3120 aliis,
777 3040 969 3124 praesertim
979 3039 1127 3116 Erasmo,
1177 3041 1252 3106 lene
1268 3043 1312 3108 sit
1332 3061 1374 3108 an
1392 3039 1482 3106 non?
1506 3040 1663 3125 siquidem
1679 3062 1754 3125 pro-

162 3063 219 3194 3
246 3127 405 3194 88888118
433 3128 652 3194 eontinentem
679 3147 762 3210 qnae
789 3125 872 3190 mihi
894 3147 913 3190 a
934 3145 1013 3190 vero
1034 3123 1128 3188 dissi·
1179 3128 1277 3193 rimis
1295 3127 1408 3194 diebus
1423 3126 1510 3192 inter
1526 3127 1608 3192 dnos
1625 3134 1698 3192 orta
1715 3125 1755 3193 de

163 3212 249 3292 dent,
268 3233 350 3296 quae
368 3215 551 3298 aegyptiam
568 3214 829 3296 superstitionem
845 3211 1015 3292 resipiant.
1046 3209 1128 3274 Pro-
1179 3212 1241 3278 hoo
1282 3213 1420 3299 litigatio
1463 3211 1569 3279 adhue
1607 3219 1657 3279 ast
1693 3211 1754 3278 snb

163 3299 239 3366 inde
261 3319 299 3365 eo
322 3299 475 3382 opueoulo
503 3297 615 3364 sedulo
636 3296 816 3364 evolvendo
837 3296 972 3362 seorsim
993 3301 1129 3359 annota-
1178 3297 1291 3365 indite.

163 3385 212 3450 bis
240 3385 277 3449 in
302 3383 418 3450 eharta
445 3389 553 3448 errata
578 3383 624 3448 ibi
652 3379 879 3448 animadversa
906 3400 989 3464 qnae
1016 3387 1130 3464 postea

164 3471 291 3536 surabis
312 3469 406 3534 nobis
426 3467 625 3551 perferenda
661 3466 835 3534 Caeterum
857 3466 1023 3531 hominem
1044 3473 1129 3530 8888-

165 3555 249 3621 tabis
280 3565 336 3619 tuo
367 3575 471 3633 more,
504 3553 566 3618 hoo
594 3561 653 3630 eet,
685 3573 744 3636 per
775 3553 960 3631 ueritatem,
993 3547 1129 3617 eandida

165 3639 283 3706 leniter
310 3659 348 3706 ao
369 3645 551 3714 mansuete,
580 3638 734 3721 omnique
761 3637 907 3704 eonvioio
936 3634 1048 3718 prooul
1077 3655 1129 3699 re-

164 3733 261 3790 moto.
304 3725 445 3802 Etenim,
473 3731 512 3788 ut
539 3723 671 3788 interim
698 3731 823 3788 taeeam
849 3721 1038 3787 uenalium
1059 3740 1130 3784 esse
1624 3739 1698 3811 4410

167 3811 221 3894 qni
253 3809 378 3876 18178788
407 3819 441 3874 te
473 3827 540 3872 nno
570 3829 641 3872 rem
671 3806 775 3886 obeat,
807 3814 966 3890 qnantum
994 3803 1129 3881 eonfido,

167 3895 312 3980 aequiori
340 3895 448 3960 animo
474 3894 557 3958 feret
586 3891 643 3958 abs
671 3901 704 3957 te
730 3913 766 3958 88
788 3891 955 3957 admoneri
976 3898 1008 3956 et
1027 3890 1130 3973 argui,
1374 3875 1706 3945 BULHNGERUS
1728 3873 1950 3942 VADIANO·

169 4002 268 4064 quum
289 3987 321 4044 te
341 3980 448 4064 magis
467 3979 631 4062 suspitiat,
652 3977 750 4060 idque
766 3977 892 4057 merito,
913 3997 1011 4059 quum
1032 3997 1053 4039 a
1073 3995 1131 4039 no-
1356 4052 1362 4064 ,
1862 4047 1868 4060 Ι
2137 4045 2144 4059 0

168 4065 226 4146 bis,
249 4067 342 4132 euius
363 4064 486 4130 fendae
506 4085 640 4129 manum
662 4063 885 4128 subduximus.
1268 4049 1419 4150 Paeane
1432 4053 1575 4148 smel
1603 4047 1756 4147 110707ῐῆ71
1784 4067 1911 4146 ”Omina
1935 4051 1963 4110 fl
1992 4045 2062 4128 Μ’
2088 4065 2144 4128 7111

253 4151 305 4216 De
336 4150 434 4216 rebus
465 4150 596 4227 nostris,
628 4155 661 4213 et
689 4149 717 4214 87
744 4147 823 4232 qnid
850 4147 903 4213 hie
931 4147 1001 4224 8788,
1034 4144 1132 4210 188788
1182 4153 1282 4235 nupt?
1298 4135 1333 4202 07
1349 4137 1526 4235 861191(ζῆ9171
1536 4137 1651 4232 Palm
1665 4133 1771 4231 (le
1790 4131 1937 4197 runem
1953 4129 2144 4229 “mh

170 4233 271 4303 dhaes
291 4256 311 4300 8
330 4245 440 4301 nostro
461 4233 523 4300 hoe
544 4233 719 4300 tabellario.
753 4233 847 4300 Uxor
867 4252 949 4310 mea,
971 4251 1037 4296 888
1058 4249 1132 4294 oum
1185 4219 1345 4320 darona,
1383 4221 1506 4320 odies,
1548 4219 1691 4316 1707777111
1722 4223 1773 4283 01⁶·
1819 4216 1899 4282 Ilm
1928 4220 2038 4280 ”wal
2068 4217 2144 4298 tl¹⁴¹d

169 4330 236 4387 tota
257 4319 379 4386 familia
399 4341 458 4404 per
479 4319 624 4386 divinam
645 4319 880 4402 benignitatem
901 4325 988 4383 reete
1010 4314 1131 4393 valens,
1186 4305 1322 4392 Opertae
1343 4307 1487 4374 88887887
1501 4309 1629 4386 propter
1649 4321 1833 4386 rmpreaaam
1853 4301 2051 4366 Alemonam.

170 4415 200 4472 te
227 4415 261 4472 et
285 4416 387 4486 tuam,
417 4406 514 4471 amioi
535 4413 567 4470 te
588 4404 742 4470 salutant.
785 4402 975 4470 Seeundum
994 4419 1131 4466 uxorem
1600 4474 1606 4488 Ι
1963 4469 1969 4482 .

171 4501 268 4571 tuam,
298 4492 350 4556 oui
371 4491 481 4556 omnia
501 4491 586 4556 bona
606 4510 726 4572 preeor,
755 4489 846 4555 ouius
874 4487 1132 4553 incolumitatem
1184 4479 1240 4544 (Ex
1258 4494 1310 4548 ⁸v0
1358 4475 1412 4598 ῗδῡ
1425 4470 1771 4530 inhumanaretur
1789 4467 1920 4540 V⁰¹·¹⁷¹‚
1934 4469 2005 4522 ⁰¹¹m·
2022 4467 2055 4524 D·
2072 4469 2143 4540 Eva·

172 4585 339 4660 tantopere
366 4577 453 4654 sitio,
483 4575 608 4641 salvere
635 4575 760 4642 iubebis
788 4595 860 4638 meo
887 4572 1017 4636 nomine
1038 4571 1132 4636 illum
1182 4549 1213 4602 Τ·
1231 4547 1265 4614 Π*
1288 4547 1335 4600 s⁰·
1377 4543 1409 4598 ¹⁹
1427 4542 1661 4679 ffigissufflffl
1670 4537 1909 4678 ,717137ἐὲωῶἓῖ
1929 4543 2034 4592 tantum
2056 4543 2143 4592 ω’

172 4663 328 4744 optimum
354 4661 462 4726 virum
483 4682 503 4726 a
528 4659 619 4725 vobis
645 4681 750 4744 nuper
769 4667 945 4741 receptum,
972 4657 1051 4721 item
1072 4655 1133 4722 Se-
1249 4721 1255 4732 ,

172 4747 356 4814 bestiarum
376 4744 591 4824 Gaetulioaeta,
603 4747 633 4828 ⁴)
654 4743 898 4826 (7788888788
915 4751 974 4808 ete.
1003 4740 1133 4806 Vestris

1561 3557 1761 3566 ψ*

272 4917 301 4980 3)
323 4913 444 4984 Vrrperl
463 4913 639 4982 1788887887
656 4913 700 4967 De
712 4914 791 4968 88788
808 4913 886 4979 labro,
906 4909 1135 4980 qtoemtbeoloqiea'
1286 4904 1315 4983 5)
1333 4901 1525 4982 8778888ρρ888
1543 4897 1647 4952 medion
1663 4902 1688 4950 et
1704 4895 1979 4976 888878888888887
1995 4894 2042 4949 Lo
2060 4893 2143 4974 Greia

173 4985 323 5068 arqtesaeatr'
339 4984 426 5066 [uiam
443 4984 624 5052 metiremur,
647 4982 717 5036 88787
734 4983 800 5036 certi
822 4982 960 5047 88888888,
985 4993 1071 5046 88888
1096 4994 1134 5032 88
1184 4973 1224 5027 du
1249 4965 1731 5093 118888ὼᾶΨὲΜᾶ
1729 4964 1891 5096 margar&
1893 4964 1974 5101 tm
1976 4963 2143 5085 ,g'ffl’

172 5053 258 5109 lm
271 5055 625 5190 walmopuloraa
642 5134 676 5173 88
697 5119 787 5173 eodem
809 5120 938 5173 eemitntu
961 5117 1004 5186 (lo
1021 5115 1134 5182 Brome)
1185 5041 1462 5188 defflbioseoele,
1481 5106 1587 5159 Relatio
1604 5073 1806 5184 praeobtenme
1822 5109 1850 5156 et
1867 5101 2000 5156 enrendae
2017 5101 2144 5170 88887188-

171 5191 325 5247 ort'tmdam.
1186 5181 1247 5246 tiae,
1265 5179 1306 5232 De
1323 5193 1420 5232 eonero
1437 5191 1546 5242 ermque
1564 5179 1660 5228 natura
1677 5181 1706 5226 et
1722 5173 1880 5238 erratione.)
