<?xml version="1.0" encoding="UTF-8"?>
<!DOCTYPE html PUBLIC "-//W3C//DTD XHTML 1.0 Transitional//EN"
    "http://www.w3.org/TR/xhtml1/DTD/xhtml1-transitional.dtd">
<html xmlns="http://www.w3.org/1999/xhtml" xml:lang="en" lang="en">
 <head>
  <title>
</title>
<meta http-equiv="Content-Type" content="text/html;charset=utf-8" />
  <meta name='ocr-system' content='tesseract 3.04.00' />
  <meta name='ocr-capabilities' content='ocr_page ocr_carea ocr_par ocr_line ocrx_word'/>
</head>
<body>
  <div class='ocr_page' id='page_1' title='image "./ioanniscalvinio04reusgoog_0030.png"; bbox 0 0 4942 5982; ppageno 0'>
   <div class='ocr_carea' id='block_1_1' title="bbox 213 315 2216 392">
    <p class='ocr_par' dir='ltr' id='par_1_1' title="bbox 213 315 2216 392">
     <span class='ocr_line' id='line_1_1' title="bbox 213 315 2216 392; baseline -0.003 -7"><span class='ocrx_word' id='word_1_1' title='bbox 213 323 254 385; x_wconf 81' lang='grc'><strong>33</strong></span> <span class='ocrx_word' id='word_1_2' title='bbox 1089 319 1170 382; x_wconf 76' lang='lat'>1540</span> <span class='ocrx_word' id='word_1_3' title='bbox 1192 315 1345 382; x_wconf 82' lang='lat' dir='ltr'><strong>APRIL.</strong></span> <span class='ocrx_word' id='word_1_4' title='bbox 2172 325 2216 392; x_wconf 71' lang='lat'><strong>34</strong></span> 
     </span>
    </p>
   </div>
   <div class='ocr_carea' id='block_1_2' title="bbox 208 504 2234 3072">
    <p class='ocr_par' dir='ltr' id='par_1_2' title="bbox 209 504 2234 2047">
     <span class='ocr_line' id='line_1_2' title="bbox 211 504 2218 598; baseline 0.001 -22"><span class='ocrx_word' id='word_1_5' title='bbox 211 507 364 576; x_wconf 75' lang='lat' dir='ltr'><strong>Sedenim</strong></span> <span class='ocrx_word' id='word_1_6' title='bbox 393 513 530 574; x_wconf 80' lang='lat' dir='ltr'><strong>exustus</strong></span> <span class='ocrx_word' id='word_1_7' title='bbox 558 506 627 572; x_wconf 85' lang='lat' dir='ltr'><strong>fuit</strong></span> <span class='ocrx_word' id='word_1_8' title='bbox 679 505 771 572; x_wconf 89' lang='lat' dir='ltr'><strong>Haeo</strong></span> <span class='ocrx_word' id='word_1_9' title='bbox 799 507 910 572; x_wconf 86' lang='lat' dir='ltr'><strong>omniu</strong></span> <span class='ocrx_word' id='word_1_10' title='bbox 932 505 1075 572; x_wconf 89' lang='lat' dir='ltr'><strong>Domino</strong></span> <span class='ocrx_word' id='word_1_11' title='bbox 1097 524 1186 570; x_wconf 92' lang='lat' dir='ltr'><strong>oom-</strong></span> <span class='ocrx_word' id='word_1_12' title='bbox 1237 512 1340 570; x_wconf 89' lang='lat' dir='ltr'><strong>staret</strong></span> <span class='ocrx_word' id='word_1_13' title='bbox 1360 504 1449 572; x_wconf 90' lang='lat' dir='ltr'><strong>inter</strong></span> <span class='ocrx_word' id='word_1_14' title='bbox 1470 528 1533 584; x_wconf 89' lang='lat' dir='ltr'><strong>eos,</strong></span> <span class='ocrx_word' id='word_1_15' title='bbox 1552 507 1634 572; x_wconf 91' lang='lat' dir='ltr'><strong>mihi</strong></span> <span class='ocrx_word' id='word_1_16' title='bbox 1655 515 1742 575; x_wconf 89' lang='lat' dir='ltr'><strong>esset</strong></span> <span class='ocrx_word' id='word_1_17' title='bbox 1762 509 1887 576; x_wconf 85' lang='lat' dir='ltr'><strong>solatio.</strong></span> <span class='ocrx_word' id='word_1_18' title='bbox 1932 509 2000 576; x_wconf 82' lang='lat' dir='ltr'><strong>Sed</strong></span> <span class='ocrx_word' id='word_1_19' title='bbox 2018 512 2119 594; x_wconf 88' lang='lat' dir='ltr'><strong>qu&#39;um</strong></span> <span class='ocrx_word' id='word_1_20' title='bbox 2136 535 2218 598; x_wconf 87' lang='lat' dir='ltr'><strong>peo-</strong></span> 
     </span>
     <span class='ocr_line' id='line_1_3' title="bbox 211 591 2214 678; baseline 0.002 -18"><span class='ocrx_word' id='word_1_21' title='bbox 211 593 375 660; x_wconf 86' lang='lat' dir='ltr'><strong>mittenda</strong></span> <span class='ocrx_word' id='word_1_22' title='bbox 393 602 485 670; x_wconf 93' lang='lat' dir='ltr'><strong>sunt,</strong></span> <span class='ocrx_word' id='word_1_23' title='bbox 513 613 611 674; x_wconf 88' lang='lat' dir='ltr'><strong>quem</strong></span> <span class='ocrx_word' id='word_1_24' title='bbox 637 591 795 658; x_wconf 77' lang='lat' dir='ltr'>debemus</span> <span class='ocrx_word' id='word_1_25' title='bbox 821 592 946 674; x_wconf 85' lang='lat' dir='ltr'><strong>procori</strong></span> <span class='ocrx_word' id='word_1_26' title='bbox 974 613 1016 656; x_wconf 94' lang='lat' dir='ltr'><strong>ne</strong></span> <span class='ocrx_word' id='word_1_27' title='bbox 1043 592 1187 674; x_wconf 89' lang='lat' dir='ltr'><strong>patiatur</strong></span> <span class='ocrx_word' id='word_1_28' title='bbox 1237 597 1310 657; x_wconf 87' lang='lat' dir='ltr'><strong>cata</strong></span> <span class='ocrx_word' id='word_1_29' title='bbox 1331 611 1391 658; x_wconf 92' lang='lat' dir='ltr'><strong>nee</strong></span> <span class='ocrx_word' id='word_1_30' title='bbox 1414 605 1646 678; x_wconf 85' lang='lat' dir='ltr'><strong>agnoscuntur,</strong></span> <span class='ocrx_word' id='word_1_31' title='bbox 1668 615 1728 660; x_wconf 91' lang='lat' dir='ltr'><strong>nec</strong></span> <span class='ocrx_word' id='word_1_32' title='bbox 1750 594 1931 678; x_wconf 81' lang='lat' dir='ltr'><strong>displicent,</strong></span> <span class='ocrx_word' id='word_1_33' title='bbox 1955 597 2048 663; x_wconf 89' lang='lat' dir='ltr'><strong>Deus</strong></span> <span class='ocrx_word' id='word_1_34' title='bbox 2069 619 2137 664; x_wconf 91' lang='lat' dir='ltr'><strong>non</strong></span> <span class='ocrx_word' id='word_1_35' title='bbox 2159 601 2214 664; x_wconf 92' lang='lat' dir='ltr'><strong>in·</strong></span> 
     </span>
     <span class='ocr_line' id='line_1_4' title="bbox 210 675 2211 765; baseline 0.001 -18"><span class='ocrx_word' id='word_1_36' title='bbox 210 679 529 764; x_wconf 83' lang='lat' dir='ltr'><strong>Gelliamsanguine</strong></span> <span class='ocrx_word' id='word_1_37' title='bbox 549 678 773 742; x_wconf 89' lang='lat' dir='ltr'><strong>innocentium</strong></span> <span class='ocrx_word' id='word_1_38' title='bbox 791 677 1009 761; x_wconf 89' lang='lat' dir='ltr'><strong>conspurcari,</strong></span> <span class='ocrx_word' id='word_1_39' title='bbox 1032 675 1090 742; x_wconf 89' lang='lat' dir='ltr'><strong>sed</strong></span> <span class='ocrx_word' id='word_1_40' title='bbox 1111 697 1186 760; x_wconf 91' lang='lat' dir='ltr'><strong>pro-</strong></span> <span class='ocrx_word' id='word_1_41' title='bbox 1239 685 1382 755; x_wconf 88' lang='lat' dir='ltr'><strong>vooetur,</strong></span> <span class='ocrx_word' id='word_1_42' title='bbox 1406 681 1514 744; x_wconf 92' lang='lat' dir='ltr'><strong>nescio</strong></span> <span class='ocrx_word' id='word_1_43' title='bbox 1536 679 1614 761; x_wconf 89' lang='lat' dir='ltr'><strong>quid</strong></span> <span class='ocrx_word' id='word_1_44' title='bbox 1635 699 1767 764; x_wconf 87' lang='lat' dir='ltr'><strong>sperare</strong></span> <span class='ocrx_word' id='word_1_45' title='bbox 1790 680 1933 746; x_wconf 81' lang='lat' dir='ltr'><strong>debeam.</strong></span> <span class='ocrx_word' id='word_1_46' title='bbox 1978 683 2145 765; x_wconf 78' lang='lat' dir='ltr'>Propitius</span> <span class='ocrx_word' id='word_1_47' title='bbox 2163 686 2211 750; x_wconf 91' lang='lat' dir='ltr'><strong>sit</strong></span> 
     </span>
     <span class='ocr_line' id='line_1_5' title="bbox 209 763 2211 852; baseline 0.003 -22"><span class='ocrx_word' id='word_1_48' title='bbox 209 766 314 850; x_wconf 87' lang='lat' dir='ltr'><strong>pitius</strong></span> <span class='ocrx_word' id='word_1_49' title='bbox 334 763 391 830; x_wconf 91' lang='lat' dir='ltr'><strong>det</strong></span> <span class='ocrx_word' id='word_1_50' title='bbox 411 772 450 828; x_wconf 94' lang='lat' dir='ltr'><strong>ut</strong></span> <span class='ocrx_word' id='word_1_51' title='bbox 476 763 587 848; x_wconf 90' lang='lat' dir='ltr'><strong>agnita</strong></span> <span class='ocrx_word' id='word_1_52' title='bbox 613 764 753 829; x_wconf 78' lang='lat' dir='ltr'><strong>veritate</strong></span> <span class='ocrx_word' id='word_1_53' title='bbox 781 763 893 828; x_wconf 89' lang='lat' dir='ltr'><strong>foveat</strong></span> <span class='ocrx_word' id='word_1_54' title='bbox 920 783 1003 846; x_wconf 86' lang='lat' dir='ltr'><strong>quoe</strong></span> <span class='ocrx_word' id='word_1_55' title='bbox 1031 773 1110 828; x_wconf 93' lang='lat' dir='ltr'><strong>sunt</strong></span> <span class='ocrx_word' id='word_1_56' title='bbox 1138 763 1185 827; x_wconf 93' lang='lat' dir='ltr'><strong>fo·</strong></span> <span class='ocrx_word' id='word_1_57' title='bbox 1236 763 1387 830; x_wconf 89' lang='lat' dir='ltr'><strong>omnibus</strong></span> <span class='ocrx_word' id='word_1_58' title='bbox 1419 765 1568 830; x_wconf 88' lang='lat' dir='ltr'><strong>coelestis</strong></span> <span class='ocrx_word' id='word_1_59' title='bbox 1599 775 1702 849; x_wconf 90' lang='lat' dir='ltr'><strong>pater.</strong></span> <span class='ocrx_word' id='word_1_60' title='bbox 1753 766 1837 832; x_wconf 87' lang='lat' dir='ltr'><strong>Vale</strong></span> <span class='ocrx_word' id='word_1_61' title='bbox 1870 787 1908 831; x_wconf 92' lang='lat' dir='ltr'><strong>ac</strong></span> <span class='ocrx_word' id='word_1_62' title='bbox 1934 765 2115 833; x_wconf 92' lang='lat' dir='ltr'><strong>Dominum</strong></span> <span class='ocrx_word' id='word_1_63' title='bbox 2149 791 2211 852; x_wconf 90' lang='lat' dir='ltr'><strong>pro</strong></span> 
     </span>
     <span class='ocr_line' id='line_1_6' title="bbox 210 846 2210 934; baseline 0.002 -17"><span class='ocrx_word' id='word_1_64' title='bbox 210 851 329 918; x_wconf 83' lang='lat' dir='ltr'><strong>venda</strong></span> <span class='ocrx_word' id='word_1_65' title='bbox 374 849 510 916; x_wconf 83' lang='lat' dir='ltr'><strong>Dudum</strong></span> <span class='ocrx_word' id='word_1_66' title='bbox 538 848 701 916; x_wconf 73' lang='lat' dir='ltr'><strong>misissem</strong></span> <span class='ocrx_word' id='word_1_67' title='bbox 731 848 843 914; x_wconf 89' lang='lat' dir='ltr'><strong>literas</strong></span> <span class='ocrx_word' id='word_1_68' title='bbox 872 847 1084 929; x_wconf 67' lang='lat' dir='ltr'><strong>Glirbtopbori</strong></span> <span class='ocrx_word' id='word_1_69' title='bbox 1111 867 1185 912; x_wconf 90' lang='lat' dir='ltr'><strong>oum</strong></span> <span class='ocrx_word' id='word_1_70' title='bbox 1237 846 1330 912; x_wconf 90' lang='lat' dir='ltr'><strong>nobis</strong></span> <span class='ocrx_word' id='word_1_71' title='bbox 1352 869 1494 932; x_wconf 91' lang='lat' dir='ltr'><strong>precare.</strong></span> <span class='ocrx_word' id='word_1_72' title='bbox 1540 849 1656 916; x_wconf 79' lang='lat' dir='ltr'><strong>Saluta</strong></span> <span class='ocrx_word' id='word_1_73' title='bbox 1678 872 1806 930; x_wconf 91' lang='lat' dir='ltr'><strong>omnes,</strong></span> <span class='ocrx_word' id='word_1_74' title='bbox 1837 851 2024 934; x_wconf 64' lang='lat' dir='ltr'><strong>Oopilom</strong></span> <span class='ocrx_word' id='word_1_75' title='bbox 2047 853 2210 921; x_wconf 73' lang='lat' dir='ltr'><strong>Boeotum</strong></span> 
     </span>
     <span class='ocr_line' id='line_1_7' title="bbox 210 931 2209 1021; baseline 0.001 -18"><span class='ocrx_word' id='word_1_76' title='bbox 210 939 254 1003; x_wconf 90' lang='lat' dir='ltr'><strong>iis</strong></span> <span class='ocrx_word' id='word_1_77' title='bbox 276 955 359 1021; x_wconf 90' lang='lat' dir='ltr'><strong>quae</strong></span> <span class='ocrx_word' id='word_1_78' title='bbox 380 956 448 1000; x_wconf 89' lang='lat' dir='ltr'><strong>una</strong></span> <span class='ocrx_word' id='word_1_79' title='bbox 469 936 571 1011; x_wconf 81' lang='lat' dir='ltr'><strong>misit,</strong></span> <span class='ocrx_word' id='word_1_80' title='bbox 600 933 657 1000; x_wconf 91' lang='lat' dir='ltr'><strong>sed</strong></span> <span class='ocrx_word' id='word_1_81' title='bbox 686 933 823 1000; x_wconf 89' lang='lat' dir='ltr'><strong>verebar</strong></span> <span class='ocrx_word' id='word_1_82' title='bbox 849 955 891 998; x_wconf 92' lang='lat' dir='ltr'><strong>ne</strong></span> <span class='ocrx_word' id='word_1_83' title='bbox 920 955 987 1000; x_wconf 92' lang='lat' dir='ltr'><strong>non</strong></span> <span class='ocrx_word' id='word_1_84' title='bbox 1009 932 1185 999; x_wconf 90' lang='lat' dir='ltr'><strong>reddercn·</strong></span> <span class='ocrx_word' id='word_1_85' title='bbox 1236 934 1264 998; x_wconf 90' lang='lat' dir='ltr'><strong>si</strong></span> <span class='ocrx_word' id='word_1_86' title='bbox 1282 931 1424 1010; x_wconf 88' lang='lat' dir='ltr'><strong>redierit,</strong></span> <span class='ocrx_word' id='word_1_87' title='bbox 1446 935 1628 1016; x_wconf 81' lang='lat' dir='ltr'><strong>Sturmium,</strong></span> <span class='ocrx_word' id='word_1_88' title='bbox 1648 937 1828 1018; x_wconf 83' lang='lat' dir='ltr'><strong>Bedrotum,</strong></span> <span class='ocrx_word' id='word_1_89' title='bbox 1853 935 2030 1017; x_wconf 75' lang='lat' dir='ltr'><strong>Claudium,</strong></span> <span class='ocrx_word' id='word_1_90' title='bbox 2051 939 2209 1020; x_wconf 78' lang='lat' dir='ltr'><strong>Iacobum,</strong></span> 
     </span>
     <span class='ocr_line' id='line_1_8' title="bbox 212 1018 2209 1108; baseline 0.002 -20"><span class='ocrx_word' id='word_1_91' title='bbox 212 1031 283 1088; x_wconf 90' lang='lat' dir='ltr'><strong>tur:</strong></span> <span class='ocrx_word' id='word_1_92' title='bbox 311 1031 480 1105; x_wconf 85' lang='lat' dir='ltr'><strong>praetereo</strong></span> <span class='ocrx_word' id='word_1_93' title='bbox 507 1021 578 1102; x_wconf 89' lang='lat' dir='ltr'><strong>ipse</strong></span> <span class='ocrx_word' id='word_1_94' title='bbox 607 1020 693 1085; x_wconf 88' lang='lat' dir='ltr'><strong>ferre</strong></span> <span class='ocrx_word' id='word_1_95' title='bbox 713 1019 930 1088; x_wconf 89' lang='lat' dir='ltr'><strong>decreveram.</strong></span> <span class='ocrx_word' id='word_1_96' title='bbox 975 1018 1102 1084; x_wconf 86' lang='lat' dir='ltr'><strong>Verum</strong></span> <span class='ocrx_word' id='word_1_97' title='bbox 1124 1019 1184 1084; x_wconf 87' lang='lat' dir='ltr'><strong>hos</strong></span> <span class='ocrx_word' id='word_1_98' title='bbox 1236 1039 1278 1082; x_wconf 93' lang='lat' dir='ltr'><strong>ne</strong></span> <span class='ocrx_word' id='word_1_99' title='bbox 1306 1021 1442 1086; x_wconf 89' lang='lat' dir='ltr'><strong>fratrem</strong></span> <span class='ocrx_word' id='word_1_100' title='bbox 1468 1031 1564 1086; x_wconf 90' lang='lat' dir='ltr'><strong>tuum</strong></span> <span class='ocrx_word' id='word_1_101' title='bbox 1591 1031 1803 1104; x_wconf 79' lang='lat' dir='ltr'><strong>praeteream.</strong></span> <span class='ocrx_word' id='word_1_102' title='bbox 1855 1023 1962 1089; x_wconf 85' lang='lat' dir='ltr'><strong>Valde</strong></span> <span class='ocrx_word' id='word_1_103' title='bbox 1990 1025 2096 1106; x_wconf 84' lang='lat' dir='ltr'><strong>placet</strong></span> <span class='ocrx_word' id='word_1_104' title='bbox 2122 1025 2209 1108; x_wconf 91' lang='lat' dir='ltr'><strong>quod</strong></span> 
     </span>
     <span class='ocr_line' id='line_1_9' title="bbox 211 1104 2209 1194; baseline 0 -18"><span class='ocrx_word' id='word_1_105' title='bbox 211 1116 345 1185; x_wconf 80' lang='lat' dir='ltr'><strong>noetus,</strong></span> <span class='ocrx_word' id='word_1_106' title='bbox 377 1108 457 1190; x_wconf 88' lang='lat' dir='ltr'><strong>ipsis</strong></span> <span class='ocrx_word' id='word_1_107' title='bbox 489 1104 621 1172; x_wconf 88' lang='lat' dir='ltr'><strong>credidi.</strong></span> <span class='ocrx_word' id='word_1_108' title='bbox 683 1107 734 1170; x_wconf 72' lang='lat' dir='ltr'><strong>Tu</strong></span> <span class='ocrx_word' id='word_1_109' title='bbox 767 1107 795 1170; x_wconf 90' lang='lat' dir='ltr'><strong>si</strong></span> <span class='ocrx_word' id='word_1_110' title='bbox 827 1105 993 1187; x_wconf 77' lang='lat' dir='ltr'><strong>exceperis</strong></span> <span class='ocrx_word' id='word_1_111' title='bbox 1025 1106 1182 1186; x_wconf 86' lang='lat' dir='ltr'><strong>significo.</strong></span> <span class='ocrx_word' id='word_1_112' title='bbox 1236 1104 1412 1188; x_wconf 80' lang='lat' dir='ltr'><strong>&#39;ligurinos</strong></span> <span class='ocrx_word' id='word_1_113' title='bbox 1434 1106 1537 1173; x_wconf 89' lang='lat' dir='ltr'><strong>literis</strong></span> <span class='ocrx_word' id='word_1_114' title='bbox 1560 1111 1728 1174; x_wconf 89' lang='lat' dir='ltr'><strong>convenis:</strong></span> <span class='ocrx_word' id='word_1_115' title='bbox 1759 1129 1873 1194; x_wconf 85' lang='lat' dir='ltr'><strong>perge,</strong></span> <span class='ocrx_word' id='word_1_116' title='bbox 1902 1130 2029 1192; x_wconf 85' lang='lat' dir='ltr'><strong>quaeso.</strong></span> <span class='ocrx_word' id='word_1_117' title='bbox 2082 1109 2209 1177; x_wconf 87' lang='lat' dir='ltr'><strong>Omnes</strong></span> 
     </span>
     <span class='ocr_line' id='line_1_10' title="bbox 209 1189 2234 1278; baseline 0 -18"><span class='ocrx_word' id='word_1_118' title='bbox 209 1194 332 1262; x_wconf 88' lang='lat' dir='ltr'><strong>Plures</strong></span> <span class='ocrx_word' id='word_1_119' title='bbox 354 1191 429 1256; x_wconf 91' lang='lat' dir='ltr'><strong>dedi</strong></span> <span class='ocrx_word' id='word_1_120' title='bbox 456 1193 498 1256; x_wconf 90' lang='lat' dir='ltr'><strong>ad</strong></span> <span class='ocrx_word' id='word_1_121' title='bbox 528 1201 560 1256; x_wconf 91' lang='lat' dir='ltr'><strong>te</strong></span> <span class='ocrx_word' id='word_1_122' title='bbox 589 1192 716 1268; x_wconf 88' lang='lat' dir='ltr'><strong>literas,</strong></span> <span class='ocrx_word' id='word_1_123' title='bbox 748 1191 805 1257; x_wconf 94' lang='lat' dir='ltr'><strong>scd</strong></span> <span class='ocrx_word' id='word_1_124' title='bbox 827 1193 862 1256; x_wconf 88' lang='lat' dir='ltr'><strong>in</strong></span> <span class='ocrx_word' id='word_1_125' title='bbox 884 1193 949 1256; x_wconf 92' lang='lat' dir='ltr'><strong>tuis</strong></span> <span class='ocrx_word' id='word_1_126' title='bbox 971 1211 1036 1256; x_wconf 90' lang='lat' dir='ltr'><strong>non</strong></span> <span class='ocrx_word' id='word_1_127' title='bbox 1058 1189 1184 1256; x_wconf 85' lang='lat' dir='ltr'><strong>indicas</strong></span> <span class='ocrx_word' id='word_1_128' title='bbox 1236 1190 1365 1255; x_wconf 89' lang='lat' dir='ltr'><strong>salvum</strong></span> <span class='ocrx_word' id='word_1_129' title='bbox 1387 1199 1420 1258; x_wconf 93' lang='lat' dir='ltr'><strong>te</strong></span> <span class='ocrx_word' id='word_1_130' title='bbox 1441 1213 1512 1258; x_wconf 89' lang='lat' dir='ltr'><strong>esse</strong></span> <span class='ocrx_word' id='word_1_131' title='bbox 1534 1195 1678 1276; x_wconf 84' lang='lat' dir='ltr'><strong>cupiunt</strong></span> <span class='ocrx_word' id='word_1_132' title='bbox 1710 1193 1874 1272; x_wconf 88' lang='lat' dir='ltr'><strong>Neocomi,</strong></span> <span class='ocrx_word' id='word_1_133' title='bbox 1901 1199 1948 1260; x_wconf 88' lang='grc'><strong>16.</strong></span> <span class='ocrx_word' id='word_1_134' title='bbox 1968 1196 2094 1278; x_wconf 86' lang='lat' dir='ltr'><strong>Aprilis</strong></span> <span class='ocrx_word' id='word_1_135' title='bbox 2116 1201 2234 1262; x_wconf 76' lang='lat'><strong>1540.-</strong></span> 
     </span>
     <span class='ocr_line' id='line_1_11' title="bbox 211 1275 2209 1362; baseline 0.002 -17"><span class='ocrx_word' id='word_1_136' title='bbox 211 1301 257 1345; x_wconf 88' lang='lat' dir='ltr'><strong>an</strong></span> <span class='ocrx_word' id='word_1_137' title='bbox 270 1280 444 1362; x_wconf 80' lang='lat' dir='ltr'><strong>exceperis.</strong></span> <span class='ocrx_word' id='word_1_138' title='bbox 475 1277 601 1343; x_wconf 65' lang='lat' dir='ltr'><strong>&#39;Varius</strong></span> <span class='ocrx_word' id='word_1_139' title='bbox 618 1298 745 1360; x_wconf 91' lang='lat' dir='ltr'><strong>quoque</strong></span> <span class='ocrx_word' id='word_1_140' title='bbox 763 1277 876 1342; x_wconf 85' lang='lat' dir='ltr'><strong>referri</strong></span> <span class='ocrx_word' id='word_1_141' title='bbox 886 1285 1028 1358; x_wconf 85' lang='lat' dir='ltr'><strong>cuperet,</strong></span> <span class='ocrx_word' id='word_1_142' title='bbox 1052 1287 1089 1340; x_wconf 91' lang='lat' dir='ltr'><strong>ut</strong></span> <span class='ocrx_word' id='word_1_143' title='bbox 1107 1297 1184 1342; x_wconf 90' lang='lat' dir='ltr'><strong>suae</strong></span> <span class='ocrx_word' id='word_1_144' title='bbox 1328 1275 1452 1344; x_wconf 79' lang='lat' dir='ltr'><strong>Viridis</strong></span> <span class='ocrx_word' id='word_1_145' title='bbox 1474 1277 1593 1344; x_wconf 91' lang='lat' dir='ltr'><strong>nebulo</strong></span> <span class='ocrx_word' id='word_1_146' title='bbox 1621 1278 1859 1362; x_wconf 78' lang='lat' dir='ltr'><strong>perditissimus</strong></span> <span class='ocrx_word' id='word_1_147' title='bbox 1888 1281 1970 1346; x_wconf 90' lang='lat' dir='ltr'><strong>mire</strong></span> <span class='ocrx_word' id='word_1_148' title='bbox 1996 1281 2134 1347; x_wconf 87' lang='lat' dir='ltr'><strong>offendit</strong></span> <span class='ocrx_word' id='word_1_149' title='bbox 2155 1303 2209 1348; x_wconf 88' lang='lat' dir='ltr'><strong>eo-</strong></span> 
     </span>
     <span class='ocr_line' id='line_1_12' title="bbox 211 1360 2210 1447; baseline 0.001 -17"><span class='ocrx_word' id='word_1_150' title='bbox 211 1367 336 1431; x_wconf 89' lang='lat' dir='ltr'><strong>fuerint</strong></span> <span class='ocrx_word' id='word_1_151' title='bbox 361 1375 516 1447; x_wconf 84' lang='lat' dir='ltr'><strong>exceptae</strong></span> <span class='ocrx_word' id='word_1_152' title='bbox 546 1386 566 1428; x_wconf 92' lang='lat' dir='ltr'><strong>a</strong></span> <span class='ocrx_word' id='word_1_153' title='bbox 595 1361 751 1443; x_wconf 79' lang='lat' dir='ltr'><strong>Capitone.</strong></span> <span class='ocrx_word' id='word_1_154' title='bbox 801 1361 946 1428; x_wconf 82' lang='lat' dir='ltr'><strong>Iacobum</strong></span> <span class='ocrx_word' id='word_1_155' title='bbox 973 1362 1184 1444; x_wconf 86' lang='lat' dir='ltr'><strong>cupiebamus</strong></span> <span class='ocrx_word' id='word_1_156' title='bbox 1234 1360 1368 1427; x_wconf 88' lang='lat' dir='ltr'><strong>oleaiam</strong></span> <span class='ocrx_word' id='word_1_157' title='bbox 1388 1373 1420 1428; x_wconf 89' lang='lat' dir='ltr'><strong>et</strong></span> <span class='ocrx_word' id='word_1_158' title='bbox 1442 1365 1661 1428; x_wconf 89' lang='lat' dir='ltr'><strong>ministerium</strong></span> <span class='ocrx_word' id='word_1_159' title='bbox 1683 1364 1885 1447; x_wconf 88' lang='lat' dir='ltr'><strong>pessumdet:</strong></span> <span class='ocrx_word' id='word_1_160' title='bbox 1915 1373 2027 1432; x_wconf 87' lang='lat' dir='ltr'><strong>tamen</strong></span> <span class='ocrx_word' id='word_1_161' title='bbox 2048 1369 2096 1432; x_wconf 90' lang='lat' dir='ltr'><strong>ita</strong></span> <span class='ocrx_word' id='word_1_162' title='bbox 2115 1369 2210 1433; x_wconf 88' lang='lat' dir='ltr'><strong>novit</strong></span> 
     </span>
     <span class='ocr_line' id='line_1_13' title="bbox 210 1447 2207 1537; baseline 0.002 -21"><span class='ocrx_word' id='word_1_163' title='bbox 210 1450 279 1517; x_wconf 92' lang='lat' dir='ltr'><strong>huo</strong></span> <span class='ocrx_word' id='word_1_164' title='bbox 299 1459 486 1516; x_wconf 83' lang='lat' dir='ltr'><strong>evocatum:</strong></span> <span class='ocrx_word' id='word_1_165' title='bbox 518 1459 553 1514; x_wconf 93' lang='lat' dir='ltr'><strong>at</strong></span> <span class='ocrx_word' id='word_1_166' title='bbox 579 1459 749 1531; x_wconf 89' lang='lat' dir='ltr'><strong>postquam</strong></span> <span class='ocrx_word' id='word_1_167' title='bbox 771 1449 895 1514; x_wconf 90' lang='lat' dir='ltr'><strong>occasio</strong></span> <span class='ocrx_word' id='word_1_168' title='bbox 917 1469 987 1514; x_wconf 89' lang='lat' dir='ltr'><strong>sese</strong></span> <span class='ocrx_word' id='word_1_169' title='bbox 1009 1447 1064 1512; x_wconf 91' lang='lat' dir='ltr'><strong>isti</strong></span> <span class='ocrx_word' id='word_1_170' title='bbox 1087 1447 1184 1512; x_wconf 87' lang='lat' dir='ltr'><strong>offert</strong></span> <span class='ocrx_word' id='word_1_171' title='bbox 1234 1469 1305 1514; x_wconf 89' lang='lat' dir='ltr'><strong>sese</strong></span> <span class='ocrx_word' id='word_1_172' title='bbox 1328 1448 1497 1514; x_wconf 92' lang='lat' dir='ltr'><strong>insinuare</strong></span> <span class='ocrx_word' id='word_1_173' title='bbox 1518 1457 1556 1515; x_wconf 90' lang='lat' dir='ltr'><strong>ut</strong></span> <span class='ocrx_word' id='word_1_174' title='bbox 1576 1448 1751 1516; x_wconf 70' lang='lat' dir='ltr'><strong>Onussam</strong></span> <span class='ocrx_word' id='word_1_175' title='bbox 1772 1451 2015 1517; x_wconf 79' lang='lat' dir='ltr'><strong>etRicburdum</strong></span> <span class='ocrx_word' id='word_1_176' title='bbox 2036 1461 2129 1537; x_wconf 87' lang='lat' dir='ltr'><strong>regat</strong></span> <span class='ocrx_word' id='word_1_177' title='bbox 2146 1473 2207 1536; x_wconf 89' lang='lat' dir='ltr'><strong>pro</strong></span> 
     </span>
     <span class='ocr_line' id='line_1_14' title="bbox 211 1532 2208 1623; baseline 0.002 -23"><span class='ocrx_word' id='word_1_178' title='bbox 211 1536 337 1602; x_wconf 92' lang='lat' dir='ltr'><strong>diutius</strong></span> <span class='ocrx_word' id='word_1_179' title='bbox 358 1537 432 1602; x_wconf 91' lang='lat' dir='ltr'><strong>istic</strong></span> <span class='ocrx_word' id='word_1_180' title='bbox 449 1535 577 1620; x_wconf 83' lang='lat' dir='ltr'><strong>agendi,</strong></span> <span class='ocrx_word' id='word_1_181' title='bbox 601 1555 717 1600; x_wconf 88' lang='lat' dir='ltr'><strong>vereor</strong></span> <span class='ocrx_word' id='word_1_182' title='bbox 738 1555 779 1598; x_wconf 91' lang='lat' dir='ltr'><strong>ne</strong></span> <span class='ocrx_word' id='word_1_183' title='bbox 801 1541 951 1598; x_wconf 88' lang='lat' dir='ltr'><strong>nostrum</strong></span> <span class='ocrx_word' id='word_1_184' title='bbox 974 1532 1085 1598; x_wconf 89' lang='lat' dir='ltr'><strong>audiat</strong></span> <span class='ocrx_word' id='word_1_185' title='bbox 1106 1554 1183 1598; x_wconf 90' lang='lat' dir='ltr'><strong>cnn-</strong></span> <span class='ocrx_word' id='word_1_186' title='bbox 1234 1543 1325 1599; x_wconf 91' lang='lat' dir='ltr'><strong>nutu.</strong></span> <span class='ocrx_word' id='word_1_187' title='bbox 1362 1535 1458 1599; x_wconf 91' lang='lat' dir='ltr'><strong>Haec</strong></span> <span class='ocrx_word' id='word_1_188' title='bbox 1480 1533 1661 1616; x_wconf 73' lang='lat' dir='ltr'><strong>Godrelirms</strong></span> <span class='ocrx_word' id='word_1_189' title='bbox 1681 1535 1868 1617; x_wconf 67' lang='lat' dir='ltr'><strong>captum.</strong></span> <span class='ocrx_word' id='word_1_190' title='bbox 1902 1536 2012 1618; x_wconf 79' lang='lat' dir='ltr'><strong>Quom</strong></span> <span class='ocrx_word' id='word_1_191' title='bbox 2034 1547 2116 1605; x_wconf 92' lang='lat' dir='ltr'><strong>sunt</strong></span> <span class='ocrx_word' id='word_1_192' title='bbox 2136 1539 2208 1623; x_wconf 90' lang='lat' dir='ltr'><strong>ple-</strong></span> 
     </span>
     <span class='ocr_line' id='line_1_15' title="bbox 211 1617 2207 1707; baseline 0.002 -20"><span class='ocrx_word' id='word_1_193' title='bbox 211 1623 333 1688; x_wconf 88' lang='lat' dir='ltr'><strong>silium.</strong></span> <span class='ocrx_word' id='word_1_194' title='bbox 384 1621 520 1687; x_wconf 91' lang='lat' dir='ltr'><strong>Invocet</strong></span> <span class='ocrx_word' id='word_1_195' title='bbox 547 1619 730 1686; x_wconf 91' lang='lat' dir='ltr'><strong>Dominum</strong></span> <span class='ocrx_word' id='word_1_196' title='bbox 758 1627 796 1684; x_wconf 94' lang='lat' dir='ltr'><strong>ut</strong></span> <span class='ocrx_word' id='word_1_197' title='bbox 827 1617 912 1702; x_wconf 92' lang='lat' dir='ltr'><strong>quod</strong></span> <span class='ocrx_word' id='word_1_198' title='bbox 944 1619 1103 1700; x_wconf 90' lang='lat' dir='ltr'><strong>optimum</strong></span> <span class='ocrx_word' id='word_1_199' title='bbox 1134 1626 1184 1684; x_wconf 94' lang='lat' dir='ltr'><strong>est</strong></span> <span class='ocrx_word' id='word_1_200' title='bbox 1234 1619 1327 1700; x_wconf 88' lang='lat' dir='ltr'><strong>rique</strong></span> <span class='ocrx_word' id='word_1_201' title='bbox 1372 1629 1520 1686; x_wconf 88' lang='lat' dir='ltr'><strong>amantes</strong></span> <span class='ocrx_word' id='word_1_202' title='bbox 1561 1621 1750 1704; x_wconf 90' lang='lat' dir='ltr'><strong>pulponum.</strong></span> <span class='ocrx_word' id='word_1_203' title='bbox 1818 1623 1982 1688; x_wconf 85' lang='lat' dir='ltr'><strong>Dominus</strong></span> <span class='ocrx_word' id='word_1_204' title='bbox 2021 1624 2207 1707; x_wconf 88' lang='lat' dir='ltr'><strong>pmspiciat.</strong></span> 
     </span>
     <span class='ocr_line' id='line_1_16' title="bbox 211 1703 2209 1793; baseline 0.001 -21"><span class='ocrx_word' id='word_1_205' title='bbox 211 1715 358 1792; x_wconf 88' lang='lat' dir='ltr'><strong>peragat.</strong></span> <span class='ocrx_word' id='word_1_206' title='bbox 402 1705 534 1788; x_wconf 78' lang='lat' dir='ltr'><strong>Oospar,</strong></span> <span class='ocrx_word' id='word_1_207' title='bbox 558 1715 594 1770; x_wconf 92' lang='lat' dir='ltr'><strong>ut</strong></span> <span class='ocrx_word' id='word_1_208' title='bbox 615 1706 680 1770; x_wconf 87' lang='lat' dir='ltr'><strong>iam</strong></span> <span class='ocrx_word' id='word_1_209' title='bbox 699 1703 913 1783; x_wconf 90' lang='lat' dir='ltr'><strong>subindicavi,</strong></span> <span class='ocrx_word' id='word_1_210' title='bbox 936 1703 977 1768; x_wconf 88' lang='lat' dir='ltr'><strong>od</strong></span> <span class='ocrx_word' id='word_1_211' title='bbox 1002 1705 1183 1770; x_wconf 77' lang='lat' dir='ltr'><strong>Turnonem</strong></span> <span class='ocrx_word' id='word_1_212' title='bbox 1235 1703 1332 1770; x_wconf 81' lang='lat' dir='ltr'><strong>Certe</strong></span> <span class='ocrx_word' id='word_1_213' title='bbox 1361 1705 1517 1789; x_wconf 89' lang='lat' dir='ltr'><strong>indignus</strong></span> <span class='ocrx_word' id='word_1_214' title='bbox 1544 1715 1595 1772; x_wconf 91' lang='lat' dir='ltr'><strong>est</strong></span> <span class='ocrx_word' id='word_1_215' title='bbox 1622 1708 1679 1789; x_wconf 92' lang='lat' dir='ltr'><strong>qui</strong></span> <span class='ocrx_word' id='word_1_216' title='bbox 1708 1728 1846 1790; x_wconf 89' lang='lat' dir='ltr'><strong>usquam</strong></span> <span class='ocrx_word' id='word_1_217' title='bbox 1878 1717 1964 1792; x_wconf 86' lang='lat' dir='ltr'><strong>eget.</strong></span> <span class='ocrx_word' id='word_1_218' title='bbox 2014 1709 2069 1774; x_wconf 91' lang='lat' dir='ltr'><strong>Pii</strong></span> <span class='ocrx_word' id='word_1_219' title='bbox 2101 1710 2209 1793; x_wconf 88' lang='lat' dir='ltr'><strong>negli-</strong></span> 
     </span>
     <span class='ocr_line' id='line_1_17' title="bbox 211 1789 2206 1876; baseline -0.001 -16"><span class='ocrx_word' id='word_1_220' title='bbox 211 1805 263 1860; x_wconf 89' lang='lat' dir='ltr'><strong>est</strong></span> <span class='ocrx_word' id='word_1_221' title='bbox 285 1792 443 1876; x_wconf 90' lang='lat' dir='ltr'><strong>impulsus</strong></span> <span class='ocrx_word' id='word_1_222' title='bbox 464 1813 523 1874; x_wconf 89' lang='lat' dir='ltr'><strong>per</strong></span> <span class='ocrx_word' id='word_1_223' title='bbox 545 1812 604 1856; x_wconf 90' lang='lat' dir='ltr'><strong>nos</strong></span> <span class='ocrx_word' id='word_1_224' title='bbox 621 1791 811 1856; x_wconf 90' lang='lat' dir='ltr'><strong>concedere:</strong></span> <span class='ocrx_word' id='word_1_225' title='bbox 835 1791 1018 1872; x_wconf 75' lang='lat' dir='ltr'><strong>praefectus</strong></span> <span class='ocrx_word' id='word_1_226' title='bbox 1039 1797 1089 1854; x_wconf 90' lang='lat' dir='ltr'><strong>cst</strong></span> <span class='ocrx_word' id='word_1_227' title='bbox 1106 1789 1183 1856; x_wconf 92' lang='lat' dir='ltr'><strong>ludo</strong></span> <span class='ocrx_word' id='word_1_228' title='bbox 1235 1798 1368 1872; x_wconf 88' lang='lat' dir='ltr'><strong>guntur.</strong></span> <span class='ocrx_word' id='word_1_229' title='bbox 1414 1789 1481 1856; x_wconf 83' lang='lat' dir='ltr'><strong>Sed</strong></span> <span class='ocrx_word' id='word_1_230' title='bbox 1503 1792 1581 1874; x_wconf 91' lang='lat' dir='ltr'><strong>qnid</strong></span> <span class='ocrx_word' id='word_1_231' title='bbox 1603 1800 1671 1858; x_wconf 88' lang='lat' dir='ltr'><strong>tam</strong></span> <span class='ocrx_word' id='word_1_232' title='bbox 1693 1793 1797 1858; x_wconf 90' lang='lat' dir='ltr'><strong>multa</strong></span> <span class='ocrx_word' id='word_1_233' title='bbox 1818 1793 1935 1874; x_wconf 92' lang='lat' dir='ltr'><strong>quibus</strong></span> <span class='ocrx_word' id='word_1_234' title='bbox 1957 1793 2051 1858; x_wconf 91' lang='lat' dir='ltr'><strong>obrui</strong></span> <span class='ocrx_word' id='word_1_235' title='bbox 2073 1803 2114 1859; x_wconf 92' lang='lat' dir='ltr'><strong>te.</strong></span> <span class='ocrx_word' id='word_1_236' title='bbox 2154 1795 2206 1860; x_wconf 91' lang='lat' dir='ltr'><strong>Ne</strong></span> 
     </span>
     <span class='ocr_line' id='line_1_18' title="bbox 210 1875 2208 1958; baseline 0.001 -14"><span class='ocrx_word' id='word_1_237' title='bbox 210 1879 366 1944; x_wconf 87' lang='lat' dir='ltr'><strong>literario.</strong></span> <span class='ocrx_word' id='word_1_238' title='bbox 422 1877 496 1942; x_wconf 90' lang='lat' dir='ltr'><strong>Non</strong></span> <span class='ocrx_word' id='word_1_239' title='bbox 533 1897 665 1958; x_wconf 91' lang='lat' dir='ltr'><strong>prorsus</strong></span> <span class='ocrx_word' id='word_1_240' title='bbox 698 1877 781 1942; x_wconf 85' lang='lat' dir='ltr'><strong>mele</strong></span> <span class='ocrx_word' id='word_1_241' title='bbox 815 1877 999 1942; x_wconf 88' lang='lat' dir='ltr'><strong>consultum</strong></span> <span class='ocrx_word' id='word_1_242' title='bbox 1031 1886 1079 1941; x_wconf 90' lang='lat' dir='ltr'><strong>est</strong></span> <span class='ocrx_word' id='word_1_243' title='bbox 1111 1876 1182 1958; x_wconf 89' lang='lat' dir='ltr'><strong>ipsi.</strong></span> <span class='ocrx_word' id='word_1_244' title='bbox 1235 1875 1281 1940; x_wconf 91' lang='lat' dir='ltr'><strong>sic</strong></span> <span class='ocrx_word' id='word_1_245' title='bbox 1303 1875 1433 1957; x_wconf 88' lang='lat' dir='ltr'><strong>quidem</strong></span> <span class='ocrx_word' id='word_1_246' title='bbox 1444 1877 1554 1942; x_wconf 92' lang='lat' dir='ltr'><strong>Deum</strong></span> <span class='ocrx_word' id='word_1_247' title='bbox 1576 1879 1764 1943; x_wconf 86' lang='lat' dir='ltr'><strong>invocemus</strong></span> <span class='ocrx_word' id='word_1_248' title='bbox 1785 1889 1822 1942; x_wconf 94' lang='lat' dir='ltr'><strong>ut</strong></span> <span class='ocrx_word' id='word_1_249' title='bbox 1844 1877 1929 1943; x_wconf 88' lang='lat' dir='ltr'><strong>adsit</strong></span> <span class='ocrx_word' id='word_1_250' title='bbox 1945 1901 2024 1944; x_wconf 86' lang='lat' dir='ltr'><strong>suae</strong></span> <span class='ocrx_word' id='word_1_251' title='bbox 2042 1880 2208 1946; x_wconf 89' lang='lat' dir='ltr'><strong>ecclesiae.</strong></span> 
     </span>
     <span class='ocr_line' id='line_1_19' title="bbox 212 1959 2083 2047; baseline -0.001 -16"><span class='ocrx_word' id='word_1_252' title='bbox 212 1963 322 2031; x_wconf 79' lang='lat' dir='ltr'><strong>Comes</strong></span> <span class='ocrx_word' id='word_1_253' title='bbox 343 1985 407 2028; x_wconf 90' lang='lat' dir='ltr'><strong>nou</strong></span> <span class='ocrx_word' id='word_1_254' title='bbox 437 1963 610 2028; x_wconf 84' lang='lat' dir='ltr'><strong>infeliciter</strong></span> <span class='ocrx_word' id='word_1_255' title='bbox 637 1963 745 2046; x_wconf 89' lang='lat' dir='ltr'><strong>pergit</strong></span> <span class='ocrx_word' id='word_1_256' title='bbox 765 1963 840 2026; x_wconf 89' lang='lat' dir='ltr'><strong>iam.</strong></span> <span class='ocrx_word' id='word_1_257' title='bbox 886 1963 984 2028; x_wconf 81' lang='lat' dir='ltr'><strong>Esset</strong></span> <span class='ocrx_word' id='word_1_258' title='bbox 1005 1960 1182 2027; x_wconf 86' lang='lat' dir='ltr'><strong>odmnnen·</strong></span> <span class='ocrx_word' id='word_1_259' title='bbox 1235 1959 1332 2040; x_wconf 77' lang='lat' dir='ltr'><strong>Quod</strong></span> <span class='ocrx_word' id='word_1_260' title='bbox 1353 1963 1436 2026; x_wconf 85' lang='lat' dir='ltr'><strong>faxit</strong></span> <span class='ocrx_word' id='word_1_261' title='bbox 1457 1984 1517 2028; x_wconf 90' lang='lat' dir='ltr'><strong>sua</strong></span> <span class='ocrx_word' id='word_1_262' title='bbox 1538 1963 1666 2047; x_wconf 84' lang='lat' dir='ltr'><strong>ingenti</strong></span> <span class='ocrx_word' id='word_1_263' title='bbox 1688 1965 1843 2042; x_wconf 86' lang='lat' dir='ltr'><strong>bonitate,</strong></span> <span class='ocrx_word' id='word_1_264' title='bbox 1866 1973 1904 2029; x_wconf 90' lang='lat' dir='ltr'><strong>ut</strong></span> <span class='ocrx_word' id='word_1_265' title='bbox 1925 1973 1958 2029; x_wconf 91' lang='lat' dir='ltr'><strong>et</strong></span> <span class='ocrx_word' id='word_1_266' title='bbox 1979 1965 2083 2030; x_wconf 89' lang='lat' dir='ltr'><strong>faciet.</strong></span> 
     </span>
    </p>

    <p class='ocr_par' dir='ltr' id='par_1_3' title="bbox 210 2047 1183 2131">
     <span class='ocr_line' id='line_1_20' title="bbox 210 2047 1183 2131; baseline -0.002 -17"><span class='ocrx_word' id='word_1_267' title='bbox 210 2049 276 2115; x_wconf 90' lang='lat' dir='ltr'><strong>dus</strong></span> <span class='ocrx_word' id='word_1_268' title='bbox 298 2049 417 2115; x_wconf 79' lang='lat' dir='ltr'><strong>(lomes</strong></span> <span class='ocrx_word' id='word_1_269' title='bbox 442 2048 629 2126; x_wconf 78' lang='lat' dir='ltr'><strong>Guilelmus,</strong></span> <span class='ocrx_word' id='word_1_270' title='bbox 659 2048 754 2112; x_wconf 91' lang='lat' dir='ltr'><strong>utin</strong></span> <span class='ocrx_word' id='word_1_271' title='bbox 776 2047 898 2112; x_wconf 85' lang='lat' dir='ltr'><strong>ditione</strong></span> <span class='ocrx_word' id='word_1_272' title='bbox 920 2069 1016 2131; x_wconf 90' lang='lat' dir='ltr'><strong>quam</strong></span> <span class='ocrx_word' id='word_1_273' title='bbox 1039 2048 1183 2112; x_wconf 91' lang='lat' dir='ltr'><strong>vicinam</strong></span> 
     </span>
    </p>

    <p class='ocr_par' dir='ltr' id='par_1_4' title="bbox 210 2133 1182 2218">
     <span class='ocr_line' id='line_1_21' title="bbox 210 2133 1182 2218; baseline -0.002 -18"><span class='ocrx_word' id='word_1_274' title='bbox 210 2135 312 2201; x_wconf 86' lang='lat' dir='ltr'><strong>habet</strong></span> <span class='ocrx_word' id='word_1_275' title='bbox 329 2133 618 2218; x_wconf 81' lang='lat' dir='ltr'><strong>Monbelgerdensi</strong></span> <span class='ocrx_word' id='word_1_276' title='bbox 635 2143 763 2200; x_wconf 85' lang='lat' dir='ltr'><strong>curaret</strong></span> <span class='ocrx_word' id='word_1_277' title='bbox 784 2133 1019 2198; x_wconf 79' lang='lat' dir='ltr'><strong>adnuntiatum</strong></span> <span class='ocrx_word' id='word_1_278' title='bbox 1040 2154 1182 2216; x_wconf 90' lang='lat' dir='ltr'><strong>evange-</strong></span> 
     </span>
    </p>

    <p class='ocr_par' dir='ltr' id='par_1_5' title="bbox 208 2217 1180 2302">
     <span class='ocr_line' id='line_1_22' title="bbox 208 2217 1180 2302; baseline -0.005 -15"><span class='ocrx_word' id='word_1_279' title='bbox 208 2223 301 2287; x_wconf 92' lang='lat' dir='ltr'><strong>lium.</strong></span> <span class='ocrx_word' id='word_1_280' title='bbox 356 2221 430 2286; x_wconf 87' lang='lat' dir='ltr'><strong>Huc</strong></span> <span class='ocrx_word' id='word_1_281' title='bbox 465 2220 520 2285; x_wconf 87' lang='lat' dir='ltr'><strong>via</strong></span> <span class='ocrx_word' id='word_1_282' title='bbox 551 2219 807 2302; x_wconf 87' lang='lat' dir='ltr'><strong>Burgundiones</strong></span> <span class='ocrx_word' id='word_1_283' title='bbox 846 2227 979 2302; x_wconf 88' lang='lat' dir='ltr'><strong>possent</strong></span> <span class='ocrx_word' id='word_1_284' title='bbox 1016 2217 1180 2284; x_wconf 87' lang='lat' dir='ltr'><strong>lucrifieri.</strong></span> 
     </span>
    </p>

    <p class='ocr_par' dir='ltr' id='par_1_6' title="bbox 210 2303 1818 2474">
     <span class='ocr_line' id='line_1_23' title="bbox 210 2303 1759 2388; baseline -0.003 -16"><span class='ocrx_word' id='word_1_285' title='bbox 210 2307 393 2374; x_wconf 83' lang='lat' dir='ltr'><strong>Laborabis</strong></span> <span class='ocrx_word' id='word_1_286' title='bbox 414 2307 451 2369; x_wconf 91' lang='lat' dir='ltr'><strong>in</strong></span> <span class='ocrx_word' id='word_1_287' title='bbox 473 2307 534 2370; x_wconf 94' lang='lat' dir='ltr'><strong>hoc</strong></span> <span class='ocrx_word' id='word_1_288' title='bbox 555 2325 666 2388; x_wconf 89' lang='lat' dir='ltr'><strong>opere:</strong></span> <span class='ocrx_word' id='word_1_289' title='bbox 695 2326 772 2370; x_wconf 88' lang='lat' dir='ltr'><strong>nam</strong></span> <span class='ocrx_word' id='word_1_290' title='bbox 794 2303 890 2370; x_wconf 87' lang='lat' dir='ltr'><strong>audio</strong></span> <span class='ocrx_word' id='word_1_291' title='bbox 910 2304 1010 2369; x_wconf 90' lang='lat' dir='ltr'><strong>nullis</strong></span> <span class='ocrx_word' id='word_1_292' title='bbox 1033 2323 1181 2368; x_wconf 88' lang='lat' dir='ltr'><strong>rasorum</strong></span> <span class='ocrx_word' id='word_1_293' title='bbox 1619 2361 1700 2368; x_wconf 43' lang='grc' dir='ltr'><strong>ψ...</strong></span> <span class='ocrx_word' id='word_1_294' title='bbox 1731 2361 1818 2368; x_wconf 89' lang='grc'><strong>..</strong></span> 
     </span>
     <span class='ocr_line' id='line_1_24' title="bbox 210 2388 1182 2474; baseline -0.006 -16"><span class='ocrx_word' id='word_1_295' title='bbox 210 2393 313 2458; x_wconf 89' lang='lat' dir='ltr'><strong>minis</strong></span> <span class='ocrx_word' id='word_1_296' title='bbox 334 2400 367 2458; x_wconf 90' lang='lat' dir='ltr'><strong>ct</strong></span> <span class='ocrx_word' id='word_1_297' title='bbox 388 2391 579 2457; x_wconf 83' lang='lat' dir='ltr'><strong>fulminibus</strong></span> <span class='ocrx_word' id='word_1_298' title='bbox 598 2390 742 2456; x_wconf 87' lang='lat' dir='ltr'><strong>abaroeri</strong></span> <span class='ocrx_word' id='word_1_299' title='bbox 764 2411 858 2474; x_wconf 86' lang='lat' dir='ltr'><strong>posse</strong></span> <span class='ocrx_word' id='word_1_300' title='bbox 884 2389 925 2456; x_wconf 94' lang='lat' dir='ltr'><strong>ab</strong></span> <span class='ocrx_word' id='word_1_301' title='bbox 947 2388 1060 2456; x_wconf 88' lang='lat' dir='ltr'><strong>auditu</strong></span> <span class='ocrx_word' id='word_1_302' title='bbox 1081 2411 1182 2456; x_wconf 89' lang='lat' dir='ltr'><strong>evan·</strong></span> 
     </span>
    </p>

    <p class='ocr_par' dir='ltr' id='par_1_7' title="bbox 209 2475 1183 2564">
     <span class='ocr_line' id='line_1_25' title="bbox 209 2475 1183 2564; baseline -0.004 -21"><span class='ocrx_word' id='word_1_303' title='bbox 209 2478 304 2564; x_wconf 88' lang='lat' dir='ltr'><strong>gelii,</strong></span> <span class='ocrx_word' id='word_1_304' title='bbox 333 2479 413 2561; x_wconf 91' lang='lat' dir='ltr'><strong>quin</strong></span> <span class='ocrx_word' id='word_1_305' title='bbox 441 2477 606 2542; x_wconf 89' lang='lat' dir='ltr'><strong>confluant</strong></span> <span class='ocrx_word' id='word_1_306' title='bbox 635 2475 778 2542; x_wconf 85' lang='lat' dir='ltr'><strong>audituri</strong></span> <span class='ocrx_word' id='word_1_307' title='bbox 804 2477 862 2542; x_wconf 93' lang='lat' dir='ltr'><strong>ubi</strong></span> <span class='ocrx_word' id='word_1_308' title='bbox 883 2476 1103 2542; x_wconf 74' lang='lat' dir='ltr'><strong>adnuncietur</strong></span> <span class='ocrx_word' id='word_1_309' title='bbox 1123 2497 1183 2559; x_wconf 89' lang='lat' dir='ltr'><strong>per</strong></span> 
     </span>
    </p>

    <p class='ocr_par' dir='ltr' id='par_1_8' title="bbox 209 2560 1758 2734">
     <span class='ocr_line' id='line_1_26' title="bbox 209 2560 1758 2646; baseline -0.005 -17"><span class='ocrx_word' id='word_1_310' title='bbox 209 2565 370 2630; x_wconf 86' lang='lat' dir='ltr'><strong>ditionem</strong></span> <span class='ocrx_word' id='word_1_311' title='bbox 399 2562 537 2630; x_wconf 79' lang='lat' dir='ltr'><strong>Comitis</strong></span> <span class='ocrx_word' id='word_1_312' title='bbox 568 2563 703 2646; x_wconf 76' lang='lat' dir='ltr'><strong>Georgii.</strong></span> <span class='ocrx_word' id='word_1_313' title='bbox 761 2561 836 2643; x_wconf 80' lang='lat' dir='ltr'><strong>Quo</strong></span> <span class='ocrx_word' id='word_1_314' title='bbox 868 2562 979 2628; x_wconf 91' lang='lat' dir='ltr'><strong>minus</strong></span> <span class='ocrx_word' id='word_1_315' title='bbox 1011 2562 1183 2626; x_wconf 87' lang='lat' dir='ltr'><strong>fructificat</strong></span> <span class='ocrx_word' id='word_1_316' title='bbox 1687 2560 1758 2630; x_wconf 76' lang='lat'><strong>216.</strong></span> 
     </span>
     <span class='ocr_line' id='line_1_27' title="bbox 210 2647 1510 2734; baseline -0.005 -17"><span class='ocrx_word' id='word_1_317' title='bbox 210 2649 438 2734; x_wconf 87' lang='lat' dir='ltr'><strong>evangelium,</strong></span> <span class='ocrx_word' id='word_1_318' title='bbox 465 2670 503 2714; x_wconf 92' lang='lat' dir='ltr'><strong>eo</strong></span> <span class='ocrx_word' id='word_1_319' title='bbox 530 2648 636 2731; x_wconf 84' lang='lat' dir='ltr'><strong>magis</strong></span> <span class='ocrx_word' id='word_1_320' title='bbox 662 2647 924 2714; x_wconf 91' lang='lat' dir='ltr'><strong>contendendum</strong></span> <span class='ocrx_word' id='word_1_321' title='bbox 950 2661 1000 2713; x_wconf 91' lang='lat' dir='ltr'><strong>est</strong></span> <span class='ocrx_word' id='word_1_322' title='bbox 1026 2655 1064 2711; x_wconf 91' lang='lat' dir='ltr'><strong>ut</strong></span> <span class='ocrx_word' id='word_1_323' title='bbox 1083 2647 1183 2712; x_wconf 87' lang='lat' dir='ltr'><strong>latius</strong></span> <span class='ocrx_word' id='word_1_324' title='bbox 1509 2729 1510 2732; x_wconf 8' lang='grc' dir='ltr'><strong>Ἴ</strong></span> 
     </span>
    </p>

    <p class='ocr_par' dir='ltr' id='par_1_9' title="bbox 210 2715 1942 2820">
     <span class='ocr_line' id='line_1_28' title="bbox 210 2715 1942 2820; baseline -0.003 -20"><span class='ocrx_word' id='word_1_325' title='bbox 210 2744 420 2820; x_wconf 82' lang='lat' dir='ltr'><strong>propagetur,</strong></span> <span class='ocrx_word' id='word_1_326' title='bbox 444 2742 481 2798; x_wconf 91' lang='lat' dir='ltr'><strong>ut</strong></span> <span class='ocrx_word' id='word_1_327' title='bbox 502 2733 635 2798; x_wconf 85' lang='lat' dir='ltr'><strong>tendam</strong></span> <span class='ocrx_word' id='word_1_328' title='bbox 656 2743 778 2800; x_wconf 88' lang='lat' dir='ltr'><strong>terram</strong></span> <span class='ocrx_word' id='word_1_329' title='bbox 801 2735 918 2800; x_wconf 87' lang='lat' dir='ltr'><strong>bonam</strong></span> <span class='ocrx_word' id='word_1_330' title='bbox 939 2734 1082 2798; x_wconf 88' lang='lat' dir='ltr'><strong>fructum</strong></span> <span class='ocrx_word' id='word_1_331' title='bbox 1103 2732 1183 2796; x_wconf 88' lang='lat' dir='ltr'><strong>affe·</strong></span> <span class='ocrx_word' id='word_1_332' title='bbox 1498 2715 1733 2784; x_wconf 70' lang='lat' dir='ltr'>GALVINUS</span> <span class='ocrx_word' id='word_1_333' title='bbox 1757 2715 1942 2784; x_wconf 69' lang='lat' dir='ltr'>VIRE&#39;PO·</span> 
     </span>
    </p>

    <p class='ocr_par' dir='ltr' id='par_1_10' title="bbox 210 2815 1664 2901">
     <span class='ocr_line' id='line_1_29' title="bbox 210 2815 1664 2901; baseline -0.005 -15"><span class='ocrx_word' id='word_1_334' title='bbox 210 2831 340 2886; x_wconf 91' lang='lat' dir='ltr'><strong>rentem</strong></span> <span class='ocrx_word' id='word_1_335' title='bbox 361 2819 481 2886; x_wconf 90' lang='lat' dir='ltr'><strong>alicubi</strong></span> <span class='ocrx_word' id='word_1_336' title='bbox 501 2839 573 2886; x_wconf 87' lang='lat' dir='ltr'><strong>esse</strong></span> <span class='ocrx_word' id='word_1_337' title='bbox 589 2817 769 2886; x_wconf 86' lang='lat' dir='ltr'><strong>audiamus.</strong></span> <span class='ocrx_word' id='word_1_338' title='bbox 800 2819 882 2894; x_wconf 64' lang='lat' dir='ltr'><strong>&#39;llam</strong></span> <span class='ocrx_word' id='word_1_339' title='bbox 902 2819 1000 2901; x_wconf 89' lang='lat' dir='ltr'><strong>plena</strong></span> <span class='ocrx_word' id='word_1_340' title='bbox 1021 2827 1099 2882; x_wconf 91' lang='lat' dir='ltr'><strong>sunt</strong></span> <span class='ocrx_word' id='word_1_341' title='bbox 1115 2815 1182 2899; x_wconf 87' lang='lat' dir='ltr'><strong>spi·</strong></span> <span class='ocrx_word' id='word_1_342' title='bbox 1658 2889 1664 2900; x_wconf 28' lang='lat'>⁵</span> 
     </span>
    </p>

    <p class='ocr_par' dir='ltr' id='par_1_11' title="bbox 210 2883 2191 3072">
     <span class='ocr_line' id='line_1_30' title="bbox 211 2883 2191 2988; baseline -0.002 -16"><span class='ocrx_word' id='word_1_343' title='bbox 211 2907 267 2972; x_wconf 87' lang='lat' dir='ltr'><strong>nis</strong></span> <span class='ocrx_word' id='word_1_344' title='bbox 285 2907 398 2972; x_wconf 82' lang='lat' dir='ltr'><strong>omnio</strong></span> <span class='ocrx_word' id='word_1_345' title='bbox 425 2915 462 2970; x_wconf 92' lang='grc' dir='ltr'><strong>ιιι</strong></span> <span class='ocrx_word' id='word_1_346' title='bbox 489 2925 600 2971; x_wconf 89' lang='lat' dir='ltr'><strong>semen</strong></span> <span class='ocrx_word' id='word_1_347' title='bbox 628 2905 750 2988; x_wconf 86' lang='lat' dir='ltr'><strong>passim</strong></span> <span class='ocrx_word' id='word_1_348' title='bbox 778 2905 954 2970; x_wconf 88' lang='lat' dir='ltr'><strong>suffocetur</strong></span> <span class='ocrx_word' id='word_1_349' title='bbox 981 2905 1091 2986; x_wconf 85' lang='lat' dir='ltr'><strong>sieque</strong></span> <span class='ocrx_word' id='word_1_350' title='bbox 1112 2904 1183 2968; x_wconf 91' lang='lat' dir='ltr'><strong>sine</strong></span> <span class='ocrx_word' id='word_1_351' title='bbox 1322 2883 1520 2952; x_wconf 56' lang='lat' dir='ltr'><strong>cmm</strong></span> <span class='ocrx_word' id='word_1_352' title='bbox 1546 2886 1624 2950; x_wconf 60' lang='lat'><strong>&lt;2¹⁴⁰⁸</strong></span> <span class='ocrx_word' id='word_1_353' title='bbox 1651 2909 1776 2954; x_wconf 61' lang='lat' dir='ltr'><strong>mmet</strong></span> <span class='ocrx_word' id='word_1_354' title='bbox 1800 2889 1835 2954; x_wconf 83' lang='lat' dir='ltr'><strong>in</strong></span> <span class='ocrx_word' id='word_1_355' title='bbox 1863 2889 2037 2956; x_wconf 61' lang='lat' dir='ltr'><strong>Helvtft&#39;tm</strong></span> <span class='ocrx_word' id='word_1_356' title='bbox 2058 2888 2191 2969; x_wconf 54' lang='lat' dir='ltr'><strong>Pr0fl⁶fit</strong></span> 
     </span>
     <span class='ocr_line' id='line_1_31' title="bbox 210 2974 1339 3072; baseline -0.006 -14"><span class='ocrx_word' id='word_1_357' title='bbox 210 2993 322 3058; x_wconf 89' lang='lat' dir='ltr'><strong>fructu</strong></span> <span class='ocrx_word' id='word_1_358' title='bbox 344 2991 448 3058; x_wconf 88' lang='lat' dir='ltr'><strong>cadat.</strong></span> <span class='ocrx_word' id='word_1_359' title='bbox 495 2991 695 3072; x_wconf 63' lang='lat' dir='ltr'><strong>&amp;paredus</strong></span> <span class='ocrx_word' id='word_1_360' title='bbox 716 2989 879 3056; x_wconf 89' lang='lat' dir='ltr'><strong>laboravit</strong></span> <span class='ocrx_word' id='word_1_361' title='bbox 896 2988 1038 3054; x_wconf 79' lang='lat' dir='ltr'><strong>defluxu</strong></span> <span class='ocrx_word' id='word_1_362' title='bbox 1059 2989 1095 3054; x_wconf 92' lang='lat' dir='ltr'><strong>in</strong></span> <span class='ocrx_word' id='word_1_363' title='bbox 1117 2989 1183 3070; x_wconf 90' lang='lat' dir='ltr'><strong>spi·</strong></span> <span class='ocrx_word' id='word_1_364' title='bbox 1234 2974 1339 3036; x_wconf 56' lang='lat' dir='ltr'><strong>wlff&amp;</strong></span> 
     </span>
    </p>
   </div>
   <div class='ocr_carea' id='block_1_3' title="bbox 210 3075 1182 3158">
    <p class='ocr_par' dir='ltr' id='par_1_12' title="bbox 210 3075 1182 3158">
     <span class='ocr_line' id='line_1_32' title="bbox 210 3075 1182 3158; baseline -0.006 -14"><span class='ocrx_word' id='word_1_365' title='bbox 210 3100 292 3144; x_wconf 82' lang='lat' dir='ltr'><strong>nam</strong></span> <span class='ocrx_word' id='word_1_366' title='bbox 319 3077 421 3142; x_wconf 91' lang='lat' dir='ltr'><strong>dorsi:</strong></span> <span class='ocrx_word' id='word_1_367' title='bbox 455 3077 602 3144; x_wconf 92' lang='lat' dir='ltr'><strong>nondum</strong></span> <span class='ocrx_word' id='word_1_368' title='bbox 632 3076 765 3142; x_wconf 89' lang='lat' dir='ltr'><strong>sanitati</strong></span> <span class='ocrx_word' id='word_1_369' title='bbox 797 3075 894 3158; x_wconf 92' lang='lat' dir='ltr'><strong>plene</strong></span> <span class='ocrx_word' id='word_1_370' title='bbox 920 3083 971 3140; x_wconf 92' lang='lat' dir='ltr'><strong>cst</strong></span> <span class='ocrx_word' id='word_1_371' title='bbox 1003 3075 1182 3139; x_wconf 90' lang='lat' dir='ltr'><strong>restitutus.</strong></span> 
     </span>
    </p>
   </div>
   <div class='ocr_carea' id='block_1_4' title="bbox 213 3140 2202 3282">
    <p class='ocr_par' dir='ltr' id='par_1_13' title="bbox 213 3140 2202 3282">
     <span class='ocr_line' id='line_1_33' title="bbox 213 3140 2202 3242; baseline 0.001 -12"><span class='ocrx_word' id='word_1_372' title='bbox 213 3163 285 3230; x_wconf 86' lang='lat' dir='ltr'><strong>Alii</strong></span> <span class='ocrx_word' id='word_1_373' title='bbox 306 3183 420 3228; x_wconf 91' lang='lat' dir='ltr'><strong>omnes</strong></span> <span class='ocrx_word' id='word_1_374' title='bbox 441 3163 620 3229; x_wconf 87' lang='lat' dir='ltr'><strong>sotisrecte</strong></span> <span class='ocrx_word' id='word_1_375' title='bbox 636 3162 757 3229; x_wconf 90' lang='lat' dir='ltr'><strong>valent.</strong></span> <span class='ocrx_word' id='word_1_376' title='bbox 803 3160 941 3226; x_wconf 78' lang='lat' dir='ltr'><strong>Mioboet</strong></span> <span class='ocrx_word' id='word_1_377' title='bbox 961 3181 1067 3226; x_wconf 89' lang='lat' dir='ltr'><strong>novus</strong></span> <span class='ocrx_word' id='word_1_378' title='bbox 1089 3167 1183 3242; x_wconf 89' lang='lat' dir='ltr'><strong>pater</strong></span> <span class='ocrx_word' id='word_1_379' title='bbox 1248 3142 1291 3196; x_wconf 49' lang='grc' dir='ltr'><strong>Εἴ</strong></span> <span class='ocrx_word' id='word_1_380' title='bbox 1304 3147 1422 3224; x_wconf 54' lang='lat' dir='ltr'><strong>,mist</strong></span> <span class='ocrx_word' id='word_1_381' title='bbox 1445 3142 1515 3223; x_wconf 66' lang='lat' dir='ltr'><strong>Btbl.</strong></span> <span class='ocrx_word' id='word_1_382' title='bbox 1539 3140 1640 3223; x_wconf 57' lang='lat' dir='ltr'><strong>‘iim</strong></span> <span class='ocrx_word' id='word_1_383' title='bbox 1665 3141 1729 3196; x_wconf 66' lang='lat'><strong>⁰⁰⁶·</strong></span> <span class='ocrx_word' id='word_1_384' title='bbox 1750 3141 1815 3208; x_wconf 76' lang='lat'><strong>&#39;¹⁰⁶¹</strong></span> <span class='ocrx_word' id='word_1_385' title='bbox 1844 3144 1889 3198; x_wconf 46' lang='grc' dir='ltr'>ἴθι·</span> <span class='ocrx_word' id='word_1_386' title='bbox 1912 3142 1955 3198; x_wconf 86' lang='lat'><strong>38.</strong></span> <span class='ocrx_word' id='word_1_387' title='bbox 1995 3145 2095 3198; x_wconf 53' lang='lat' dir='ltr'><strong>Em*</strong></span> <span class='ocrx_word' id='word_1_388' title='bbox 2119 3160 2202 3200; x_wconf 60' lang='grc' dir='ltr'><strong>Μ</strong></span> 
     </span>
     <span class='ocr_line' id='line_1_34' title="bbox 1247 3209 2202 3282; baseline 0.003 -17"><span class='ocrx_word' id='word_1_389' title='bbox 1247 3211 1374 3266; x_wconf 80' lang='lat' dir='ltr'><strong>cavillosi</strong></span> <span class='ocrx_word' id='word_1_390' title='bbox 1391 3211 1527 3282; x_wconf 87' lang='lat' dir='ltr'><strong>descripta</strong></span> <span class='ocrx_word' id='word_1_391' title='bbox 1544 3211 1609 3264; x_wconf 83' lang='lat' dir='ltr'><strong>ibid</strong></span> <span class='ocrx_word' id='word_1_392' title='bbox 1628 3209 1692 3264; x_wconf 85' lang='lat' dir='ltr'><strong>(lod.</strong></span> <span class='ocrx_word' id='word_1_393' title='bbox 1713 3210 1781 3263; x_wconf 64' lang='lat'><strong>1112.</strong></span> <span class='ocrx_word' id='word_1_394' title='bbox 1806 3213 1850 3266; x_wconf 92' lang='lat' dir='ltr'><strong>fol.</strong></span> <span class='ocrx_word' id='word_1_395' title='bbox 1864 3211 1898 3264; x_wconf 81' lang='lat'><strong>36</strong></span> <span class='ocrx_word' id='word_1_396' title='bbox 1917 3229 1941 3266; x_wconf 89' lang='lat' dir='ltr'><strong>v.</strong></span> <span class='ocrx_word' id='word_1_397' title='bbox 1977 3212 2142 3282; x_wconf 82' lang='lat' dir='ltr'><strong>Apograpba</strong></span> <span class='ocrx_word' id='word_1_398' title='bbox 2159 3230 2202 3268; x_wconf 86' lang='lat' dir='ltr'><strong>re-</strong></span> 
     </span>
    </p>
   </div>
   <div class='ocr_carea' id='block_1_5' title="bbox 212 3246 2201 3418">
    <p class='ocr_par' dir='ltr' id='par_1_14' title="bbox 212 3246 2201 3418">
     <span class='ocr_line' id='line_1_35' title="bbox 212 3246 2201 3350; baseline 0.002 -18"><span class='ocrx_word' id='word_1_399' title='bbox 212 3248 356 3314; x_wconf 76' lang='lat' dir='ltr'><strong>familias</strong></span> <span class='ocrx_word' id='word_1_400' title='bbox 378 3269 444 3313; x_wconf 72' lang='lat' dir='ltr'>¹10ss</span> <span class='ocrx_word' id='word_1_401' title='bbox 465 3269 581 3347; x_wconf 75' lang='lat' dir='ltr'><strong>parum</strong></span> <span class='ocrx_word' id='word_1_402' title='bbox 607 3259 762 3333; x_wconf 75' lang='lat' dir='ltr'><strong>gravatur</strong></span> <span class='ocrx_word' id='word_1_403' title='bbox 790 3246 966 3346; x_wconf 69' lang='lat' dir='ltr'><strong>domestico</strong></span> <span class='ocrx_word' id='word_1_404' title='bbox 988 3267 1099 3312; x_wconf 82' lang='lat' dir='ltr'><strong>onere:</strong></span> <span class='ocrx_word' id='word_1_405' title='bbox 1137 3246 1184 3310; x_wconf 78' lang='lat' dir='ltr'><strong>sic</strong></span> <span class='ocrx_word' id='word_1_406' title='bbox 1235 3283 1356 3335; x_wconf 70' lang='lat' dir='ltr'><strong>onum</strong></span> <span class='ocrx_word' id='word_1_407' title='bbox 1373 3279 1456 3335; x_wconf 66' lang='lat' dir='ltr'><strong>isoes</strong></span> <span class='ocrx_word' id='word_1_408' title='bbox 1474 3279 1539 3334; x_wconf 75' lang='lat' dir='ltr'><strong>isin.</strong></span> <span class='ocrx_word' id='word_1_409' title='bbox 1559 3279 1623 3333; x_wconf 79' lang='lat' dir='ltr'><strong>coe.</strong></span> <span class='ocrx_word' id='word_1_410' title='bbox 1634 3278 1691 3344; x_wconf 88' lang='lat'><strong>111,</strong></span> <span class='ocrx_word' id='word_1_411' title='bbox 1710 3279 1756 3334; x_wconf 80' lang='lat' dir='ltr'><strong>roi.</strong></span> <span class='ocrx_word' id='word_1_412' title='bbox 1772 3279 1814 3333; x_wconf 78' lang='lat' dir='ltr'><strong>sa.</strong></span> <span class='ocrx_word' id='word_1_413' title='bbox 1842 3279 2201 3350; x_wconf 55' lang='lat' dir='ltr'><strong>necutsertnppvu.</strong></span> 
     </span>
     <span class='ocr_line' id='line_1_36' title="bbox 213 3329 1919 3418; baseline -0.001 -16"><span class='ocrx_word' id='word_1_414' title='bbox 213 3345 348 3402; x_wconf 84' lang='lat' dir='ltr'><strong>exercet</strong></span> <span class='ocrx_word' id='word_1_415' title='bbox 376 3355 452 3399; x_wconf 90' lang='lat' dir='ltr'><strong>eum</strong></span> <span class='ocrx_word' id='word_1_416' title='bbox 473 3335 644 3400; x_wconf 80' lang='lat' dir='ltr'><strong>Dominus.</strong></span> <span class='ocrx_word' id='word_1_417' title='bbox 691 3331 858 3400; x_wconf 68' lang='grc' dir='ltr'>Θονᾶινιιιι</span> <span class='ocrx_word' id='word_1_418' title='bbox 884 3339 1027 3414; x_wconf 86' lang='lat' dir='ltr'><strong>optimus</strong></span> <span class='ocrx_word' id='word_1_419' title='bbox 1056 3341 1106 3398; x_wconf 92' lang='lat' dir='ltr'><strong>est</strong></span> <span class='ocrx_word' id='word_1_420' title='bbox 1127 3329 1183 3396; x_wconf 94' lang='lat' dir='ltr'><strong>do-</strong></span> <span class='ocrx_word' id='word_1_421' title='bbox 1520 3365 1548 3418; x_wconf 81' lang='lat' dir='ltr'><strong>p.</strong></span> <span class='ocrx_word' id='word_1_422' title='bbox 1564 3347 1617 3402; x_wconf 76' lang='lat' dir='ltr'><strong>ete</strong></span> <span class='ocrx_word' id='word_1_423' title='bbox 1633 3355 1662 3401; x_wconf 80' lang='grc' dir='ltr'><strong>ιι</strong></span> <span class='ocrx_word' id='word_1_424' title='bbox 1679 3347 1776 3402; x_wconf 81' lang='lat' dir='ltr'><strong>simler</strong></span> <span class='ocrx_word' id='word_1_425' title='bbox 1793 3349 1845 3401; x_wconf 86' lang='lat' dir='ltr'><strong>vot.</strong></span> <span class='ocrx_word' id='word_1_426' title='bbox 1864 3345 1919 3413; x_wconf 84' lang='lat'><strong>48.)</strong></span> 
     </span>
    </p>
   </div>
   <div class='ocr_carea' id='block_1_6' title="bbox 213 3418 2215 5300">
    <p class='ocr_par' dir='ltr' id='par_1_15' title="bbox 213 3418 2215 5300">
     <span class='ocr_line' id='line_1_37' title="bbox 213 3418 1182 3504; baseline -0.004 -18"><span class='ocrx_word' id='word_1_427' title='bbox 213 3441 292 3486; x_wconf 90' lang='lat' dir='ltr'><strong>mus</strong></span> <span class='ocrx_word' id='word_1_428' title='bbox 313 3431 452 3498; x_wconf 88' lang='lat' dir='ltr'><strong>curator,</strong></span> <span class='ocrx_word' id='word_1_429' title='bbox 481 3429 520 3484; x_wconf 93' lang='lat' dir='ltr'><strong>ut</strong></span> <span class='ocrx_word' id='word_1_430' title='bbox 540 3421 634 3484; x_wconf 88' lang='lat' dir='ltr'><strong>nosti.</strong></span> <span class='ocrx_word' id='word_1_431' title='bbox 677 3418 777 3484; x_wconf 82' lang='lat' dir='ltr'><strong>Valet</strong></span> <span class='ocrx_word' id='word_1_432' title='bbox 804 3427 837 3484; x_wconf 91' lang='lat' dir='ltr'><strong>et</strong></span> <span class='ocrx_word' id='word_1_433' title='bbox 861 3419 970 3504; x_wconf 88' lang='lat' dir='ltr'><strong>pergit</strong></span> <span class='ocrx_word' id='word_1_434' title='bbox 996 3437 1057 3484; x_wconf 89' lang='lat' dir='ltr'><strong>suo</strong></span> <span class='ocrx_word' id='word_1_435' title='bbox 1084 3439 1182 3482; x_wconf 90' lang='lat' dir='ltr'><strong>more.</strong></span> 
     </span>
     <span class='ocr_line' id='line_1_38' title="bbox 215 3503 1184 3589; baseline -0.004 -17"><span class='ocrx_word' id='word_1_436' title='bbox 215 3504 309 3572; x_wconf 85' lang='lat' dir='ltr'><strong>Sunt</strong></span> <span class='ocrx_word' id='word_1_437' title='bbox 324 3506 379 3589; x_wconf 90' lang='lat' dir='ltr'><strong>qni</strong></span> <span class='ocrx_word' id='word_1_438' title='bbox 395 3505 541 3589; x_wconf 90' lang='lat' dir='ltr'><strong>cupiunt,</strong></span> <span class='ocrx_word' id='word_1_439' title='bbox 560 3503 782 3588; x_wconf 85' lang='lat' dir='ltr'><strong>Burdogalom</strong></span> <span class='ocrx_word' id='word_1_440' title='bbox 796 3515 934 3587; x_wconf 89' lang='lat' dir='ltr'><strong>repetat,</strong></span> <span class='ocrx_word' id='word_1_441' title='bbox 956 3525 1047 3586; x_wconf 89' lang='lat' dir='ltr'><strong>spem</strong></span> <span class='ocrx_word' id='word_1_442' title='bbox 1065 3503 1184 3568; x_wconf 85' lang='lat' dir='ltr'><strong>facien-</strong></span> 
     </span>
     <span class='ocr_line' id='line_1_39' title="bbox 214 3588 1186 3675; baseline -0.006 -17"><span class='ocrx_word' id='word_1_443' title='bbox 214 3597 270 3658; x_wconf 84' lang='lat' dir='ltr'><strong>tes</strong></span> <span class='ocrx_word' id='word_1_444' title='bbox 291 3612 425 3675; x_wconf 87' lang='lat' dir='ltr'><strong>regnum</strong></span> <span class='ocrx_word' id='word_1_445' title='bbox 448 3591 574 3658; x_wconf 81' lang='lat' dir='ltr'><strong>Christi</strong></span> <span class='ocrx_word' id='word_1_446' title='bbox 594 3591 661 3656; x_wconf 91' lang='lat' dir='ltr'><strong>illic</strong></span> <span class='ocrx_word' id='word_1_447' title='bbox 682 3588 839 3674; x_wconf 87' lang='lat' dir='ltr'><strong>erigendi.</strong></span> <span class='ocrx_word' id='word_1_448' title='bbox 876 3591 991 3654; x_wconf 76' lang='lat' dir='ltr'><strong>Floret</strong></span> <span class='ocrx_word' id='word_1_449' title='bbox 1012 3589 1186 3672; x_wconf 82' lang='lat' dir='ltr'><strong>collegium</strong></span> 
     </span>
     <span class='ocr_line' id='line_1_40' title="bbox 213 3675 1260 3759; baseline -0.007 -16"><span class='ocrx_word' id='word_1_450' title='bbox 213 3679 254 3743; x_wconf 89' lang='lat' dir='ltr'><strong>in</strong></span> <span class='ocrx_word' id='word_1_451' title='bbox 276 3675 386 3755; x_wconf 89' lang='lat' dir='ltr'><strong>literis,</strong></span> <span class='ocrx_word' id='word_1_452' title='bbox 408 3679 600 3742; x_wconf 84' lang='lat' dir='ltr'><strong>mussitetur</strong></span> <span class='ocrx_word' id='word_1_453' title='bbox 620 3675 743 3758; x_wconf 87' lang='lat' dir='ltr'><strong>aliquid</strong></span> <span class='ocrx_word' id='word_1_454' title='bbox 766 3675 806 3740; x_wconf 94' lang='lat' dir='ltr'><strong>de</strong></span> <span class='ocrx_word' id='word_1_455' title='bbox 827 3676 962 3758; x_wconf 84' lang='lat' dir='ltr'><strong>pietate:</strong></span> <span class='ocrx_word' id='word_1_456' title='bbox 984 3675 1046 3741; x_wconf 91' lang='lat' dir='ltr'><strong>hoc</strong></span> <span class='ocrx_word' id='word_1_457' title='bbox 1067 3681 1186 3759; x_wconf 90' lang='lat' dir='ltr'><strong>putant</strong></span> <span class='ocrx_word' id='word_1_458' title='bbox 1258 3701 1260 3710; x_wconf 68' lang='lat'><em>,</em></span> 
     </span>
     <span class='ocr_line' id='line_1_41' title="bbox 214 3759 2210 3848; baseline -0.002 -20"><span class='ocrx_word' id='word_1_459' title='bbox 214 3761 343 3848; x_wconf 80' lang='lat' dir='ltr'><strong>grande</strong></span> <span class='ocrx_word' id='word_1_460' title='bbox 365 3761 495 3844; x_wconf 87' lang='lat' dir='ltr'><strong>aliquid.</strong></span> <span class='ocrx_word' id='word_1_461' title='bbox 541 3761 650 3844; x_wconf 76' lang='lat' dir='ltr'><strong>Rufus</strong></span> <span class='ocrx_word' id='word_1_462' title='bbox 678 3771 868 3844; x_wconf 84' lang='lat' dir='ltr'><strong>praeceptor</strong></span> <span class='ocrx_word' id='word_1_463' title='bbox 896 3781 988 3826; x_wconf 91' lang='lat' dir='ltr'><strong>meus</strong></span> <span class='ocrx_word' id='word_1_464' title='bbox 1010 3761 1115 3826; x_wconf 88' lang='lat' dir='ltr'><strong>fertur</strong></span> <span class='ocrx_word' id='word_1_465' title='bbox 1135 3761 1186 3824; x_wconf 91' lang='lat' dir='ltr'><strong>in·</strong></span> <span class='ocrx_word' id='word_1_466' title='bbox 1322 3759 1441 3825; x_wconf 76' lang='lat' dir='ltr'><strong>Gratia</strong></span> <span class='ocrx_word' id='word_1_467' title='bbox 1467 3759 1602 3823; x_wconf 92' lang='lat' dir='ltr'><strong>Domini</strong></span> <span class='ocrx_word' id='word_1_468' title='bbox 1630 3769 1747 3824; x_wconf 91' lang='lat' dir='ltr'><strong>tecum.</strong></span> <span class='ocrx_word' id='word_1_469' title='bbox 1798 3759 1885 3841; x_wconf 76' lang='lat' dir='ltr'><strong>Quis</strong></span> <span class='ocrx_word' id='word_1_470' title='bbox 1918 3759 1953 3824; x_wconf 90' lang='lat' dir='ltr'><strong>hi</strong></span> <span class='ocrx_word' id='word_1_471' title='bbox 1982 3759 2047 3824; x_wconf 92' lang='lat' dir='ltr'><strong>duo</strong></span> <span class='ocrx_word' id='word_1_472' title='bbox 2075 3761 2210 3824; x_wconf 87' lang='lat' dir='ltr'><strong>iuvenes</strong></span> 
     </span>
     <span class='ocr_line' id='line_1_42' title="bbox 215 3845 2208 3930; baseline -0.004 -14"><span class='ocrx_word' id='word_1_473' title='bbox 215 3859 330 3916; x_wconf 86' lang='lat' dir='ltr'><strong>tentus</strong></span> <span class='ocrx_word' id='word_1_474' title='bbox 347 3869 418 3914; x_wconf 87' lang='lat' dir='ltr'><strong>esse</strong></span> <span class='ocrx_word' id='word_1_475' title='bbox 436 3846 535 3913; x_wconf 91' lang='lat' dir='ltr'><strong>verbo</strong></span> <span class='ocrx_word' id='word_1_476' title='bbox 552 3846 788 3926; x_wconf 85' lang='lat' dir='ltr'><strong>adnunciando,</strong></span> <span class='ocrx_word' id='word_1_477' title='bbox 807 3846 1031 3930; x_wconf 84' lang='lat' dir='ltr'><strong>eleemosynis,</strong></span> <span class='ocrx_word' id='word_1_478' title='bbox 1049 3865 1087 3912; x_wconf 89' lang='lat' dir='ltr'><strong>eo</strong></span> <span class='ocrx_word' id='word_1_479' title='bbox 1106 3845 1186 3910; x_wconf 92' lang='lat' dir='ltr'><strong>edu·</strong></span> <span class='ocrx_word' id='word_1_480' title='bbox 1239 3845 1333 3911; x_wconf 85' lang='lat' dir='ltr'><strong>valde</strong></span> <span class='ocrx_word' id='word_1_481' title='bbox 1354 3845 1559 3909; x_wconf 88' lang='lat' dir='ltr'><strong>familiariter</strong></span> <span class='ocrx_word' id='word_1_482' title='bbox 1580 3857 1613 3910; x_wconf 92' lang='lat' dir='ltr'><strong>ct</strong></span> <span class='ocrx_word' id='word_1_483' title='bbox 1635 3847 1737 3910; x_wconf 91' lang='lat' dir='ltr'><strong>amice</strong></span> <span class='ocrx_word' id='word_1_484' title='bbox 1760 3847 1918 3912; x_wconf 84' lang='lat' dir='ltr'><strong>vixerunt</strong></span> <span class='ocrx_word' id='word_1_485' title='bbox 1938 3865 2075 3922; x_wconf 90' lang='lat' dir='ltr'><strong>meeum,</strong></span> <span class='ocrx_word' id='word_1_486' title='bbox 2105 3845 2208 3908; x_wconf 90' lang='lat' dir='ltr'><strong>maior</strong></span> 
     </span>
     <span class='ocr_line' id='line_1_43' title="bbox 213 3931 2211 4016; baseline -0.003 -17"><span class='ocrx_word' id='word_1_487' title='bbox 213 3933 331 4000; x_wconf 87' lang='lat' dir='ltr'><strong>caudis</strong></span> <span class='ocrx_word' id='word_1_488' title='bbox 352 3933 474 4016; x_wconf 86' lang='lat' dir='ltr'><strong>aliquot</strong></span> <span class='ocrx_word' id='word_1_489' title='bbox 501 3935 536 3998; x_wconf 92' lang='lat' dir='ltr'><strong>in</strong></span> <span class='ocrx_word' id='word_1_490' title='bbox 558 3933 669 3998; x_wconf 87' lang='lat' dir='ltr'><strong>literis.</strong></span> <span class='ocrx_word' id='word_1_491' title='bbox 713 3933 815 3998; x_wconf 78' lang='lat' dir='ltr'><strong>Ferit</strong></span> <span class='ocrx_word' id='word_1_492' title='bbox 836 3932 989 4006; x_wconf 79' lang='lat' dir='ltr'><strong>Christus</strong></span> <span class='ocrx_word' id='word_1_493' title='bbox 1017 3943 1055 3998; x_wconf 94' lang='lat' dir='ltr'><strong>ut</strong></span> <span class='ocrx_word' id='word_1_494' title='bbox 1076 3941 1187 3996; x_wconf 84' lang='lat' dir='ltr'><strong>sancte</strong></span> <span class='ocrx_word' id='word_1_495' title='bbox 1238 3932 1346 4009; x_wconf 89' lang='lat' dir='ltr'><strong>etiam,</strong></span> <span class='ocrx_word' id='word_1_496' title='bbox 1368 3931 1424 4013; x_wconf 90' lang='lat' dir='ltr'><strong>qui</strong></span> <span class='ocrx_word' id='word_1_497' title='bbox 1446 3938 1558 3994; x_wconf 88' lang='lat' dir='ltr'><strong>notam</strong></span> <span class='ocrx_word' id='word_1_498' title='bbox 1576 3931 1662 4014; x_wconf 90' lang='lat' dir='ltr'><strong>gerit</strong></span> <span class='ocrx_word' id='word_1_499' title='bbox 1678 3932 1712 3994; x_wconf 93' lang='lat' dir='ltr'><strong>in</strong></span> <span class='ocrx_word' id='word_1_500' title='bbox 1731 3932 1833 4010; x_wconf 91' lang='lat' dir='ltr'><strong>oculo,</strong></span> <span class='ocrx_word' id='word_1_501' title='bbox 1857 3931 2127 4007; x_wconf 89' lang='lat' dir='ltr'><strong>coniunctissime,</strong></span> <span class='ocrx_word' id='word_1_502' title='bbox 2150 3951 2211 3994; x_wconf 92' lang='lat' dir='ltr'><strong>no-</strong></span> 
     </span>
     <span class='ocr_line' id='line_1_44' title="bbox 213 4015 2211 4104; baseline -0.003 -22"><span class='ocrx_word' id='word_1_503' title='bbox 213 4031 342 4104; x_wconf 80' lang='lat' dir='ltr'><strong>pergat.</strong></span> <span class='ocrx_word' id='word_1_504' title='bbox 395 4019 580 4084; x_wconf 76' lang='lat' dir='ltr'><strong>Vouricaeis</strong></span> <span class='ocrx_word' id='word_1_505' title='bbox 597 4019 679 4083; x_wconf 88' lang='lat' dir='ltr'><strong>mire</strong></span> <span class='ocrx_word' id='word_1_506' title='bbox 696 4018 942 4084; x_wconf 90' lang='lat' dir='ltr'><strong>commendatur</strong></span> <span class='ocrx_word' id='word_1_507' title='bbox 963 4019 1004 4084; x_wconf 95' lang='lat' dir='ltr'><strong>ob</strong></span> <span class='ocrx_word' id='word_1_508' title='bbox 1025 4019 1187 4100; x_wconf 88' lang='lat' dir='ltr'><strong>interpre·</strong></span> <span class='ocrx_word' id='word_1_509' title='bbox 1237 4018 1285 4082; x_wconf 88' lang='lat' dir='ltr'><strong>lui</strong></span> <span class='ocrx_word' id='word_1_510' title='bbox 1306 4017 1495 4098; x_wconf 88' lang='lat' dir='ltr'><strong>permittere</strong></span> <span class='ocrx_word' id='word_1_511' title='bbox 1516 4026 1554 4080; x_wconf 90' lang='lat' dir='ltr'><strong>nt</strong></span> <span class='ocrx_word' id='word_1_512' title='bbox 1574 4015 1688 4082; x_wconf 87' lang='lat' dir='ltr'><strong>urbem</strong></span> <span class='ocrx_word' id='word_1_513' title='bbox 1705 4027 1849 4082; x_wconf 88' lang='lat' dir='ltr'><strong>vestram</strong></span> <span class='ocrx_word' id='word_1_514' title='bbox 1867 4017 2083 4100; x_wconf 73' lang='lat' dir='ltr'><strong>praeterirent</strong></span> <span class='ocrx_word' id='word_1_515' title='bbox 2108 4023 2140 4078; x_wconf 89' lang='lat' dir='ltr'><strong>te</strong></span> <span class='ocrx_word' id='word_1_516' title='bbox 2157 4015 2211 4078; x_wconf 92' lang='lat' dir='ltr'><strong>iu-</strong></span> 
     </span>
     <span class='ocr_line' id='line_1_45' title="bbox 214 4100 2209 4188; baseline -0.004 -18"><span class='ocrx_word' id='word_1_517' title='bbox 214 4105 376 4170; x_wconf 88' lang='lat' dir='ltr'><strong>tationem</strong></span> <span class='ocrx_word' id='word_1_518' title='bbox 397 4104 495 4170; x_wconf 86' lang='lat' dir='ltr'><strong>Pauli</strong></span> <span class='ocrx_word' id='word_1_519' title='bbox 516 4105 643 4188; x_wconf 89' lang='lat' dir='ltr'><strong>iugem,</strong></span> <span class='ocrx_word' id='word_1_520' title='bbox 673 4125 710 4170; x_wconf 85' lang='lat' dir='ltr'><strong>oe</strong></span> <span class='ocrx_word' id='word_1_521' title='bbox 736 4105 831 4186; x_wconf 88' lang='lat' dir='ltr'><strong>iuges</strong></span> <span class='ocrx_word' id='word_1_522' title='bbox 860 4105 1039 4170; x_wconf 88' lang='lat' dir='ltr'><strong>conciones.</strong></span> <span class='ocrx_word' id='word_1_523' title='bbox 1082 4103 1132 4168; x_wconf 74' lang='lat' dir='ltr'><strong>Tu</strong></span> <span class='ocrx_word' id='word_1_524' title='bbox 1155 4109 1189 4166; x_wconf 92' lang='lat' dir='ltr'><strong>et</strong></span> <span class='ocrx_word' id='word_1_525' title='bbox 1239 4103 1393 4180; x_wconf 88' lang='lat' dir='ltr'><strong>salutato,</strong></span> <span class='ocrx_word' id='word_1_526' title='bbox 1421 4103 1540 4185; x_wconf 90' lang='lat' dir='ltr'><strong>partim</strong></span> <span class='ocrx_word' id='word_1_527' title='bbox 1568 4112 1606 4166; x_wconf 94' lang='lat' dir='ltr'><strong>ut</strong></span> <span class='ocrx_word' id='word_1_528' title='bbox 1627 4113 1659 4166; x_wconf 93' lang='lat' dir='ltr'><strong>te</strong></span> <span class='ocrx_word' id='word_1_529' title='bbox 1681 4103 1840 4180; x_wconf 90' lang='lat' dir='ltr'><strong>viderent,</strong></span> <span class='ocrx_word' id='word_1_530' title='bbox 1869 4125 1906 4168; x_wconf 85' lang='lat' dir='ltr'><strong>ac</strong></span> <span class='ocrx_word' id='word_1_531' title='bbox 1927 4103 1955 4165; x_wconf 89' lang='grc' dir='ltr'><strong>ιι</strong></span> <span class='ocrx_word' id='word_1_532' title='bbox 1977 4102 2025 4164; x_wconf 82' lang='lat' dir='ltr'><strong>ita</strong></span> <span class='ocrx_word' id='word_1_533' title='bbox 2046 4100 2130 4163; x_wconf 92' lang='lat' dir='ltr'><strong>forat</strong></span> <span class='ocrx_word' id='word_1_534' title='bbox 2150 4119 2209 4183; x_wconf 90' lang='lat' dir='ltr'><strong>op·</strong></span> 
     </span>
     <span class='ocr_line' id='line_1_46' title="bbox 215 4185 2210 4272; baseline -0.004 -16"><span class='ocrx_word' id='word_1_535' title='bbox 215 4191 274 4256; x_wconf 88' lang='lat' dir='ltr'><strong>alii</strong></span> <span class='ocrx_word' id='word_1_536' title='bbox 296 4211 376 4272; x_wconf 90' lang='lat' dir='ltr'><strong>quos</strong></span> <span class='ocrx_word' id='word_1_537' title='bbox 404 4191 540 4272; x_wconf 89' lang='lat' dir='ltr'><strong>potestis</strong></span> <span class='ocrx_word' id='word_1_538' title='bbox 568 4209 663 4254; x_wconf 88' lang='lat' dir='ltr'><strong>nosse</strong></span> <span class='ocrx_word' id='word_1_539' title='bbox 690 4189 723 4254; x_wconf 93' lang='lat' dir='ltr'><strong>in</strong></span> <span class='ocrx_word' id='word_1_540' title='bbox 752 4209 848 4272; x_wconf 89' lang='lat' dir='ltr'><strong>opere</strong></span> <span class='ocrx_word' id='word_1_541' title='bbox 879 4188 1013 4254; x_wconf 91' lang='lat' dir='ltr'><strong>Domini</strong></span> <span class='ocrx_word' id='word_1_542' title='bbox 1042 4209 1186 4271; x_wconf 83' lang='lat' dir='ltr'><strong>pergere,</strong></span> <span class='ocrx_word' id='word_1_543' title='bbox 1238 4190 1424 4272; x_wconf 89' lang='lat' dir='ltr'><strong>portunitas</strong></span> <span class='ocrx_word' id='word_1_544' title='bbox 1446 4187 1590 4252; x_wconf 87' lang='lat' dir='ltr'><strong>taedium</strong></span> <span class='ocrx_word' id='word_1_545' title='bbox 1619 4189 1906 4272; x_wconf 88' lang='lat' dir='ltr'><strong>fatigationemque</strong></span> <span class='ocrx_word' id='word_1_546' title='bbox 1928 4207 1969 4250; x_wconf 87' lang='lat' dir='ltr'><strong>ex</strong></span> <span class='ocrx_word' id='word_1_547' title='bbox 1990 4185 2109 4249; x_wconf 91' lang='lat' dir='ltr'><strong>itinere</strong></span> <span class='ocrx_word' id='word_1_548' title='bbox 2130 4205 2210 4250; x_wconf 88' lang='lat' dir='ltr'><strong>oon-</strong></span> 
     </span>
     <span class='ocr_line' id='line_1_47' title="bbox 215 4269 2210 4358; baseline -0.003 -16"><span class='ocrx_word' id='word_1_549' title='bbox 215 4275 324 4342; x_wconf 90' lang='lat' dir='ltr'><strong>literis</strong></span> <span class='ocrx_word' id='word_1_550' title='bbox 345 4298 400 4342; x_wconf 90' lang='lat' dir='ltr'><strong>eos</strong></span> <span class='ocrx_word' id='word_1_551' title='bbox 421 4275 545 4340; x_wconf 91' lang='lat' dir='ltr'><strong>debetis</strong></span> <span class='ocrx_word' id='word_1_552' title='bbox 566 4274 742 4340; x_wconf 87' lang='lat' dir='ltr'><strong>sollicitare</strong></span> <span class='ocrx_word' id='word_1_553' title='bbox 762 4285 799 4338; x_wconf 91' lang='lat' dir='ltr'><strong>ut</strong></span> <span class='ocrx_word' id='word_1_554' title='bbox 816 4273 1005 4358; x_wconf 89' lang='lat' dir='ltr'><strong>diligentius</strong></span> <span class='ocrx_word' id='word_1_555' title='bbox 1022 4282 1057 4340; x_wconf 91' lang='lat' dir='ltr'><strong>et</strong></span> <span class='ocrx_word' id='word_1_556' title='bbox 1072 4273 1188 4356; x_wconf 87' lang='lat' dir='ltr'><strong>purius</strong></span> <span class='ocrx_word' id='word_1_557' title='bbox 1240 4281 1380 4340; x_wconf 86' lang='lat' dir='ltr'><strong>tractam</strong></span> <span class='ocrx_word' id='word_1_558' title='bbox 1410 4273 1568 4354; x_wconf 90' lang='lat' dir='ltr'><strong>colloquio</strong></span> <span class='ocrx_word' id='word_1_559' title='bbox 1594 4282 1652 4338; x_wconf 93' lang='lat' dir='ltr'><strong>tuo</strong></span> <span class='ocrx_word' id='word_1_560' title='bbox 1678 4273 1839 4350; x_wconf 86' lang='lat' dir='ltr'><strong>levarent,</strong></span> <span class='ocrx_word' id='word_1_561' title='bbox 1870 4271 1990 4353; x_wconf 88' lang='lat' dir='ltr'><strong>partim</strong></span> <span class='ocrx_word' id='word_1_562' title='bbox 2018 4282 2056 4334; x_wconf 89' lang='lat' dir='ltr'><strong>ut</strong></span> <span class='ocrx_word' id='word_1_563' title='bbox 2084 4291 2139 4336; x_wconf 89' lang='lat' dir='ltr'><strong>ecs</strong></span> <span class='ocrx_word' id='word_1_564' title='bbox 2167 4269 2210 4336; x_wconf 96' lang='lat' dir='ltr'><strong>de</strong></span> 
     </span>
     <span class='ocr_line' id='line_1_48' title="bbox 215 4354 2209 4447; baseline -0.003 -21"><span class='ocrx_word' id='word_1_565' title='bbox 215 4372 367 4447; x_wconf 86' lang='lat' dir='ltr'><strong>pergant.</strong></span> <span class='ocrx_word' id='word_1_566' title='bbox 412 4360 565 4426; x_wconf 82' lang='lat' dir='ltr'><strong>Christus</strong></span> <span class='ocrx_word' id='word_1_567' title='bbox 585 4360 680 4426; x_wconf 90' lang='lat' dir='ltr'><strong>Iesus</strong></span> <span class='ocrx_word' id='word_1_568' title='bbox 707 4381 821 4426; x_wconf 90' lang='lat' dir='ltr'><strong>omnes</strong></span> <span class='ocrx_word' id='word_1_569' title='bbox 842 4381 920 4426; x_wconf 86' lang='lat' dir='ltr'><strong>suae</strong></span> <span class='ocrx_word' id='word_1_570' title='bbox 942 4361 1064 4446; x_wconf 90' lang='lat' dir='ltr'><strong>gloriae</strong></span> <span class='ocrx_word' id='word_1_571' title='bbox 1087 4369 1124 4424; x_wconf 91' lang='lat' dir='ltr'><strong>nt</strong></span> <span class='ocrx_word' id='word_1_572' title='bbox 1145 4379 1188 4422; x_wconf 82' lang='lat' dir='ltr'><strong>ex</strong></span> <span class='ocrx_word' id='word_1_573' title='bbox 1240 4368 1328 4426; x_wconf 83' lang='lat' dir='ltr'><strong>stetu</strong></span> <span class='ocrx_word' id='word_1_574' title='bbox 1351 4369 1461 4423; x_wconf 90' lang='lat' dir='ltr'><strong>nostro</strong></span> <span class='ocrx_word' id='word_1_575' title='bbox 1482 4378 1592 4440; x_wconf 90' lang='lat' dir='ltr'><strong>posses</strong></span> <span class='ocrx_word' id='word_1_576' title='bbox 1621 4359 1840 4442; x_wconf 87' lang='lat' dir='ltr'><strong>interrogare,</strong></span> <span class='ocrx_word' id='word_1_577' title='bbox 1869 4377 1906 4421; x_wconf 90' lang='lat' dir='ltr'><strong>ae</strong></span> <span class='ocrx_word' id='word_1_578' title='bbox 1934 4354 2030 4420; x_wconf 92' lang='lat' dir='ltr'><strong>rebus</strong></span> <span class='ocrx_word' id='word_1_579' title='bbox 2057 4356 2209 4422; x_wconf 88' lang='lat' dir='ltr'><strong>omnibns</strong></span> 
     </span>
     <span class='ocr_line' id='line_1_49' title="bbox 214 4441 2208 4529; baseline -0.004 -16"><span class='ocrx_word' id='word_1_580' title='bbox 214 4447 329 4514; x_wconf 89' lang='lat' dir='ltr'><strong>animo</strong></span> <span class='ocrx_word' id='word_1_581' title='bbox 350 4447 532 4512; x_wconf 87' lang='lat' dir='ltr'><strong>serviamus</strong></span> <span class='ocrx_word' id='word_1_582' title='bbox 552 4447 658 4512; x_wconf 85' lang='lat' dir='ltr'><strong>faciat.</strong></span> <span class='ocrx_word' id='word_1_583' title='bbox 698 4445 750 4512; x_wconf 91' lang='lat' dir='ltr'><strong>De</strong></span> <span class='ocrx_word' id='word_1_584' title='bbox 763 4447 901 4512; x_wconf 82' lang='lat' dir='ltr'><strong>Geneva</strong></span> <span class='ocrx_word' id='word_1_585' title='bbox 922 4447 1006 4512; x_wconf 90' lang='lat' dir='ltr'><strong>nihil</strong></span> <span class='ocrx_word' id='word_1_586' title='bbox 1027 4445 1110 4510; x_wconf 87' lang='lat' dir='ltr'><strong>certi</strong></span> <span class='ocrx_word' id='word_1_587' title='bbox 1131 4465 1188 4508; x_wconf 89' lang='lat' dir='ltr'><strong>au·</strong></span> <span class='ocrx_word' id='word_1_588' title='bbox 1240 4465 1323 4529; x_wconf 89' lang='lat' dir='ltr'><strong>quac</strong></span> <span class='ocrx_word' id='word_1_589' title='bbox 1344 4444 1399 4508; x_wconf 90' lang='lat' dir='ltr'><strong>hic</strong></span> <span class='ocrx_word' id='word_1_590' title='bbox 1419 4455 1571 4528; x_wconf 88' lang='lat' dir='ltr'><strong>aguntur.</strong></span> <span class='ocrx_word' id='word_1_591' title='bbox 1602 4444 1687 4509; x_wconf 90' lang='lat' dir='ltr'><strong>Nam</strong></span> <span class='ocrx_word' id='word_1_592' title='bbox 1706 4443 1789 4507; x_wconf 89' lang='lat' dir='ltr'><strong>nihil</strong></span> <span class='ocrx_word' id='word_1_593' title='bbox 1806 4450 1856 4506; x_wconf 93' lang='lat' dir='ltr'><strong>est</strong></span> <span class='ocrx_word' id='word_1_594' title='bbox 1875 4441 1961 4524; x_wconf 93' lang='lat' dir='ltr'><strong>quod</strong></span> <span class='ocrx_word' id='word_1_595' title='bbox 1979 4463 2045 4506; x_wconf 94' lang='lat' dir='ltr'><strong>non</strong></span> <span class='ocrx_word' id='word_1_596' title='bbox 2064 4449 2208 4520; x_wconf 89' lang='lat' dir='ltr'><strong>teneant,</strong></span> 
     </span>
     <span class='ocr_line' id='line_1_50' title="bbox 215 4527 2210 4616; baseline -0.003 -18"><span class='ocrx_word' id='word_1_597' title='bbox 215 4531 285 4598; x_wconf 92' lang='lat' dir='ltr'><strong>dio.</strong></span> <span class='ocrx_word' id='word_1_598' title='bbox 328 4531 489 4616; x_wconf 88' lang='lat' dir='ltr'><strong>Cuperem</strong></span> <span class='ocrx_word' id='word_1_599' title='bbox 507 4532 689 4598; x_wconf 89' lang='lat' dir='ltr'><strong>admonitos</strong></span> <span class='ocrx_word' id='word_1_600' title='bbox 708 4553 821 4598; x_wconf 90' lang='lat' dir='ltr'><strong>omnes</strong></span> <span class='ocrx_word' id='word_1_601' title='bbox 841 4543 973 4614; x_wconf 83' lang='lat' dir='ltr'><strong>peecata</strong></span> <span class='ocrx_word' id='word_1_602' title='bbox 994 4553 1054 4598; x_wconf 89' lang='lat' dir='ltr'><strong>sua</strong></span> <span class='ocrx_word' id='word_1_603' title='bbox 1071 4551 1189 4614; x_wconf 88' lang='lat' dir='ltr'><strong>agnos·</strong></span> <span class='ocrx_word' id='word_1_604' title='bbox 1240 4542 1274 4596; x_wconf 91' lang='lat' dir='ltr'><strong>ct</strong></span> <span class='ocrx_word' id='word_1_605' title='bbox 1295 4549 1362 4596; x_wconf 93' lang='lat' dir='ltr'><strong>non</strong></span> <span class='ocrx_word' id='word_1_606' title='bbox 1384 4529 1610 4596; x_wconf 83' lang='lat' dir='ltr'><strong>detrectabunt</strong></span> <span class='ocrx_word' id='word_1_607' title='bbox 1627 4530 1684 4595; x_wconf 91' lang='lat' dir='ltr'><strong>tibi</strong></span> <span class='ocrx_word' id='word_1_608' title='bbox 1702 4528 1834 4605; x_wconf 89' lang='lat' dir='ltr'><strong>referre,</strong></span> <span class='ocrx_word' id='word_1_609' title='bbox 1856 4527 2015 4609; x_wconf 92' lang='lat' dir='ltr'><strong>siquidem</strong></span> <span class='ocrx_word' id='word_1_610' title='bbox 2037 4547 2095 4610; x_wconf 86' lang='lat' dir='ltr'><strong>per</strong></span> <span class='ocrx_word' id='word_1_611' title='bbox 2116 4547 2210 4593; x_wconf 85' lang='lat' dir='ltr'><strong>occe·</strong></span> 
     </span>
     <span class='ocr_line' id='line_1_51' title="bbox 215 4611 2208 4701; baseline -0.005 -16"><span class='ocrx_word' id='word_1_612' title='bbox 215 4627 342 4698; x_wconf 85' lang='lat' dir='ltr'><strong>nerent,</strong></span> <span class='ocrx_word' id='word_1_613' title='bbox 365 4619 542 4684; x_wconf 89' lang='lat' dir='ltr'><strong>Dominum</strong></span> <span class='ocrx_word' id='word_1_614' title='bbox 565 4629 631 4684; x_wconf 89' lang='lat' dir='ltr'><strong>toto</strong></span> <span class='ocrx_word' id='word_1_615' title='bbox 653 4626 783 4701; x_wconf 88' lang='lat' dir='ltr'><strong>pectore</strong></span> <span class='ocrx_word' id='word_1_616' title='bbox 800 4619 1000 4694; x_wconf 88' lang='lat' dir='ltr'><strong>invocarent,</strong></span> <span class='ocrx_word' id='word_1_617' title='bbox 1023 4625 1056 4682; x_wconf 91' lang='lat' dir='ltr'><strong>et</strong></span> <span class='ocrx_word' id='word_1_618' title='bbox 1073 4616 1108 4680; x_wconf 91' lang='lat' dir='ltr'><strong>in</strong></span> <span class='ocrx_word' id='word_1_619' title='bbox 1120 4614 1188 4680; x_wconf 92' lang='lat' dir='ltr'><strong>Do·</strong></span> <span class='ocrx_word' id='word_1_620' title='bbox 1240 4617 1363 4682; x_wconf 90' lang='lat' dir='ltr'><strong>sionem</strong></span> <span class='ocrx_word' id='word_1_621' title='bbox 1385 4616 1511 4681; x_wconf 91' lang='lat' dir='ltr'><strong>itineris</strong></span> <span class='ocrx_word' id='word_1_622' title='bbox 1532 4615 1648 4681; x_wconf 90' lang='lat' dir='ltr'><strong>licebit.</strong></span> <span class='ocrx_word' id='word_1_623' title='bbox 1692 4613 1733 4679; x_wconf 87' lang='lat' dir='ltr'><strong>id</strong></span> <span class='ocrx_word' id='word_1_624' title='bbox 1755 4613 1895 4695; x_wconf 85' lang='lat' dir='ltr'><strong>excipio,</strong></span> <span class='ocrx_word' id='word_1_625' title='bbox 1924 4614 2085 4695; x_wconf 89' lang='lat' dir='ltr'><strong>quianon</strong></span> <span class='ocrx_word' id='word_1_626' title='bbox 2106 4611 2208 4678; x_wconf 91' lang='lat' dir='ltr'><strong>liben-</strong></span> 
     </span>
     <span class='ocr_line' id='line_1_52' title="bbox 216 4698 2207 4786; baseline -0.004 -16"><span class='ocrx_word' id='word_1_627' title='bbox 216 4703 310 4770; x_wconf 91' lang='lat' dir='ltr'><strong>mino</strong></span> <span class='ocrx_word' id='word_1_628' title='bbox 340 4705 560 4770; x_wconf 88' lang='lat' dir='ltr'><strong>convenirent.</strong></span> <span class='ocrx_word' id='word_1_629' title='bbox 611 4705 659 4770; x_wconf 87' lang='lat' dir='ltr'><strong>At</strong></span> <span class='ocrx_word' id='word_1_630' title='bbox 690 4705 753 4770; x_wconf 90' lang='lat' dir='ltr'><strong>scis</strong></span> <span class='ocrx_word' id='word_1_631' title='bbox 780 4723 879 4785; x_wconf 87' lang='lat' dir='ltr'><strong>quem</strong></span> <span class='ocrx_word' id='word_1_632' title='bbox 909 4723 1025 4785; x_wconf 88' lang='lat' dir='ltr'><strong>parum</strong></span> <span class='ocrx_word' id='word_1_633' title='bbox 1058 4703 1113 4784; x_wconf 85' lang='lat' dir='ltr'><strong>pie</strong></span> <span class='ocrx_word' id='word_1_634' title='bbox 1145 4701 1190 4766; x_wconf 90' lang='lat' dir='ltr'><strong>sit</strong></span> <span class='ocrx_word' id='word_1_635' title='bbox 1239 4713 1292 4768; x_wconf 91' lang='lat' dir='ltr'><strong>tar</strong></span> <span class='ocrx_word' id='word_1_636' title='bbox 1313 4723 1393 4786; x_wconf 87' lang='lat' dir='ltr'><strong>quos</strong></span> <span class='ocrx_word' id='word_1_637' title='bbox 1416 4703 1504 4766; x_wconf 87' lang='lat' dir='ltr'><strong>nacti</strong></span> <span class='ocrx_word' id='word_1_638' title='bbox 1531 4709 1609 4766; x_wconf 91' lang='lat' dir='ltr'><strong>sunt</strong></span> <span class='ocrx_word' id='word_1_639' title='bbox 1637 4701 1770 4766; x_wconf 88' lang='lat' dir='ltr'><strong>comites</strong></span> <span class='ocrx_word' id='word_1_640' title='bbox 1799 4698 1951 4763; x_wconf 88' lang='lat' dir='ltr'><strong>deserent</strong></span> <span class='ocrx_word' id='word_1_641' title='bbox 1977 4706 2109 4781; x_wconf 89' lang='lat' dir='ltr'><strong>propter</strong></span> <span class='ocrx_word' id='word_1_642' title='bbox 2137 4699 2207 4762; x_wconf 91' lang='lat' dir='ltr'><strong>via·</strong></span> 
     </span>
     <span class='ocr_line' id='line_1_53' title="bbox 217 4781 2209 4874; baseline -0.005 -18"><span class='ocrx_word' id='word_1_643' title='bbox 217 4789 375 4856; x_wconf 87' lang='lat' dir='ltr'><strong>Lutetiae</strong></span> <span class='ocrx_word' id='word_1_644' title='bbox 393 4787 439 4874; x_wconf 85' lang='lat' dir='ltr'><strong>(l)</strong></span> <span class='ocrx_word' id='word_1_645' title='bbox 461 4791 537 4854; x_wconf 90' lang='lat' dir='ltr'><strong>unio</strong></span> <span class='ocrx_word' id='word_1_646' title='bbox 556 4791 676 4856; x_wconf 85' lang='lat' dir='ltr'><strong>rubrae</strong></span> <span class='ocrx_word' id='word_1_647' title='bbox 697 4810 735 4856; x_wconf 86' lang='lat' dir='ltr'><strong>ao</strong></span> <span class='ocrx_word' id='word_1_648' title='bbox 755 4788 873 4854; x_wconf 89' lang='lat' dir='ltr'><strong>viridis</strong></span> <span class='ocrx_word' id='word_1_649' title='bbox 894 4789 1051 4868; x_wconf 88' lang='lat' dir='ltr'><strong>fectionis,</strong></span> <span class='ocrx_word' id='word_1_650' title='bbox 1070 4789 1105 4852; x_wconf 92' lang='lat' dir='ltr'><strong>in</strong></span> <span class='ocrx_word' id='word_1_651' title='bbox 1128 4787 1189 4852; x_wconf 90' lang='lat' dir='ltr'><strong>hoo</strong></span> <span class='ocrx_word' id='word_1_652' title='bbox 1240 4809 1314 4854; x_wconf 90' lang='lat' dir='ltr'><strong>rum</strong></span> <span class='ocrx_word' id='word_1_653' title='bbox 1336 4787 1570 4854; x_wconf 86' lang='lat' dir='ltr'><strong>difficultatem.</strong></span> <span class='ocrx_word' id='word_1_654' title='bbox 1616 4785 1788 4851; x_wconf 78' lang='lat' dir='ltr'><strong>Caeterum</strong></span> <span class='ocrx_word' id='word_1_655' title='bbox 1810 4783 1897 4867; x_wconf 91' lang='lat' dir='ltr'><strong>quod</strong></span> <span class='ocrx_word' id='word_1_656' title='bbox 1929 4783 2012 4850; x_wconf 91' lang='lat' dir='ltr'><strong>nihil</strong></span> <span class='ocrx_word' id='word_1_657' title='bbox 2033 4783 2090 4848; x_wconf 88' lang='lat' dir='ltr'><strong>abs</strong></span> <span class='ocrx_word' id='word_1_658' title='bbox 2113 4791 2145 4848; x_wconf 88' lang='lat' dir='ltr'><strong>te</strong></span> <span class='ocrx_word' id='word_1_659' title='bbox 2166 4781 2209 4847; x_wconf 92' lang='lat' dir='ltr'><strong>li·</strong></span> 
     </span>
     <span class='ocr_line' id='line_1_54' title="bbox 216 4869 2211 4956; baseline -0.005 -15"><span class='ocrx_word' id='word_1_660' title='bbox 216 4897 292 4941; x_wconf 84' lang='lat' dir='ltr'><strong>sese</strong></span> <span class='ocrx_word' id='word_1_661' title='bbox 313 4884 352 4940; x_wconf 91' lang='lat' dir='ltr'><strong>ut</strong></span> <span class='ocrx_word' id='word_1_662' title='bbox 371 4882 534 4955; x_wconf 88' lang='lat' dir='ltr'><strong>tueantur,</strong></span> <span class='ocrx_word' id='word_1_663' title='bbox 563 4897 678 4942; x_wconf 89' lang='lat' dir='ltr'><strong>rursus</strong></span> <span class='ocrx_word' id='word_1_664' title='bbox 699 4877 786 4940; x_wconf 88' lang='lat' dir='ltr'><strong>inter</strong></span> <span class='ocrx_word' id='word_1_665' title='bbox 807 4897 841 4940; x_wconf 92' lang='lat' dir='ltr'><strong>se</strong></span> <span class='ocrx_word' id='word_1_666' title='bbox 863 4875 1080 4939; x_wconf 88' lang='lat' dir='ltr'><strong>conflicturae.</strong></span> <span class='ocrx_word' id='word_1_667' title='bbox 1125 4874 1188 4936; x_wconf 81' lang='lat' dir='ltr'><strong>&#39;Pa-</strong></span> <span class='ocrx_word' id='word_1_668' title='bbox 1241 4881 1385 4940; x_wconf 90' lang='lat' dir='ltr'><strong>terarum</strong></span> <span class='ocrx_word' id='word_1_669' title='bbox 1407 4873 1535 4956; x_wconf 89' lang='lat' dir='ltr'><strong>recipio,</strong></span> <span class='ocrx_word' id='word_1_670' title='bbox 1561 4870 1696 4936; x_wconf 91' lang='lat' dir='ltr'><strong>etmihi</strong></span> <span class='ocrx_word' id='word_1_671' title='bbox 1719 4869 1951 4953; x_wconf 90' lang='lat' dir='ltr'><strong>permolestum</strong></span> <span class='ocrx_word' id='word_1_672' title='bbox 1972 4875 2022 4934; x_wconf 91' lang='lat' dir='ltr'><strong>est</strong></span> <span class='ocrx_word' id='word_1_673' title='bbox 2043 4875 2076 4934; x_wconf 88' lang='lat' dir='ltr'><strong>et</strong></span> <span class='ocrx_word' id='word_1_674' title='bbox 2097 4875 2211 4933; x_wconf 82' lang='lat' dir='ltr'><strong>nostra</strong></span> 
     </span>
     <span class='ocr_line' id='line_1_55' title="bbox 215 4951 2210 5045; baseline -0.004 -18"><span class='ocrx_word' id='word_1_675' title='bbox 215 4981 298 5028; x_wconf 87' lang='lat' dir='ltr'><strong>rnen</strong></span> <span class='ocrx_word' id='word_1_676' title='bbox 320 4960 353 5026; x_wconf 91' lang='lat' dir='ltr'><strong>id</strong></span> <span class='ocrx_word' id='word_1_677' title='bbox 375 4961 474 5026; x_wconf 90' lang='lat' dir='ltr'><strong>Pauli</strong></span> <span class='ocrx_word' id='word_1_678' title='bbox 495 5011 502 5028; x_wconf 92' lang='lat'><strong>.</strong></span> <span class='ocrx_word' id='word_1_679' title='bbox 527 5013 534 5030; x_wconf 96' lang='lat'><strong>.</strong></span> <span class='ocrx_word' id='word_1_680' title='bbox 557 4983 615 5045; x_wconf 92' lang='lat' dir='ltr'><strong>per</strong></span> <span class='ocrx_word' id='word_1_681' title='bbox 636 5011 644 5026; x_wconf 95' lang='lat'><strong>.</strong></span> <span class='ocrx_word' id='word_1_682' title='bbox 667 5009 675 5026; x_wconf 96' lang='lat'><strong>.</strong></span> <span class='ocrx_word' id='word_1_683' title='bbox 699 5009 706 5025; x_wconf 98' lang='lat'><strong>.</strong></span> <span class='ocrx_word' id='word_1_684' title='bbox 729 4961 847 5036; x_wconf 91' lang='lat' dir='ltr'><strong>ionem,</strong></span> <span class='ocrx_word' id='word_1_685' title='bbox 859 4963 887 5040; x_wconf 68' lang='grc'><strong>8)</strong></span> <span class='ocrx_word' id='word_1_686' title='bbox 909 4959 1006 5024; x_wconf 93' lang='lat' dir='ltr'><strong>modo</strong></span> <span class='ocrx_word' id='word_1_687' title='bbox 1027 4979 1094 5041; x_wconf 84' lang='lat' dir='ltr'><strong>pux</strong></span> <span class='ocrx_word' id='word_1_688' title='bbox 1113 4977 1189 5024; x_wconf 91' lang='lat' dir='ltr'><strong>con·</strong></span> <span class='ocrx_word' id='word_1_689' title='bbox 1241 4959 1386 5026; x_wconf 84' lang='lat' dir='ltr'><strong>amicitie</strong></span> <span class='ocrx_word' id='word_1_690' title='bbox 1412 4959 1508 5024; x_wconf 88' lang='lat' dir='ltr'><strong>valdo</strong></span> <span class='ocrx_word' id='word_1_691' title='bbox 1537 4957 1690 5022; x_wconf 86' lang='lat' dir='ltr'><strong>alienum.</strong></span> <span class='ocrx_word' id='word_1_692' title='bbox 1733 4954 1876 5022; x_wconf 90' lang='lat' dir='ltr'><strong>Proinde</strong></span> <span class='ocrx_word' id='word_1_693' title='bbox 1904 4954 2046 5019; x_wconf 90' lang='lat' dir='ltr'><strong>vident</strong></span> <span class='ocrx_word' id='word_1_694' title='bbox 2073 4951 2210 5034; x_wconf 80' lang='lat' dir='ltr'><strong>posthae</strong></span> 
     </span>
     <span class='ocr_line' id='line_1_56' title="bbox 598 5037 2209 5128; baseline -0.007 -13"><span class='ocrx_word' id='word_1_695' title='bbox 598 5088 601 5096; x_wconf 94' lang='lat'>·</span> <span class='ocrx_word' id='word_1_696' title='bbox 1242 5046 1287 5110; x_wconf 88' lang='lat' dir='ltr'><strong>sis</strong></span> <span class='ocrx_word' id='word_1_697' title='bbox 1309 5044 1371 5110; x_wconf 89' lang='lat' dir='ltr'><strong>hae</strong></span> <span class='ocrx_word' id='word_1_698' title='bbox 1392 5046 1429 5109; x_wconf 92' lang='lat' dir='ltr'><strong>in</strong></span> <span class='ocrx_word' id='word_1_699' title='bbox 1450 5052 1541 5128; x_wconf 92' lang='lat' dir='ltr'><strong>parte</strong></span> <span class='ocrx_word' id='word_1_700' title='bbox 1563 5042 1736 5107; x_wconf 89' lang='lat' dir='ltr'><strong>officiosior</strong></span> <span class='ocrx_word' id='word_1_701' title='bbox 1757 5042 1867 5120; x_wconf 91' lang='lat' dir='ltr'><strong>solito,</strong></span> <span class='ocrx_word' id='word_1_702' title='bbox 1889 5040 1952 5104; x_wconf 91' lang='lat' dir='ltr'><strong>nisi</strong></span> <span class='ocrx_word' id='word_1_703' title='bbox 1973 5039 2024 5103; x_wconf 90' lang='lat' dir='ltr'><strong>vis</strong></span> <span class='ocrx_word' id='word_1_704' title='bbox 2045 5037 2127 5102; x_wconf 86' lang='lat' dir='ltr'><strong>milri</strong></span> <span class='ocrx_word' id='word_1_705' title='bbox 2149 5059 2209 5103; x_wconf 85' lang='lat' dir='ltr'><strong>ex-</strong></span> 
     </span>
     <span class='ocr_line' id='line_1_57' title="bbox 1243 5123 2215 5214; baseline -0.008 -18"><span class='ocrx_word' id='word_1_706' title='bbox 1243 5131 1427 5214; x_wconf 90' lang='lat' dir='ltr'><strong>postulandi</strong></span> <span class='ocrx_word' id='word_1_707' title='bbox 1449 5149 1579 5195; x_wconf 82' lang='lat' dir='ltr'><strong>causam</strong></span> <span class='ocrx_word' id='word_1_708' title='bbox 1607 5126 1693 5194; x_wconf 90' lang='lat' dir='ltr'><strong>dare.</strong></span> <span class='ocrx_word' id='word_1_709' title='bbox 1738 5125 1856 5194; x_wconf 86' lang='lat' dir='ltr'><strong>Saluta</strong></span> <span class='ocrx_word' id='word_1_710' title='bbox 1879 5123 1961 5192; x_wconf 88' lang='lat' dir='ltr'><strong>mihi</strong></span> <span class='ocrx_word' id='word_1_711' title='bbox 1982 5123 2215 5190; x_wconf 88' lang='lat' dir='ltr'><strong>amentissime</strong></span> 
     </span>
     <span class='ocr_line' id='line_1_58' title="bbox 325 5205 2214 5300; baseline -0.007 -12"><span class='ocrx_word' id='word_1_712' title='bbox 325 5233 356 5299; x_wconf 82' lang='grc' dir='ltr'><strong>ιι</strong></span> <span class='ocrx_word' id='word_1_713' title='bbox 373 5249 450 5290; x_wconf 65' lang='grc' dir='ltr'><strong>ιιι</strong></span> <span class='ocrx_word' id='word_1_714' title='bbox 467 5233 585 5289; x_wconf 65' lang='lat' dir='ltr'><strong>mm</strong></span> <span class='ocrx_word' id='word_1_715' title='bbox 601 5231 709 5286; x_wconf 66' lang='lat' dir='ltr'><strong>roes</strong></span> <span class='ocrx_word' id='word_1_716' title='bbox 1243 5215 1384 5300; x_wconf 78' lang='lat' dir='ltr'><strong>collegas</strong></span> <span class='ocrx_word' id='word_1_717' title='bbox 1405 5225 1479 5280; x_wconf 83' lang='lat' dir='ltr'><strong>tuos</strong></span> <span class='ocrx_word' id='word_1_718' title='bbox 1503 5211 1649 5280; x_wconf 59' lang='lat' dir='ltr'><strong>Omnem</strong></span> <span class='ocrx_word' id='word_1_719' title='bbox 1671 5223 1705 5278; x_wconf 80' lang='grc' dir='ltr'><strong>ιι</strong></span> <span class='ocrx_word' id='word_1_720' title='bbox 1728 5213 1886 5290; x_wconf 62' lang='lat' dir='ltr'><strong>laeum,</strong></span> <span class='ocrx_word' id='word_1_721' title='bbox 1918 5209 2103 5292; x_wconf 66' lang='lat' dir='ltr'><strong>mendica,</strong></span> <span class='ocrx_word' id='word_1_722' title='bbox 2126 5205 2214 5284; x_wconf 69' lang='lat' dir='ltr'><strong>Cos-</strong></span> 
     </span>
    </p>
   </div>
   <div class='ocr_carea' id='block_1_7' title="bbox 330 5310 2005 5390">
    <p class='ocr_par' dir='ltr' id='par_1_16' title="bbox 330 5310 2005 5390">
     <span class='ocr_line' id='line_1_59' title="bbox 330 5310 2005 5390; baseline -0.017 -13"><span class='ocrx_word' id='word_1_723' title='bbox 330 5319 438 5377; x_wconf 76' lang='lat' dir='ltr'><strong>Golrias&#39;</strong></span> <span class='ocrx_word' id='word_1_724' title='bbox 454 5337 547 5390; x_wconf 73' lang='lat' dir='ltr'><strong>opero</strong></span> <span class='ocrx_word' id='word_1_725' title='bbox 591 5318 647 5373; x_wconf 87' lang='lat' dir='ltr'><strong>Vct.</strong></span> <span class='ocrx_word' id='word_1_726' title='bbox 668 5317 721 5370; x_wconf 78' lang='lat' dir='ltr'><strong>xi.</strong></span> <span class='ocrx_word' id='word_1_727' title='bbox 1986 5310 2005 5366; x_wconf 72' lang='lat'><strong><em>3</em></strong></span> 
     </span>
    </p>
   </div>
   <div class='ocr_carea' id='block_1_8' title="bbox 1862 2101 2120 2168">
    <p class='ocr_par' dir='ltr' id='par_1_17' title="bbox 1862 2101 2120 2168">
     <span class='ocr_line' id='line_1_60' title="bbox 1862 2101 2120 2168; baseline 0 -2"><span class='ocrx_word' id='word_1_728' title='bbox 1862 2101 2013 2168; x_wconf 76' lang='lat' dir='ltr'><strong>Farellus</strong></span> <span class='ocrx_word' id='word_1_729' title='bbox 2036 2111 2120 2168; x_wconf 89' lang='lat' dir='ltr'><strong>tuus.</strong></span> 
     </span>
    </p>
   </div>
   <div class='ocr_carea' id='block_1_9' title="bbox 1237 3537 2209 3688">
    <p class='ocr_par' dir='ltr' id='par_1_18' title="bbox 1237 3537 2209 3688">
     <span class='ocr_line' id='line_1_61' title="bbox 1237 3537 2209 3623; baseline -0.002 -17"><span class='ocrx_word' id='word_1_730' title='bbox 1237 3537 1373 3623; x_wconf 91' lang='lat' dir='ltr'><strong>Optimo</strong></span> <span class='ocrx_word' id='word_1_731' title='bbox 1390 3537 1483 3604; x_wconf 90' lang='lat' dir='ltr'><strong>fratri</strong></span> <span class='ocrx_word' id='word_1_732' title='bbox 1501 3559 1573 3602; x_wconf 91' lang='lat' dir='ltr'><strong>meo</strong></span> <span class='ocrx_word' id='word_1_733' title='bbox 1584 3537 1684 3603; x_wconf 90' lang='lat' dir='ltr'><strong>Petro</strong></span> <span class='ocrx_word' id='word_1_734' title='bbox 1694 3537 1818 3616; x_wconf 87' lang='lat' dir='ltr'><strong>Vircto,</strong></span> <span class='ocrx_word' id='word_1_735' title='bbox 1837 3537 2086 3604; x_wconf 84' lang='lat' dir='ltr'><strong>Lousonnensis</strong></span> <span class='ocrx_word' id='word_1_736' title='bbox 2105 3538 2209 3605; x_wconf 90' lang='lat' dir='ltr'><strong>eccle-</strong></span> 
     </span>
     <span class='ocr_line' id='line_1_62' title="bbox 1546 3621 1898 3688; baseline 0 0"><span class='ocrx_word' id='word_1_737' title='bbox 1546 3625 1613 3688; x_wconf 91' lang='lat' dir='ltr'><strong>siae</strong></span> <span class='ocrx_word' id='word_1_738' title='bbox 1631 3623 1779 3687; x_wconf 88' lang='lat' dir='ltr'><strong>ministro</strong></span> <span class='ocrx_word' id='word_1_739' title='bbox 1802 3621 1898 3688; x_wconf 91' lang='lat' dir='ltr'><strong>fideli.</strong></span> 
     </span>
    </p>
   </div>
   <div class='ocr_carea' id='block_1_10' title="bbox 0 0 2481 5972">
    <p class='ocr_par' dir='ltr' id='par_1_19' title="bbox 0 0 2481 5972">
     <span class='ocr_line' id='line_1_63' title="bbox 0 0 2481 5972; baseline 0 0"><span class='ocrx_word' id='word_1_740' title='bbox 0 0 2481 5972; x_wconf 95' lang='lat' dir='ltr'><strong> </strong></span> 
     </span>
    </p>
   </div>
  </div>
 </body>
</html>
