4898 5970
172 249 233 312 653
894 251 974 316 rete
995 246 1450 316 Novum-Duorum.
2104 251 2168 320 654

84 485 89 494 .
170 436 335 514 iustifioat,
371 456 437 502 non
469 443 600 504 exercet
630 435 789 502 iudioium
828 434 984 502 adversus
1016 435 1143 518 impios.
1195 439 1292 524 oipua
1318 445 1446 504 tantum
1474 436 1582 520 oapita
1610 434 1714 512 obiter
1734 443 1849 502 notare
1877 435 1974 503 volui.
2019 435 2167 520 Quodsi

172 518 210 588 Si
231 522 306 605 quis
327 522 413 588 hano
433 521 602 621 exagitare
623 522 715 588 volit:
739 522 833 588 Deus
850 541 917 587 uon
939 529 1070 587 exeroet
1090 521 1143 585 iu·
1196 523 1408 591 tumultuarie
1436 522 1534 588 nimis
1562 521 1685 588 faotum
1706 529 1766 600 est,
1794 521 2007 603 festinationi,
2037 544 2166 608 quaeso,

171 607 292 673 dioium
314 606 472 675 adversus
498 607 632 692 impios,
661 608 725 673 erit
750 607 915 692 speeiosus
941 612 1142 691 praetextus,
1194 611 1362 696 ignosoite.
1395 609 1449 674 Ad
1472 615 1656 674 extremum
1677 606 1718 673 de
1739 607 1868 692 integro
1889 615 2028 675 testatus
2049 617 2107 688 eet,
2130 629 2166 675 se

171 691 228 760 sed
249 713 346 758 nemo
369 701 418 759 est
440 714 538 760 senae
555 693 677 760 mentis
696 693 754 777 qni
770 713 887 760 verum
908 691 963 758 hio
984 712 1050 757 non
1072 712 1142 758 eer·
1195 718 1262 762 nou
1279 694 1352 762 ideo
1363 715 1494 762 voeasse
1511 695 1547 759 in
1564 690 1700 758 dubium
1717 691 1804 758 hano
1821 693 2053 777 quaestionem,
2072 697 2167 776 quo·

169 786 237 846 nat
266 776 424 845 Reoitabo
441 777 523 845 duas
534 777 642 845 adhue
660 786 718 846 aut
734 785 801 844 tres
818 777 949 844 similes.
979 775 1142 856 Christus,
1194 781 1294 848 vellet
1323 801 1457 848 sensum
1483 779 1584 846 semel
1612 787 1804 862 oonoeptnm
1831 780 2042 862 pertinaciter
2069 779 2165 858 tueri,

170 871 331 949 quatenus
352 873 402 930 est
423 862 590 944 mediator,
613 885 680 930 non
702 861 798 930 debet
818 884 857 929 eo
878 859 975 928 modo
996 863 1143 930 invocari
1193 889 1300 952 neque
1322 867 1385 932 alio
1406 866 1523 932 auimo·
1538 863 1603 932 hue
1623 863 1753 930 venisse
1770 885 1869 948 quam
1889 872 1928 930 ut
1944 862 2092 944 disseret,
2114 885 2166 931 se·

169 971 233 1101 lli
255 947 1142 1119 3333&er,purgarguprgfflqffi
1193 975 1256 1038 ‘¹¹¹⁰
1276 949 1946 1104 ttlttttteffittwtttt
1999 1033 2165 1101 semona

168 1129 289 1204 peooat.
333 1120 452 1200 Homo,
486 1087 647 1204 quatenus
677 1128 728 1187 est
755 1129 905 1187 ereatura
931 1120 1004 1200 Dei,
1034 1085 1142 1186 bonus
1193 1133 1317 1209 quanta
1343 1125 1434 1208 potui
1462 1122 1598 1189 lenitate
1626 1127 1672 1200 ut,
1701 1122 1768 1186 iam
1796 1122 2021 1204 experimento
2049 1119 2165 1188 doetus

170 1215 220 1273 est
237 1227 275 1272 ao
292 1212 410 1273 reatus.
444 1205 487 1272 In
505 1205 558 1272 his
575 1206 725 1273 omnibus
746 1205 918 1290 *simplex
935 1206 997 1270 etei
1015 1203 1141 1292 nuda²)
1192 1231 1292 1295 quam
1313 1210 1495 1294 pernitiose
1515 1229 1568 1275 res
1589 1207 1634 1274 sit
1654 1207 1850 1273 tumultuari
1876 1208 1912 1272 in
1933 1206 2069 1274 eenlesia
2089 1205 2164 1284 Dei,

169 1293 293 1358 veritae
320 1293 356 1358 in
389 1311 430 1358 ox
454 1290 638 1372 orientibus,
671 1292 735 1359 erit
762 1291 983 1360 oontroversia
1012 1291 1142 1376 siquis
1192 1295 1234 1361 ad
1266 1296 1355 1379 paois
1387 1293 1532 1362 studium
1564 1293 1711 1358 animum
1743 1289 1926 1359 adduoeret.
1969 1292 2059 1359 Uene
2091 1312 2165 1357 sum

169 1377 270 1442 rixari
292 1377 381 1444 velit.
416 1312 544 1444 lerum
565 1399 695 1462 semper
715 1377 835 1443 solutio
853 1377 951 1460 plana
972 1383 1032 1475 oet,
1054 1375 1141 1526 Ἥιοᾶ
1192 1383 1339 1447 oratioue
1366 1401 1449 1464 quae
1472 1378 1513 1446 ad
1541 1399 1614 1446 eam
1634 1399 1706 1444 rem
1734 1387 1811 1462 apta
1832 1377 2013 1446 videbatur.
2057 1376 2165 1476 Multa

170 1463 290 1529 suffieit
311 1462 533 1548 aliquomodo
554 1463 608 1528 vel
626 1462 808 1530 seeundum
829 1463 971 1546 aliquem
992 1469 1061 1526 mte
1088 1482 1140 1528 eo·
1192 1467 1317 1532 asserui
1346 1467 1386 1532 de
1415 1475 1599 1550 temporum
1626 1473 1812 1531 nostrorum
1840 1463 2026 1530 miserrima
2052 1461 2164 1528 oondr·

169 1557 239 1614 tum
261 1569 356 1616 veras
376 1569 456 1616 esse.
1193 1553 1290 1617 tione.
1335 1551 1493 1636 Inprimis
1514 1552 1664 1616 hortatus
1692 1571 1766 1616 sum
1787 1557 1824 1615 ut
1850 1551 1936 1616 bona
1956 1547 2022 1615 fido
2042 1547 2165 1613 rediret

253 1633 340 1699 'Dum
368 1632 410 1699 ad
438 1633 531 1700 illum
559 1634 681 1700 nodum
709 1641 845 1700 ventum
881 1640 932 1700 eet
959 1631 1046 1716 quod
1072 1653 1140 1698 non
1191 1638 1227 1703 in
1246 1637 1404 1722 gratiam:
1434 1637 1496 1703 hoo
1523 1643 1635 1702 tamen
1662 1636 1730 1701 lore
1756 1633 1938 1700 demumsi
1964 1633 2165 1718 intelligeret

167 1719 303 1804 putabet
323 1740 417 1804 posse
435 1741 495 1785 nos
515 1720 603 1804 loqui
626 1719 666 1786 de
687 1719 812 1786 (lhristi
833 1718 975 1786 essentia
995 1726 1140 1802 praeter·
1191 1745 1258 1789 non
1280 1723 1376 1790 aliter
1396 1744 1431 1790 se
1448 1721 1583 1789 Christo
1603 1722 1726 1788 servire
1747 1741 1852 1804 posse,
1874 1721 1939 1787 nisi
1959 1717 2164 1786 oonoordiam

168 1805 214 1872 ita
234 1826 394 1891 personae
415 1806 590 1872 mentione.
632 1804 779 1891 Opposui
797 1805 940 1890 primum
962 1806 1015 1870 Au
1061 1804 1140 1870 atini
1191 1816 1225 1874 et
1255 1809 1415 1875 unitatem
1449 1829 1526 1875 oum
1563 1807 1633 1873 eius
1672 1807 1777 1873 servis
1816 1805 1945 1872 ooloret
1998 1804 2052 1871 De
2083 1824 2164 1872 vera

169 1892 376 1958 autoritatem
386 1893 442 1975 qui
459 1898 600 1958 testatur
610 1912 671 1957 nos
687 1891 837 1959 bifariam
854 1891 886 1956 lo
909 1890 995 1956 uide
1035 1889 1140 1956 hristo
1191 1894 1328 1960 seientia
1356 1893 1411 1961 vel
1440 1893 1588 1960 doetriua
1615 1892 1715 1958 etiam
1745 1890 1908 1970 admonui,
1940 1890 2047 1974 qualis
2078 1895 2164 1955 eeeet

167 1997 261 2062 posse
282 1985 442 2062 quatenus
464 1977 557 2044 Deus
578 1983 638 2057 est,
660 1977 840 2044 seeundum
862 1912 1055 2042 rblationem
1077 1975 1140 2042 eei·
1191 1988 1289 2064 atque
1309 1980 1346 2045 in
1367 2000 1464 2063 quem
1484 1980 1584 2044 linem
1606 1987 1640 2043 et
1659 1998 1756 2044 usum
1778 1975 1979 2044 eonferenda
2018 1975 2163 2041 Premit

166 2063 242 2130 lioet
263 2071 298 2129 et
318 2063 517 2148 simpliciter.
555 2064 602 2130 Et
622 2083 665 2129 ne
686 2063 814 2148 longior
835 2069 921 2128 esset
941 2062 1139 2146 disreptatiq
1190 2066 1232 2130 tit
1258 2085 1294 2132 se
1323 2065 1359 2131 in
1386 2065 1491 2131 offioio
1516 2065 1564 2130 ito
1589 2064 1748 2142 futurum,
1776 2083 1939 2147 nequam
1960 2061 2162 2128 ooeasionem

166 2148 287 2232 protuli
308 2149 465 2233 quosdam
484 2149 603 2233 Oyrilli
624 2149 721 2229 looos,
744 2147 801 2214 ubi
823 2147 953 2215 disertis
974 2147 1083 2214 verbis
1104 2145 1139 2212 id
1190 2150 1231 2217 de
1259 2173 1295 2217 se
1324 2149 1539 2234 oonquereudi
1566 2149 1728 2233 praebeat.
1771 2149 1862 2214 Petit
1893 2155 2002 2214 autem
2034 2147 2163 2212 interea

165 2237 274 2320 ipsum
291 2233 332 2300 de
350 2256 412 2320 quo
429 2234 684 2318 ambigebatur*
700 2233 901 2319 praeiudicat
912 2233 942 2318 ⁸)
961 2235 1010 2318 (in
1029 2237 1082 2297 14ο
1103 2233 1138 2297 in
1190 2237 1304 2303 haberi
1326 2237 1378 2304 sui
1396 2237 1567 2316 rationem,
1585 2242 1623 2300 ut
1639 2235 1668 2301 si
1689 2255 1755 2300 non
1777 2232 1929 2300 videatur
1944 2233 2071 2298 inutilis
2088 2230 2162 2298 des·

166 2319 323 2387 Ioannem
344 2343 375 2387 v.
398 2323 468 2399 28);
498 2318 595 2401 Quod
618 2342 638 2386 a
659 2342 695 2387 se
722 2321 793 2404 ipso
815 2319 919 2385 vitam
940 2317 1138 2398 nonhabet,
1188 2324 1313 2388 tiuetur
1343 2321 1385 2388 ad
1423 2323 1566 2406 aliquam
1592 2321 1801 2398 lunationem,
1835 2319 1892 2386 ubi
1922 2319 2033 2386 oblata
2062 2317 2164 2383 fuerit

166 2427 228 2490 quo
259 2403 356 2472 modo
388 2406 627 2489 eorruptibile*
655 2427 721 2472 non
751 2404 834 2471 erit?
878 2405 1139 2490 Argumentatur
1189 2407 1408 2475 oommoditas.
1459 2406 1564 2475 Suam
1595 2406 1740 2491 inopiam
1779 2405 1908 2490 allegat
1956 2405 1998 2470 Iu
2031 2423 2162 2469 summa

166 2490 206 2557 ab
227 2491 379 2572 absurde,
401 2498 440 2557 ut
458 2491 627 2558 Christum
649 2513 669 2558 a
691 2513 726 2558 se
747 2491 820 2574 ipso
841 2510 912 2557 esse
934 2495 1137 2574 extorqueat.
1188 2494 1337 2561 obseorat
1357 2515 1417 2559 noe
1437 2514 1550 2560 omnes
1571 2513 1630 2576 per
1650 2493 1840 2570 Dominum,
1869 2512 1912 2556 ne
1932 2489 2080 2574 praecisa
2099 2487 2163 2553 hae

165 2577 274 2643 Loous
294 2583 345 2643 est
366 2576 485 2644 olarus.
520 2575 682 2644 Similiter
699 2577 827 2660 dialogo
847 2575 887 2641 de
904 2575 1052 2642 trinitate
1070 2574 1136 2661 (3):
1188 2579 1251 2646 sibi
1273 2599 1330 2662 spe
1352 2599 1389 2644 eo
1432 2587 1487 2645 tur
1503 2578 1567 2644 alio
1584 2598 1620 2644 se
1637 2579 1793 2657 eonferre,
1815 2577 1872 2644 ubi
1886 2577 1979 2642 Deua
1992 2595 2077 2725 pure
2094 2593 2163 2639 nou

166 2661 261 2745 Quod
282 2662 385 2730 vitam
406 2670 441 2729 et
459 2661 739 2728 immortalitatem
761 2659 906 2746 possidet
927 2667 961 2726 et
977 2683 997 2726 a
1014 2681 1049 2726 se
1066 2660 1137 2744 ipso
1187 2665 1368 2731 invocatur.
1423 2665 1466 2730 isi
1486 2663 1570 2729 mihi
1587 2685 1607 2729 a
1627 2663 1720 2730 vobis
1737 2663 1824 2728 ultro
1841 2683 1991 2731 oommen
2014 2658 2162 2743 atus*⁶),

165 2747 227 2814 hoo
255 2769 322 2814 non
350 2747 458 2829 habet,
491 2748 624 2814 omuino
653 2747 822 2814 mortale*
851 2749 922 2813 erit.
973 2745 1137 2832 Loquitur
1188 2770 1319 2835 agerem
1341 2749 1382 2816 de
1403 2771 1441 2816 eo
1467 2749 1616 2834 pluribus
1636 2749 1747 2814 verbis
1775 2748 1952 2814 vobisoum.
1995 2746 2069 2812 Hoe
2088 2752 2163 2810 tau·

164 2841 273 2900 autem
294 2835 329 2900 in
351 2855 411 2900 sua
428 2854 574 2919 persona,
595 2855 662 2900 non
680 2833 859 2901 adversarii
879 2833 963 2899 libro
983 2838 1031 2898 10.
1050 2831 1136 2898 'Phe-
1187 2843 1260 2902 tum
1281 2835 1411 2902 avobis
1429 2844 1506 2920 peto
1527 2842 1567 2899 ut
1587 2832 1628 2898 do
1649 2833 1774 2898 ratione
1795 2832 1983 2917 dispioiatis,
2005 2851 2072 2914 qua
2087 2849 2162 2914 pos-

164 2921 253 2986 sauri
275 2938 343 3004 oap.
363 2923 400 2984 2:
422 2921 588 3004 Aooipita
608 2927 701 3004 patre
722 2927 820 3004 atque
841 2919 939 2984 otiam
959 2941 979 2986 a
999 2941 1034 2985 se
1054 2918 1136 3004 ipso,
1188 2921 1234 2988 sit
1265 2923 1337 2988 eius
1368 2919 1467 2987 saluti
1498 2919 1631 2986 eonsuli.
1676 2919 1839 2985 Dominus
1868 2918 1962 2983 illum
1994 2914 2162 2983 nonnullis

164 3024 375 3088 quaeeunque
412 3005 610 3072 naturaliter
647 3005 747 3072 habet
786 3011 823 3071 ut
861 3003 949 3071 deus.
994 3005 1137 3070 Dixerat
1188 3007 1317 3074 dotibus
1338 3007 1485 3073 ornavit:
1505 3025 1586 3090 quos
1607 3003 1637 3070 si
1661 3002 1703 3069 ad
1727 3003 1883 3071 eooleeiae
1900 3001 2162 3068 aedifioationom

163 3099 273 3156 autem
301 3091 413 3157 statim
439 3091 480 3157 ab
508 3092 602 3157 initio
630 3091 721 3157 libri:
754 3091 841 3158 Nam
868 3091 896 3157 si
924 3091 1009 3156 nihil
1036 3090 1137 3156 habet
1188 3093 1334 3160 eonierre
1354 3095 1389 3158 in
1411 3093 1558 3158 animum
1587 3088 1762 3167 induxerit,
1791 3089 1877 3172 quod
1898 3089 2061 3154 fastuum
2083 3105 2160 3150 oon·

163 3175 248 3242 filins
278 3197 298 3242 a
326 3198 361 3242 se
388 3177 475 3260 ipso,
508 3197 612 3262 neque
640 3179 740 3244 etiam
772 3177 906 3245 habebit
932 3185 1026 3261 pater
1054 3197 1074 3242 a
1100 3197 1136 3242 ee
1187 3179 1262 3258 fido,
1294 3201 1361 3246 non
1391 3186 1443 3245 est
1473 3174 1699 3262 negligendus.
1742 3175 1829 3240 Dum
1857 3195 1936 3259 ergo
1963 3176 2160 3268 prorostra

162 3261 241 3345 ipso,
272 3261 314 3328 ad
334 3261 417 3328 illud
437 3263 587 3330 Ioannis:
616 3261 711 3330 Siout
737 3271 831 3348 pater
855 3263 955 3330 habet
974 3262 1078 3330 vitam
1098 3261 1136 3326 in
1187 3266 1323 3332 raritate
1353 3265 1438 3331 eusoi
1461 3265 1508 3329 ite
1535 3271 1569 3328 et
1597 3261 1839 3346 ampleotimini,
1869 3258 2010 3358 abolitis·
2025 3255 2160 3322 offensis

163 3353 266 3413 semet
291 3349 381 3432 ipso,
413 3348 460 3414 ita
487 3357 520 3415 et
546 3349 613 3415 filio
642 3349 731 3416 dedit
757 3349 860 3417 vitam
886 3349 1008 3417 habere
1036 3351 1072 3415 in
1100 3369 1136 3415 se
1187 3350 1347 3418 omnibus.
1386 3350 1420 3415 V
1452 3359 1505 3416 ete
1525 3349 1643 3414 naues
1664 3346 1873 3414 dileodsdmi.
1914 3345 2077 3411 Dominus
2099 3359 2159 3407 voe

162 3433 241 3516 ipso.
284 3432 456 3518 Respondi
480 3434 638 3518 primum,
668 3458 773 3520 neque
799 3437 834 3502 in
861 3433 1008 3503 divinam
1029 3457 1136 3521 neque
1188 3444 1360 3504 conservet
1386 3455 1515 3520 semper
1540 3433 1714 3500 unanimes
1735 3453 1773 3500 ae
1801 3432 1919 3518 spiritu
1946 3450 2006 3496 suo
2028 3425 2157 3512 dirigat

162 3518 198 3582 in
219 3517 398 3584 humanam
416 3519 540 3586 Christi
558 3529 709 3588 naturam
732 3523 922 3606 simplieiter
942 3531 1135 3606 eompotere,
1188 3520 1354 3589 Genavae.
1368 3523 1397 3607 ⁰)

163 3602 220 3670 sed
239 3605 274 3670 in
296 3611 399 3670 totam
415 3626 599 3688 personam,
621 3615 781 3691 quatenus
798 3607 893 3674 Deus
910 3615 962 3674 eet
977 3615 1011 3674 et
1028 3609 1134 3691 homo,

162 3689 260 3756 simul
282 3689 442 3757 mediator
463 3691 527 3757 Dei
549 3699 583 3757 et
604 3693 784 3774 hominum,
807 3694 892 3761 siem
918 3694 1024 3760 multa
1045 3695 1135 3761 simi·

160 3773 309 3859 linquae
330 3795 369 3841 eo
396 3777 501 3860 eapite
529 3780 751 3845 eontinentur:
780 3779 877 3864 quale
903 3787 962 3858 est,
991 3779 1136 3847 offioium

162 3868 195 3925 et
221 3862 275 3926 ius
302 3861 466 3929 iudioaudi
500 3863 550 3928 illi
577 3863 690 3930 dutum
718 3885 789 3930 esse
818 3887 838 3930 a
866 3873 967 3949 patre.
1020 3866 1135 3950 Neque

162 3947 249 4012 enim
276 3945 376 4014 iudex
403 3946 519 4014 mundi
545 3956 596 4015 est
622 3951 815 4034 simplieiter
835 3957 874 4016 ut
894 3950 1001 4032 homo,
1028 3971 1135 4037 neque

161 4031 351 4116 simpliciter
382 4041 420 4099 ut
452 4033 540 4112 deus,
573 4033 631 4101 sed
662 4043 701 4102 ut
733 4033 813 4102 deus
844 4037 1071 4104 manifestatus
1098 4039 1135 4103 in

160 4135 267 4183 earne.
312 4117 442 4185 Deinde
471 4119 595 4201 addidi,
629 4119 799 4187 Christum
830 4121 897 4188 illie
925 4123 1061 4188 minime
1094 4123 1135 4188 de
1634 4135 1710 4206 522,

160 4223 282 4270 aroana
303 4225 363 4270 sua
384 4206 525 4271 essentia
543 4205 710 4288 disserere,
732 4214 790 4272 aut
806 4207 909 4291 qualis
930 4209 1021 4275 intus
1042 4210 1078 4274 in
1099 4229 1135 4275 se

157 4287 231 4372 ipso
260 4289 318 4370 ait,
349 4291 406 4356 sed
435 4291 475 4357 de
501 4292 605 4358 offioio
633 4292 827 4372 ooneionari,
856 4292 943 4376 quod
971 4301 1022 4360 est
1048 4295 1134 4362 vivi·
1443 4288 1659 4358 SINAPIUS
1681 4285 1898 4357 OALVINO.

157 4375 280 4440 fioandi
302 4376 480 4444 effioaeiom
498 4377 618 4444 habere
640 4399 677 4445 ae
699 4378 867 4445 virtutem.

246 4460 339 4526 Nihil
368 4482 450 4547 opus
478 4471 529 4528 eet
560 4473 618 4529 aut
650 4463 763 4530 ordine
793 4485 984 4532 enumerare
1014 4468 1133 4546 omnia,
1271 4463 1450 4531 Domestica
1470 4466 1497 4528 et
1517 4461 1625 4528 toea
1645 4465 1766 4527 narrat.

158 4554 221 4610 aut
237 4545 278 4611 od
289 4547 428 4614 verbum
444 4553 464 4591 ὓ
477 4569 670 4618 enumerare
678 4551 709 4633 ⁴)
732 4549 863 4635 singula
873 4551 1026 4618 recitare:
1040 4573 1133 4637 prae·

1770 3653 1932 3722 Onlrium
1953 3659 2072 3720 vester.

1574 3935 1775 3946 —-—-·-———

1344 4652 1400 4720 (Dx
1418 4649 1587 4720 autographo
1603 4648 1668 4704 (lod.
1686 4647 1787 4702 Gener.
1807 4645 1918 4718 112101.
1937 4643 1993 4714 22.)

265 4819 296 4890 2)
313 4819 447 4904 Fortearr
463 4822 696 4908 leqmdumretsi
717 4827 830 4908 simplex
849 4825 974 4907 etuoda.
1009 4825 1134 4908 Alteram
1288 4823 1318 4890 b)
1337 4824 1376 4878 la
1392 4821 1478 4877 atrro
1501 4818 1664 4900 apoqqapbo
1687 4817 1817 4872 Furem
1838 4815 2004 4884 adempsit.-
2027 4814 2154 4868 tortasse:

155 4889 346 4972 apographon
370 4907 410 4974 ero
430 4892 525 4949 boba:
552 4895 585 4976 lp
609 4896 651 4948 lus
675 4897 807 4978 omurbus,
833 4911 888 4976 orer¹
908 4895 1023 4977 simplex
1047 4903 1083 4977 ιιι
1106 4903 1134 4978 et
1185 4894 1265 4963 foret,
1282 4891 1356 4979 qnod
1372 4891 1510 4946 eosdmtrr
1526 4887 1636 4944 exmdot
1766 4955 1772 4966 ¹
1901 4951 1952 5006 aas
1989 4950 2112 5005 ,mk
2136 4949 2142 4964 .

152 4959 244 5082 ppltllp,
263 4967 364 5014 ventae
381 4980 409 5016 ro
428 4964 625 5034 exponentibus
644 4971 705 5031 ent,
722 4970 914 5032 controversia,
933 4981 956 5016 er
975 4981 1035 5034 qma
1050 4982 1134 5018 rrxarr
1185 5037 1248 5087 m:
1277 4953 1949 5100 &aprglflttrompgpsqtrgmfflresstmmm
2007 4963 2154 5076 mg

98 5101 105 5114 '
266 5095 297 5160 3)
316 5097 468 5168 hesper
485 5099 615 5154 duma:
638 5103 801 5182 pronunciat
822 5103 882 5183 (lib.
900 5099 917 5154 ⁴
933 5103 962 5156 in
980 5101 1018 5156 10.
1036 5119 1058 5154 o.
1080 5101 1133 5169 18).
1185 5101 1319 5172 scriptam
1332 5103 1483 5179 potamau
1506 5111 1591 5176 Μ
1612 5093 1684 5174 enirn
1707 5091 1738 5147 0.
1761 5091 1799 5146 ad
1818 5091 1941 5147 veronen
1964 5089 2092 5144 eerrbrm
2113 5087 2154 5144 N.

268 5167 298 5232 4)
318 5185 475 5224 enumerare
493 5168 623 5224 deleam.
659 5167 744 5225 Godd.
761 5169 842 5226 alttrr
857 5174 1068 5241 morpanooa
1186 5169 1237 5224 bl'l
1256 5167 1407 5225 Gerkmm
1423 5164 1545 5221 nondam
1562 5163 1664 5218 ardore
1680 5161 1797 5217 ordelw.
