4898 5970
173 347 233 410 729
1068 347 1151 410 1544
1171 342 1263 410 IUN.
1940 347 1941 350 '
2098 353 2161 418 ⁷30

171 533 255 598 tuita
275 532 465 598 remissione
487 539 693 616 peecatorum
710 532 747 596 in
767 533 899 598 nomine
915 530 992 597 Iesu
1003 530 1139 610 Christi,
1191 533 1271 598 item
1298 553 1358 598 nos
1391 553 1518 616 quoque
1548 533 1714 600 vocatione
1745 541 1859 600 sancta
1885 543 1919 600 et
1944 534 2090 620 legitima
2118 537 2160 605 ad

171 639 272 701 quum
306 619 341 682 in
369 617 575 703 dogmatibus
608 639 675 683 non
702 616 917 684 dissideamus
949 617 1004 683 vel
1035 617 1140 682 latum
1190 617 1253 683 hoc
1284 618 1503 684 ministerium
1543 625 1692 684 sanctum
1726 627 1859 686 vocatos
1890 619 2057 688 ministros
2088 643 2160 690 esse

170 703 290 785 pilum,
322 703 407 786 quod
435 703 571 790 dieitur,
607 701 859 788 adogmatibus
887 702 1080 786 apostolicae
1106 711 1140 767 et
1191 701 1316 768 Christi
1338 703 1481 781 Domini,
1509 704 1565 786 qui
1587 725 1646 787 per
1667 713 1817 770 nostrum
1838 711 2003 772 eteorum
2026 707 2159 790 quieb-

169 789 355 872 primitivae
377 789 540 867 ecclesiae,
562 810 664 872 quum
688 797 819 855 sanctus
840 796 872 854 et
893 787 1058 872 legitimus
1081 809 1138 852 no·
1190 787 1393 854 dormierunt
1413 791 1479 853 iam
1500 788 1623 854 dudum
1643 790 1679 853 iu
1689 790 1831 856 Domino
1848 791 2065 857 ministerium
2085 793 2160 860 bar-

171 875 220 941 bis
250 896 330 941 usus
361 875 404 939 sit
435 883 728 952 sacramentorum,
762 873 902 957 denique
934 895 1034 956 quum
1071 875 1140 938 vita
1190 873 1286 939 baros
1308 884 1341 938 et
1360 872 1549 952 indomitos,
1579 873 1661 940 adde
1689 883 1723 940 et
1744 875 1948 942 Antichristo
1977 877 2159 946 addictissi-

170 968 299 1036 noema,
326 960 398 1026 Deo
419 960 568 1040 iuvante,
598 961 663 1024 imo
685 968 841 1042 operante
862 981 922 1044 per
942 980 1011 1038 nos,
1034 958 1137 1025 incul-
1189 981 1260 1024 mos
1281 959 1417 1044 populos
1445 959 1486 1024 ad
1514 981 1549 1026 se
1569 961 1746 1040 convertit,
1773 961 1871 1044 inque
1894 961 2055 1029 Helvetiis
2084 985 2159 1048 per-

170 1055 246 1129 pata
267 1047 318 1124 sit,
342 1056 375 1110 et
395 1045 619 1112 sanctissimae
642 1045 736 1110 nobis
757 1045 912 1110 ccclesiae
933 1044 1013 1122 sint,
1036 1044 1139 1110 nostri
1189 1043 1310 1110 multas
1328 1045 1479 1111 ecelesias
1496 1053 1583 1112 certo
1603 1045 1747 1111 illustras
1764 1049 1942 1128 constituit,
1963 1069 2045 1132 quae
2062 1071 2159 1134 prop-

169 1132 342 1198 ministerii
362 1131 469 1196 sancti
490 1139 524 1195 et
544 1131 622 1196 iusti
643 1138 753 1208 testes,
781 1137 815 1195 et
837 1151 917 1200 vera
938 1129 1139 1214 apostolatus
1189 1137 1241 1194 ter
1252 1129 1423 1196 Christum
1440 1131 1589 1196 multost
1605 1132 1932 1215 magnafeceruntac
1943 1134 2157 1216 pertulerunt,

169 1216 307 1302 legitimi
329 1216 512 1300 signacula,
540 1238 598 1282 cur
624 1215 675 1282 vir
701 1223 815 1280 tantus
837 1216 937 1280 tantis
959 1215 1138 1280 immeritos
1190 1235 1274 1297 quae
1294 1214 1464 1282 Christum
1491 1236 1570 1282 vera
1595 1215 1660 1280 lide
1681 1217 1922 1300 amplectuntur
1943 1229 1977 1284 et
1995 1220 2158 1302 invocant,

170 1301 319 1368 adobruit
336 1301 491 1369 conviciis
511 1308 607 1384 atque
624 1300 852 1367 contumeliis?
884 1301 1028 1366 Exstant
1044 1321 1138 1383 prae·
1189 1321 1269 1366 vera
1287 1301 1368 1364 item
1389 1300 1555 1386 religione,
1574 1301 1709 1367 caritate
1729 1303 1879 1386 vitaeque
1899 1305 2085 1371 innocentia
2105 1326 2159 1371 eo-

170 1397 258 1454 tersa
278 1387 356 1454 libri
377 1388 482 1452 nostri
502 1387 579 1452 fidei
604 1395 638 1452 et
658 1386 823 1453 doctrinae
845 1394 976 1452 nostrae
997 1384 1138 1470 locuple·
1189 1385 1271 1464 lunt,
1294 1386 1534 1452 Antichristum
1556 1395 1670 1452 contra
1691 1397 1725 1452 et
1745 1407 1875 1453 omnem
1896 1391 2159 1472 superstitionem

169 1474 286 1540 tissimi
309 1481 416 1540 testes.
461 1472 636 1539 Certemus
663 1481 778 1538 eontra
799 1472 994 1554 Epicureos,
1023 1478 1138 1537 contra
1189 1480 1223 1536 et
1249 1472 1448 1555 impietatem
1477 1473 1621 1556 lugiunt.
1672 1473 1770 1556 Apud
1799 1495 1857 1538 nos
1884 1475 1975 1540 nullo
1999 1497 2080 1559 opus
2107 1487 2159 1543 est

169 1559 285 1643 impios
307 1565 341 1624 et
362 1559 551 1637 sceleratos,
580 1565 693 1624 contra
724 1557 875 1623 infideles
904 1566 936 1622 et
963 1557 1136 1624 antichris·
1189 1556 1364 1634 hortatore,
1388 1577 1488 1640 quum
1510 1558 1654 1622 omnium
1684 1559 1784 1623 animi
1812 1559 1853 1624 ad
1874 1581 1988 1642 paoem
2010 1573 2043 1626 et
2064 1581 2159 1628 sano·

169 1647 288 1724 tiones,
316 1666 375 1728 pro
402 1643 584 1710 orthodoxa
611 1643 675 1708 fide
701 1653 735 1709 et
756 1641 835 1710 disci
859 1641 927 1708 lina
948 1643 1135 1707 christiana.
1188 1649 1256 1706 tam
1279 1641 1484 1708 concordiam
1506 1643 1665 1727 proclives
1686 1645 1760 1724 sint,
1783 1653 1878 1728 teque
1897 1645 2056 1730 inprimis,
2081 1647 2160 1714 Phi·

167 1730 298 1814 Magnis
320 1751 392 1796 cum
413 1729 576 1796 laboribus
604 1738 636 1795 et
662 1729 750 1796 curis
777 1665 884 1794 stutlia
905 1737 939 1792 et
959 1727 1137 1812 rempubli-
1188 1727 1273 1809 lappe
1294 1729 1454 1812 piissime,
1483 1727 1601 1794 deinde
1627 1729 1708 1795 alios
1736 1751 1849 1795 omnes
1871 1731 1922 1795 tui
1943 1731 2066 1798 similes
2087 1734 2158 1816 pios

167 1837 239 1882 cam
259 1836 456 1900 reparamus.
490 1815 588 1880 Multi
610 1823 795 1880 nostrorum
816 1823 949 1896 propter
966 1813 1136 1879 Christum
1189 1812 1300 1879 doctos
1322 1813 1539 1880 etmodestos
1561 1813 1763 1898 diligenter
1785 1817 1904 1880 animo.
1948 1817 2080 1883 Efficiet
2099 1839 2157 1884 au-

167 1902 357 1986 sanguinem
387 1923 484 1967 suum
513 1900 700 1965 effirderunt
728 1907 762 1964 st
790 1900 915 1964 animas
936 1921 1013 1965 suas
1035 1897 1136 1962 tradi·
1188 1907 1255 1962 tem
1277 1899 1357 1964 haec
1378 1899 1557 1964 moderatio
1585 1907 1618 1965 et
1644 1901 1828 1966 animorum
1856 1903 2041 1968 coniunctio
2069 1903 2158 1969 inter

168 1985 286 2052 derunt
313 2009 371 2070 pro
396 1993 590 2051 testamento
609 1985 683 2050 Dei.
728 1983 798 2050 Cur
817 2005 894 2068 ergo
918 1984 1082 2063 haldenus,
1103 1991 1137 2049 et
1188 2004 1247 2048 nos
1267 1993 1382 2050 mutua
1408 1993 1447 2049 ut
1473 1986 1502 2050 si
1531 2007 1615 2068 quae
1642 1985 1795 2052 videntur
1815 1987 1851 2050 in
1872 1987 2016 2054 ecclesiis
2037 1990 2158 2055 nostris

166 2093 219 2137 soe
247 2073 304 2156 qui
332 2072 470 2138 feliciter
497 2071 741 2137 obdormierunt
767 2070 803 2134 in
828 2070 987 2148 Domino,
1017 2079 1051 2134 et
1076 2091 1136 2135 nos
1188 2067 1294 2136 adhuc
1316 2069 1424 2136 doceri
1445 2071 1565 2154 otgeri
1583 2070 1704 2154 dispari
1721 2072 1848 2136 ratione
1865 2093 1885 2137 a
1902 2074 2030 2152 vestris,
2048 2076 2157 2140 cuius-

165 2159 220 2241 qui
241 2157 338 2223 hodic
360 2156 467 2223 adhuc
493 2177 552 2240 pro
574 2155 704 2221 modulo
725 2163 837 2220 nostro
859 2165 893 2219 et
916 2156 1022 2239 gratia
1042 2155 1136 2221 nobis
1187 2154 1276 2219 modi
1296 2166 1346 2221 est
1367 2175 1478 2221 sacrae
1499 2175 1628 2236 coenae,
1651 2157 1860 2223 confessionis
1878 2165 1911 2222 et
1929 2163 2079 2242 privatae
2100 2160 2157 2226 ab·

165 2242 328 2310 aChristo
350 2241 426 2307 data
442 2241 628 2308 laboramus
648 2243 683 2306 in
706 2243 802 2306 vinea
812 2240 956 2321 Domini,
979 2249 1134 2324 tanquam
1188 2239 1372 2318 solutionis,
1407 2240 1546 2324 denique
1573 2242 1821 2308 simulacrorum
1847 2245 2029 2327 negotium,
2058 2245 2157 2311 dilec-

163 2327 317 2412 bipedum
343 2329 559 2412 nequissimos
585 2325 735 2405 damnat,
757 2327 867 2392 abiicit
887 2335 984 2409 atque
1005 2325 1135 2394 concul-
1186 2325 1275 2391 tione
1304 2333 1337 2390 et
1364 2325 1471 2393 studio
1500 2327 1657 2412 gliscente
1683 2336 1814 2408 mutue,
1844 2337 1987 2412 tempore
2016 2330 2095 2395 item
2122 2339 2156 2396 et

164 2414 238 2479 cat?
271 2413 448 2479 Redundat
468 2414 532 2478 ista
551 2413 671 2478 iniuria
692 2433 757 2496 qua
777 2433 837 2477 nos
858 2411 967 2476 affecit
987 2412 1023 2476 in
1040 2431 1133 2478 sanc·
1186 2411 1370 2495 cognitione
1392 2434 1503 2478 rerum
1520 2414 1692 2492 exactiore,
1715 2421 1786 2478 tum
1808 2421 1841 2478 et
1863 2415 2065 2498 experientia
2084 2437 2155 2482 ma·

163 2511 213 2566 tas
233 2499 359 2566 Christi
382 2499 547 2577 ecclesias,
576 2519 716 2580 quarum
742 2497 900 2576 ministri,
930 2505 963 2560 et
988 2497 1134 2580 legitime
1184 2497 1288 2578 gistra
1313 2497 1551 2576 intercedente,
1579 2499 1710 2583 singula
1735 2506 1769 2564 et
1794 2500 1913 2564 rectius
1940 2499 1981 2565 ab
2008 2501 2156 2584 utrisque

163 2583 293 2669 quidem
311 2586 417 2652 vocati
438 2585 580 2650 ministri
602 2604 724 2649 sumus.
768 2580 946 2647 Redundat
966 2591 1133 2648 contume-
1184 2581 1421 2665 intelligantur,
1444 2591 1477 2648 et
1498 2581 1538 2647 de
1555 2583 1595 2649 iis
1611 2583 1784 2663 iudicetur,
1807 2585 1957 2668 sepositis
1975 2586 2165 2668 affectibus,

161 2671 206 2736 lia
228 2671 285 2736 illa
306 2680 339 2736 et
359 2672 394 2735 in
416 2672 522 2753 ipsum
544 2667 726 2734 Dominum
748 2666 864 2746 Iesum,
892 2675 998 2750 caput,
1020 2688 1132 2752 regem
1183 2667 1309 2748 purius.
1353 2667 1457 2734 Recte
1492 2668 1581 2733 enim
1610 2691 1722 2735 mones
1750 2691 1792 2734 ex
1813 2670 1954 2751 Basilio,
1987 2693 2053 2737 non
2085 2679 2155 2738 tam

161 2766 194 2822 et
221 2756 408 2840 pontificem
435 2765 599 2832 nostrum,
631 2755 683 2820 cui
711 2751 889 2830 credimus,
917 2752 1132 2818 adhaeremus
1183 2751 1335 2817 sinistrae
1356 2773 1438 2835 opus
1459 2773 1530 2818 esse
1552 2752 1668 2819 dextra
1689 2775 1787 2838 quam
1809 2755 1962 2822 ecelesiae
1984 2757 2156 2824 concordia

159 2851 257 2925 atque
278 2841 447 2908 servimus.
1183 2834 1400 2903 docendum!
1464 2838 1554 2921 Ergo
1583 2839 1669 2922 quod
1700 2839 1863 2922 promittis
1891 2849 1923 2906 te
1951 2851 2154 2924 curaturum,

246 2927 338 2994 Haec
366 2926 453 3011 apud
481 2933 530 3004 te,
564 2924 729 3007 Philipps,
763 2923 905 2988 amicum
931 2930 965 2988 et
995 2923 1131 2988 fratrem
1182 2943 1224 2988 ne
1245 2923 1350 3008 magis
1391 2921 1554 2988 'abantur
1571 2944 1609 2990 ac
1626 2921 1827 2990 divellantur
1843 2933 1973 2992 nostrae
1990 2928 2153 3008 ecclesiae,

160 3033 270 3079 coram
292 3011 444 3090 Domino,
467 3012 643 3094 querimur,
671 3021 704 3076 et
726 3009 811 3092 apud
833 3007 963 3074 fidelem
984 3019 1017 3073 et
1039 3009 1131 3074 iusti·
1182 3006 1240 3072 sed
1261 3015 1299 3073 ut
1319 3008 1424 3094 magis
1445 3009 1719 3094 constringantur,
1741 3007 1802 3075 hoc
1817 3009 1926 3092 ipsum
1949 3019 1982 3076 et
2004 3011 2044 3078 de
2061 3014 2154 3080 uobis

160 3100 225 3164 tiae
246 3097 508 3164 amantissimum
529 3097 611 3162 haec
629 3095 830 3178 deponimus,
853 3101 891 3159 ut
908 3115 949 3160 ex
970 3094 1012 3160 iis
1034 3093 1130 3159 intel-
1181 3093 1242 3158 tibi
1266 3095 1393 3178 tuisque
1420 3093 1631 3178 polliceberis.
1675 3095 1907 3179 Astringemus
1928 3097 2017 3160 enim
2039 3103 2074 3162 et
2093 3119 2154 3163 nos

159 3184 243 3334 ligas
264 3184 376 3267 quales
397 3183 512 3282 literae
541 3183 607 3247 sint
633 3201 716 3264 quae
743 3202 784 3246 ex
805 3181 930 3280 vestris·
945 3179 1131 3280 regionibus
1182 3185 1329 3246 nostram
1358 3179 1633 3280 coniunctionem,
1660 3201 1728 3244 non
1759 3177 1997 3262 dissipabimus.
2042 3183 2153 3266 Atque

160 3291 180 3334 a
223 3289 285 3335 nos
311 3267 567 3352 perscribuntur.
611 3267 788 3334 Possemus
814 3273 848 3330 et
874 3265 973 3331 huius
1000 3287 1130 3350 genens
1181 3263 1263 3331 haec
1283 3273 1333 3332 est
1354 3287 1427 3331 mea
1444 3273 1477 3331 et
1498 3265 1698 3350 rehquorum
1714 3274 1972 3351 symmystarum
1990 3266 2152 3346 voluntas,

161 3354 241 3422 alias
270 3376 396 3438 quoque
430 3353 600 3432 exhibere,
634 3373 716 3435 quas
744 3372 803 3436 per
831 3351 1044 3417 christianam
1071 3373 1129 3435 pa·
1182 3349 1308 3434 de'qua
1329 3351 1462 3417 rescribi
1484 3373 1503 3416 a
1523 3372 1576 3417 me
1598 3350 1737 3417 volebas.
1770 3350 1863 3416 Haeo
1884 3359 1994 3417 autem
2012 3352 2152 3436 simplici

159 3439 308 3506 ticntiam
336 3441 502 3523 hueusque
527 3438 753 3506 devoravimus
781 3445 877 3520 atque
910 3437 1128 3503 conserimus.
1181 3444 1214 3502 et
1243 3438 1369 3504 sincero
1398 3437 1506 3503 animo
1531 3455 1640 3502 coram
1666 3437 1809 3502 Domino
1836 3435 1948 3502 scribo.
1975 3473 2019 3484 —
2045 3473 2086 3485 -
2109 3475 2152 3486 —

158 3526 337 3592 Dubitatur
357 3534 467 3591 autem
496 3525 720 3590 internecet
742 3522 781 3589 de
803 3522 1129 3605 aliorumapudvos
1182 3561 1220 3570 —
1244 3559 1287 3570 —
1310 3560 1350 3569 -
1373 3522 1490 3608 uigori
1512 3525 1563 3589 22.
1585 3522 1675 3588 Iunii
1696 3542 1781 3588 anno
1803 3523 1864 3587 Do.
1891 3526 1981 3587 1544.

159 3611 363 3677 eruditorum
383 3610 512 3689 iudicio,
534 3631 636 3694 quum
652 3610 681 3673 is
697 3609 753 3693 qui
770 3610 949 3692 primatum
966 3607 1053 3692 apud
1069 3629 1129 3675 vos

159 3697 284 3762 obtinet
303 3696 342 3762 de
364 3694 456 3761 nobis
478 3703 546 3759 tam
566 3693 708 3778 maligne
730 3693 860 3759 iudicat.
904 3691 1050 3774 Quodsi
1073 3693 1127 3759 alii

159 3803 286 3868 quoque
308 3781 428 3846 eruditi
455 3790 488 3847 et
514 3780 722 3846 ecclesiarum
749 3778 914 3864 praesides
943 3799 1001 3862 per
1022 3776 1128 3844 Saxo

158 3869 248 3934 niam
269 3867 360 3932 eoin
382 3889 442 3933 nos
463 3867 572 3932 animo
595 3865 804 3948 fuerintque
826 3871 953 3930 constat
974 3863 1128 3930 affectum

159 3976 228 4020 esse
249 3952 437 4032 balaum,
464 3953 538 4033 quis
560 3973 627 4016 non
652 3951 815 4034 intelligat
836 3957 958 4033 quanto
980 3971 1054 4016 cum
1076 3971 1128 4015 ec-

158 4039 330 4106 clesiarum
351 4037 512 4118 scandalo,
533 4045 655 4122 quanto
676 4055 750 4101 cum
773 4037 982 4102 bonorumet
1003 4033 1128 4118 simpli·
1562 4053 1766 4066 -····--

1639 3659 1841 3725 Heinrichus
1861 3658 2076 3744 Bullingerus

1731 3753 1807 3810 tuus
1829 3765 1870 3810 ex
1892 3745 2028 3812 animo·

41 4195 43 4198 ,
157 4125 243 4190 cium
266 4124 438 4190 hominum
460 4122 568 4188 dolore
589 4143 626 4188 ac
655 4121 849 4187 detrimento
870 4121 932 4206 hoc
954 4120 1046 4186 ulcus
1069 4121 1127 4185 ali·

157 4209 285 4293 quando
315 4217 506 4292 erupturum
534 4207 598 4274 sit?
648 4205 735 4272 Nam
763 4207 790 4271 si
819 4208 874 4272 isti
900 4207 946 4270 ita
973 4227 1126 4289 perrexe-

156 4297 235 4374 rint,
266 4315 420 4379 cogemur
440 4293 573 4360 tandem
595 4301 742 4356 nostram
764 4299 798 4356 et
818 4298 1005 4356 nostrarum
1025 4291 1126 4357 eccle·
1627 4305 1703 4378 500,

156 4382 281 4448 siarum
291 4381 520 4458 innocentiam,
539 4379 711 4446 veritatem
728 4377 1013 4460 integritatemque
1030 4377 1125 4441 tueri.

243 4465 417 4532 Caeterum
440 4466 542 4544 situ,
571 4463 806 4528 humanissime
828 4463 1036 4545 piissimeque
1059 4461 1127 4526 Ma·
1441 4457 1638 4526 VIRE'PUS
1661 4457 1877 4526 CALVINO.

155 4551 332 4630 lcucdthou,
360 4553 450 4618 vires
476 4551 600 4634 ingenii
627 4559 661 4615 et
688 4547 843 4613 humeros
871 4547 1055 4614 admoveris
1078 4550 1125 4613 rei

155 4637 277 4721 alioqui
298 4637 378 4703 satis
400 4637 614 4720 periculosae,
642 4641 680 4700 ut
702 4633 785 4698 nihil
805 4654 872 4697 non
893 4633 1035 4715 capessis
1057 4633 1125 4698 ala-
1262 4631 1404 4698 Beretum
1415 4631 1596 4714 propediem
1608 4631 1806 4713 mossetena
1826 4631 1864 4696 de
1881 4631 1990 4696 itincre
2011 4630 2146 4695 amiam

155 4725 254 4789 eriter
275 4723 360 4806 quod
381 4743 441 4806 pro
464 4722 568 4806 gloria
585 4722 648 4787 Dei
670 4731 703 4786 et
723 4719 931 4785 ecclesiarum
953 4718 1124 4784 incolumi·
1175 4717 1254 4800 facit
1274 4721 1441 4798 conarere,
1462 4723 1496 4782 ut
1511 4736 1578 4781 aua
1594 4720 1666 4781 aaut
1686 4716 1716 4780 si
1731 4715 1894 4797 placem.
1946 4715 2045 4782 Varie
2066 4735 2146 4781 acea

156 4821 224 4874 tate
255 4807 350 4885 facit,
383 4809 484 4874 lenire
517 4805 603 4890 apud
636 4817 708 4872 tuos
740 4805 801 4871 hoc
832 4805 957 4868 malum
988 4807 1123 4887 poteris:
1177 4801 1270 4870 aaa
1291 4807 1512 4870 commemorat.

154 4913 274 4978 nempe
295 4895 323 4960 si
344 4915 402 4976 pro
424 4903 482 4958 tua
503 4895 694 4971 autoritate,
722 4913 786 4974 qua
807 4891 923 4956 merito
944 4887 1031 4972 apud
1052 4899 1125 4955 tuos

154 4980 257 5064 polles
279 4979 465 5062 plurimum,
487 4985 521 5043 te
542 4977 784 5062 interposueris,
803 4985 939 5060 tuosque
961 4983 995 5040 et
1016 4976 1123 5058 gravi-
1319 4973 1375 5040 (1³¹
1393 4972 1560 5045 autographo
1578 4970 1643 5026 θοὰ
1661 4971 1763 5026 ⁰0²¹0v·
1781 4971 1852 5025 111⁸·
1865 4971 1911 5026 l0¹·
1929 4969 2000 5037 1³4)

154 5077 206 5130 ter
227 5074 261 5132 et
280 5065 466 5148 frequentor
492 5062 687 5140 modestiae,
716 5063 889 5145 aequitatis
915 5081 952 5126 ac
980 5060 1124 5126 iustitiae
1177 5133 1196 5140 ,
1210 5133 1319 5138 -„...
1354 5134 1365 5138 ,

154 5151 370 5228 admonueris,
399 5159 437 5216 ut
457 5147 581 5214 scilicet
601 5157 713 5213 nostra
733 5147 922 5233 diligentius
941 5147 1054 5232 legant
1073 5157 1123 5210 at·

153 5257 220 5322 quo
248 5235 434 5322 expendant
466 5235 655 5317 priusquam
684 5252 748 5298 nos
776 5231 947 5313 damnent,
979 5233 1124 5318 cogitent
1278 5248 1308 5316 4)
1330 5248 1422 5304 mium
1439 5249 1504 5306 uase
1521 5254 1547 5306 c
1565 5249 1704 5318 aequm
1722 5245 2021 5303 holomucensem
2038 5245 2127 5302 corta
