4942 5982
176 291 233 352 185
1032 291 1108 351 1541
1134 287 1285 353 APRIL.
2087 297 2145 360 135

171 475 306 542 mirifice
317 474 598 542 commendabitur
608 475 712 558 pietas
721 483 817 557 atque
824 473 1008 540 humanitas
1015 482 1134 540 vestra
1185 473 1478 541 machinationibus
1499 483 1532 540 et
1553 476 1842 559 conspirationibus
1871 488 1946 541 ante
1967 498 2069 544 annos
2091 479 2148 546 ali·

172 561 231 626 His
259 562 428 645 iungimus
453 561 518 624 iam
544 581 656 643 preces
683 569 821 638 nostras,
851 569 1039 625 oteramus
1067 581 1134 638 vos,
1186 569 1266 642 quot
1286 582 1327 625 ex
1349 560 1484 624 urbest
1511 561 1644 626 ccclesia
1671 560 1879 627 Gabennensi
1908 563 2037 644 eiectus,
2053 567 2077 646 ¹)
2105 565 2146 631 ad

170 646 287 712 iratres
309 647 345 710 in
367 647 508 711 Domino
535 645 745 724 dilectissimi,
773 665 831 728 per
857 665 974 710 nomen
1001 643 1135 710 Domini
1186 648 1477 728 Argentoratenses
1505 647 1639 726 venisti,
1667 647 1722 730 qui
1751 655 1782 712 te
1811 647 1956 713 exsulem
1983 659 2016 712 et
2043 651 2148 731 patria

171 731 257 808 Iesu,
285 752 329 796 ne
356 731 551 814 periclitanti
580 730 691 797 desitis
717 731 883 797 ecelesiae:
915 751 1045 796 oramus
1076 751 1135 814 per
1185 731 1357 812 expulsum
1374 751 1500 795 summo
1517 753 1592 798 cum
1610 731 1733 797 honore
1751 743 1954 814 exceperunt
1993 733 2147 818 Receptis

170 819 339 883 caritatem
369 815 505 880 Domini
530 816 607 882 Iesu
633 823 671 882 ιιι
698 825 861 900 pastorem
888 837 965 881 suae
990 816 1134 882 reddatis
1185 836 1243 898 per
1274 816 1413 898 gratiam
1446 817 1578 881 Domini
1607 817 1723 895 oculis,
1754 817 1853 882 fidem
1883 827 1916 882 et
1947 817 2147 904 diligentiam

171 903 332 968 ecelesiae.
374 901 444 968 Soli
465 923 533 980 vos,
556 903 583 967 si
605 902 715 979 vultis,
737 903 873 984 potestis
893 901 983 966 illam
1004 921 1134 968 servare
1185 913 1290 979 tuam,
1313 921 1410 983 quam
1432 902 1522 984 prius
1545 903 1727 985 expendere
1749 924 1814 966 non
1834 911 2015 986 potuerant,
2035 924 2072 970 ac
2092 906 2145 987 qui

171 989 345 1053 ecclesiam.
386 988 424 1054 Si
441 1009 520 1053 vero
542 987 594 1053 vel
616 989 823 1070 negaveritis,
844 987 895 1052 vel
916 1009 982 1051 non
1004 997 1134 1052 strenue
1185 988 1256 1050 veri
1278 987 1336 1068 qui
1355 987 1428 1051 falsi
1439 987 1615 1069 prophetae
1627 995 1803 1070 coeperunt
1814 1009 1996 1072 agnoscere,
2019 989 2099 1054 adeo
2110 997 2147 1054 ut

172 1071 336 1142 moinum
358 1073 515 1150 urseritis,
541 1074 694 1138 miseram
712 1074 747 1136 in
769 1093 933 1138 summum
961 1073 1133 1138 discrimen
1186 1072 1296 1136 eiectis
1322 1071 1408 1148 aliis,
1442 1081 1474 1136 te
1505 1093 1609 1137 unum
1637 1074 1772 1138 summis
1801 1073 1947 1138 omnium
1976 1076 2060 1139 votis
2087 1095 2147 1158 per

170 1158 355 1224 coniicietu's.
405 1157 584 1242 Speremus
618 1167 725 1223 autam
757 1158 933 1240 plurimum
961 1179 979 1224 a
1003 1157 1048 1222 ud
1076 1179 1134 1223 vos
1185 1156 1444 1222 honestissimam
1460 1158 1664 1241 legationem,
1673 1159 1702 1240 9)
1720 1166 1756 1222 ut
1774 1157 1932 1236 audimus,
1948 1160 2145 1242 repetierint,

171 1244 336 1322 valituras,
363 1245 504 1326 primum
532 1243 662 1326 quidem
687 1251 736 1307 tot
763 1253 948 1308 sanctorum
972 1179 1134 1308 dulcinum
1185 1263 1285 1324 eoque
1302 1243 1504 1307 innocentiae
1522 1251 1554 1307 et
1570 1242 1644 1308 fidei
1660 1243 2147 1329 tuaetestimouiumegregium

170 1329 384 1410 repetentium
407 1329 563 1412 quercias,
586 1327 702 1394 deinde
723 1348 800 1394 vero
822 1340 855 1392 et
868 1337 995 1393 nostras
1012 1347 1132 1411 preces,
1185 1327 1326 1391 tulerint.
1371 1326 1464 1408 Quae
1486 1349 1538 1392 res
1566 1330 1659 1394 nobis
1686 1337 1720 1393 et
1748 1329 1896 1394 omnibus
1923 1329 1995 1412 piis,
2023 1337 2061 1394 ut
2087 1351 2147 1414 par

171 1415 224 1496 qui
245 1435 393 1480 amamus
415 1423 449 1478 et
470 1415 604 1480 colimus
626 1435 684 1479 vos
705 1415 740 1478 in
762 1414 903 1478 Domino
924 1414 1056 1493 sincere,
1077 1413 1134 1496 qui
1184 1419 1243 1490 est,
1271 1433 1337 1476 non
1364 1433 1481 1494 parum
1510 1412 1620 1496 gaudii
1647 1413 1764 1478 attulit.
1808 1413 1877 1478 Nec
1904 1412 2087 1480 dubitamus
2114 1423 2147 1480 te

171 1499 308 1582 denique
329 1500 365 1564 in
386 1499 641 1583 Argentinensis
662 1499 814 1566 eeclesiae
838 1500 1037 1581 fratrumque
1058 1519 1133 1582 gra-
1184 1517 1310 1579 quoque
1327 1497 1484 1582 singulari
1501 1497 1639 1580 quodam
1657 1498 1774 1582 gaudio
1791 1499 1942 1564 affectum
1960 1499 2148 1565 huiusmodi

171 1585 248 1648 tam
269 1585 368 1650 alacri
388 1595 497 1650 mente
518 1584 657 1667 quidvis,
680 1585 706 1649 si
725 1585 771 1648 ita
787 1604 839 1648 res
856 1584 1007 1666 postulet,
1029 1583 1132 1648 obire·
1184 1583 1313 1656 nuncio,
1335 1591 1498 1665 utcunque
1519 1584 1640 1647 factum
1658 1584 1701 1648 sit
1718 1591 1754 1648 ut
1771 1584 1928 1649 haetenus
1945 1583 2085 1648 reditum
2106 1585 2147 1650 ad

170 1691 249 1736 mus.
312 1669 495 1750 Ooucedite,
534 1691 737 1752 quaesumus,
780 1669 943 1734 Caluinam
981 1669 1133 1735 ecclesiae
1185 1667 1392 1732 Gebennates
1411 1677 1484 1733 tuos
1502 1667 1675 1732 distuleris.
1718 1667 1828 1748 Quare
1846 1675 1878 1734 te
1896 1670 2016 1734 nostris
2034 1669 2147 1750 literis,

171 1775 255 1832 suae,
277 1767 385 1821 amate
406 1777 474 1832 nos,
496 1755 598 1822 vivite
620 1777 658 1820 ac
678 1755 785 1821 valete
807 1755 842 1818 in
860 1755 1001 1820 Domino
1022 1763 1132 1820 nostro
1184 1772 1266 1834 quae
1287 1752 1372 1836 apud
1392 1761 1423 1817 te
1441 1753 1628 1836 plurimum,
1652 1754 1714 1818 nisi
1731 1754 1891 1832 fallamur,
1911 1754 2018 1819 valere
2035 1756 2147 1820 existi·

169 1840 243 1906 Iesu
265 1839 408 1920 Christo,
429 1843 545 1907 fratres
567 1841 600 1904 in
618 1841 760 1906 Domino
781 1839 958 1906 venerandi
980 1853 1012 1904 et
1033 1842 1132 1906 caris·
1183 1858 1326 1906 mamus.
1360 1837 1521 1903 inhortari
1554 1839 1730 1918 voluimus,
1765 1861 1806 1904 ne
1835 1840 2034 1904 vocationem
2062 1839 2147 1906 hane

170 1925 251 1990 simi.
295 1927 419 2011 ligari,
443 1935 472 1990 4.
495 1926 620 2010 Aprilis
645 1931 734 1990 1541.
1183 1921 1248 1986 Dei
1269 1923 1417 2023 negligas
1439 1945 1476 1989 ac
1494 1933 1691 1989 contemnas.
1725 1924 1797 1990 Non
1815 1945 1927 1989 sumus
1944 1926 2048 2009 ignari
2067 1946 2148 2025 quas

423 2063 575 2129 Ριιιι
597 2070 629 2127 ι
647 2062 797 2162 ,ιιι
818 2063 959 2161 ιιι·
981 2062 1133 2128 ιιι
1183 2007 1856 2177 ttttt.flatttttttttttt
1869 2017 2147 2178 “tabliipili

616 2148 802 2232 'swnnae’
823 2157 937 2214 mm·
1183 2179 1340 2258 revisam,
1369 2179 1588 2244 inconstantes
1617 2199 1654 2244 aa
1681 2180 1804 2258 sutiles,
1834 2146 1869 2244 et
1894 2179 1993 2244 huius
2019 2182 2147 2263 generis

1183 2264 1363 2329 innumera.
1415 2265 1468 2329 Ad
1495 2264 1555 2330 has
1582 2285 1660 2330 vero
1688 2286 1784 2330 voces
1816 2287 1874 2330 seu
1907 2263 2056 2343 blandas,
2089 2287 2146 2330 seu

1183 2369 1300 2429 vanas,
1341 2372 1435 2416 aures
1474 2349 1626 2415 obturare
1660 2351 1796 2415 militem
1828 2349 1955 2416 Christi
1986 2352 2145 2416 convenit

1183 2433 1357 2500 Audienda
1385 2436 1491 2518 potius
1518 2436 1643 2501 vocatio
1670 2437 1820 2514 Domini,
1853 2437 1946 2518 eique
1977 2435 2063 2502 illico
2090 2437 2147 2501 ob·

1183 2519 1438 2602 temperandum.
1480 2521 1689 2586 Vocationem
1706 2520 1843 2584 Domini
1862 2541 1933 2587 esse
1950 2520 2044 2600 hano,
2062 2520 2147 2586 nihil

1183 2613 1296 2669 estut
1323 2605 1511 2689 probemus,
1539 2627 1641 2688 quum
1667 2605 1863 2672 conscientia
1889 2615 1948 2670 tua
1974 2604 2072 2670 huius
2099 2606 2147 2671 rei

1182 2691 1275 2754 testis
1297 2691 1356 2754 tibi
1378 2691 1429 2768 sit,
1453 2701 1490 2754 ut
1510 2689 1544 2752 id
1566 2692 1732 2755 nobiscum
1750 2691 1844 2756 lateri
1862 2711 1987 2774 quoque
2004 2691 2144 2776 cogaris:

1181 2793 1279 2856 quam
1300 2795 1377 2838 vero
1394 2775 1600 2840 inhonestum
1619 2776 1814 2840 sitDomino
1825 2777 1987 2855 reluctari,
2009 2784 2146 2860 quanto·

1181 2879 1245 2941 que
1266 2878 1340 2922 oum
1361 2859 1504 2942 periculo
1520 2860 1738 2938 coniunctum,
1761 2860 1897 2926 historia
1914 2869 1948 2926 et
1962 2862 2146 2944 exemplum

1181 2943 1281 3008 Ionae
1308 2945 1388 3009 satis
1416 2941 1546 3007 indicat.
1596 2943 1668 3008 Iam
1696 2953 1734 3008 ut
1762 2947 1974 3030 Argentorati
1999 2946 2145 3026 haereas,

1180 3050 1247 3094 non
1280 3035 1358 3094 sunt
1389 3035 1458 3094 tam
1491 3049 1607 3112 graves
1638 3048 1770 3108 causae,
1806 3052 1907 3113 quum
1943 3038 1975 3096 te
2007 3029 2145 3096 abeunte

1181 3115 1315 3180 ecclesia
1337 3114 1587 3198 Argentinensis
1609 3112 1693 3178 nihil
1709 3115 1851 3180 iacturae
1868 3116 1975 3194 faciat,
1996 3136 2079 3198 quae
2097 3123 2146 3180 tot

1180 3207 1350 3284 tantosque
1374 3202 1459 3265 viros
1481 3197 1591 3265 doctos
1616 3205 1649 3264 et
1670 3207 1871 3281 praestantes
1893 3201 2010 3265 habeat
2030 3209 2067 3264 ut
2088 3201 2145 3265 vix

1181 3286 1259 3350 alia:
1277 3285 1412 3352 ecclesia
1422 3306 1500 3350 vero
1511 3284 1736 3352 Gebennensis
1747 3292 1875 3366 praeter
1885 3305 1987 3349 unum
2004 3285 2144 3349 Vinium

1181 3372 1299 3437 habeat
1320 3372 1498 3436 neminem:
1525 3372 1618 3438 cuius
1639 3369 1785 3434 humeris
1805 3376 1910 3434 totum
1937 3390 2019 3435 onus
2046 3369 2144 3452 idque

200 3499 356 3566 ιιι
377 3521 415 3565 ι
775 3495 950 3580 ιιι
971 3491 1109 3560 ιι
1181 3454 1699 3608 ιιιιιιι
1714 3454 2145 3622 sciamusne

379 3585 473 3650 fratri
494 3585 529 3648 in
551 3581 682 3649 0th
703 3579 912 3648 observanda
1182 3647 1257 3694 cum
1278 3626 1422 3709 periculo
1444 3627 1596 3692 ecclesiae
1618 3626 1821 3691 Lausanensi
1843 3623 1927 3691 desit
1937 3645 2015 3692 suus
2025 3633 2143 3708 pastor.

249 3722 345 3804 Quan
369 3743 447 3786 uam
468 3720 562 3786 nobis
583 3739 710 3801 semper
736 3715 1006 3784 iucundissimum
1031 3714 1131 3778 fuerit
1181 3711 1261 3776 Fuit
1288 3720 1320 3776 et
1347 3711 1521 3794 aliquando
1552 3710 1686 3776 celebris
1713 3711 1848 3778 ecclesia
1875 3710 2067 3777 Antiochiae
2094 3713 2146 3792 (ut

164 3807 305 3876 scribere
327 3743 369 3872 ad
389 3815 431 3885 te,
462 3806 513 3870 vir
541 3803 718 3870 clarissime
744 3803 906 3884 fraterque
934 3801 970 3864 in
997 3799 1130 3865 Ohristo
1181 3799 1338 3863 Actorum
1360 3796 1577 3878 apostolorum
1599 3803 1696 3878 caput
1717 3795 1879 3862 decimum
1896 3796 2029 3861 tertium
2045 3803 2145 3860 testa·

163 3891 362 3960 venerande:
381 3895 444 3959 hoc
460 3900 570 3957 tamen
587 3897 732 3972 tempore
749 3909 815 3953 non
832 3883 1007 3952 iucundum
1024 3884 1129 3962 modo,
1181 3883 1250 3963 tur)
1281 3881 1315 3946 in
1348 3901 1412 3964 qua
1440 3881 1615 3964 prophetae
1644 3888 1677 3944 et
1707 3880 1851 3946 doctores
1882 3881 2013 3964 plurimi
2041 3885 2144 3958 erant,

166 3979 222 4046 sed
260 3979 406 4044 maxime
437 3977 654 4042 necessarium
688 3994 758 4039 esse
798 3972 1026 4049 iudicavimus,
1066 3969 1130 4035 nisi
1181 3967 1278 4032 utiles
1288 3967 1442 4032 nimirum
1454 3975 1490 4030 et
1498 3965 1905 4033 necessariitumecolesiae
1913 3964 2142 4030 Antiochense.

165 4066 286 4150 gloriae
320 4065 393 4141 Dei,
425 4061 629 4128 ecclesiarum
662 4058 802 4138 Ohristi,
835 4057 996 4139 officiique
1027 4055 1131 4120 nostri
1181 4055 1228 4118 At
1249 4073 1349 4136 quum
1376 4050 1538 4116 Dominus
1566 4051 1629 4116 alio
1656 4052 1801 4130 vocabat,
1828 4071 1893 4115 non
1920 4048 2144 4132 repugnabant

165 4151 348 4216 desertores
368 4149 430 4214 dici
452 4159 485 4213 et
506 4146 619 4210 haberi
639 4145 787 4210 velimus.
840 4141 1020 4208 Scribimus
1042 4140 1131 4204 enim
1181 4139 1342 4204 vocationi
1364 4137 1493 4202 divinae
1515 4157 1620 4218 neque
1641 4137 1774 4218 apostoli
1787 4133 2041 4217 nequeecolesia,
2063 4132 2144 4214 quin

164 4236 207 4302 ad
236 4257 312 4302 eum
344 4254 440 4317 quem
472 4231 565 4297 nobis
597 4239 630 4295 et
662 4229 784 4296 Ohristi
817 4249 908 4294 amor
939 4235 973 4292 et
1003 4244 1131 4291 summa
1182 4221 1382 4288 dimitterent
1403 4221 1542 4286 Paulum
1564 4229 1598 4284 et
1619 4221 1805 4285 Barnabam
1826 4219 1973 4300 inopus,
1996 4215 2143 4299 adquod

162 4323 270 4388 virtus
293 4319 473 4385 arctissimo
495 4317 655 4382 amicitiae
682 4314 811 4380 vinomo
839 4312 1015 4390 coniunxit,
1044 4309 1130 4392 apud
1182 4313 1412 4393 segregaverat
1432 4325 1486 4371 eos
1508 4306 1640 4388 spiritus
1662 4313 1800 4371 sanctus
1852 4306 1923 4386 Age
1950 4323 2046 4380 nunc,
2072 4303 2143 4368 An·

163 4427 259 4490 quem
281 4427 350 4472 non
372 4403 556 4470 dubitamus
578 4421 636 4466 nos
658 4400 766 4464 omnia
787 4405 819 4463 et
847 4417 941 4480 posse
968 4403 1002 4461 et
1029 4397 1130 4478 impe·
1181 4393 1301 4460 tiochia
1321 4389 1478 4475 quaedam
1499 4391 1681 4474 Argentum
1703 4398 1762 4468 est,
1789 4390 1823 4452 in
1852 4407 1915 4487 qua
1940 4385 2085 4453 doctores
2110 4393 2143 4488 et

164 4503 260 4558 trare.
305 4491 374 4555 Nec
395 4509 475 4572 opus
496 4495 547 4552 est
566 4492 604 4551 ut
627 4485 727 4569 longa
754 4484 953 4566 praefatione
981 4480 1130 4546 attentio-
1180 4479 1365 4562 prophetae,
1388 4479 1534 4559 interque
1561 4475 1621 4540 hos
1652 4473 1809 4548 Calvum,
1839 4493 1893 4555 qm
1921 4479 2052 4555 propter
2077 4493 2143 4538 exr-

163 4599 240 4642 nem
268 4585 301 4642 et
328 4573 586 4640 benevolentiam
614 4571 706 4636 nobis
735 4567 941 4636 conciliemus
970 4565 1055 4650 apud
1088 4575 1129 4644 te,
1181 4565 1279 4628 miam
1297 4562 1509 4627 eruditionem
1522 4559 1763 4646 singulariaque
1780 4557 1980 4656 dona-aDeo
1994 4575 2143 4623 concessa

163 4684 266 4746 quum
295 4661 388 4728 nobis
415 4657 642 4725 benevolentia
662 4665 719 4720 tua
741 4673 818 4738 erga
839 4674 898 4718 nos
919 4653 985 4716 iam
1007 4649 1130 4716 dudum
1181 4649 1333 4715 ecclcsiae
1353 4647 1456 4712 eidem
1479 4647 1569 4712 utilis
1591 4653 1641 4709 est
1662 4652 1696 4708 et
1717 4662 1923 4708 necessarius.
1968 4643 2140 4707 (laetarum

162 4747 427 4834 perspectissime
444 4745 502 4810 sit:
527 4741 614 4808 unde
635 4749 668 4806 et
688 4739 885 4806 arbitramur
905 4745 937 4802 te
959 4737 1077 4802 nostris
1094 4738 1131 4801 in
1180 4735 1342 4800 Dominus
1369 4731 1433 4797 alio
1460 4741 1571 4798 vocat:
1602 4730 1652 4796 cui
1680 4727 1848 4806 vocationi,
1876 4735 1986 4792 nostro
2012 4725 2140 4802 iudicio,

162 4833 267 4899 literis
288 4833 365 4916 plus
387 4829 626 4914 simplicitatem
648 4835 681 4891 et
702 4825 883 4900 candorem,
912 4842 1008 4904 quam
1035 4841 1130 4886 orna·
1181 4839 1247 4884 non
1268 4827 1337 4883 tam
1361 4817 1510 4883 Uolcim
1538 4835 1634 4899 quam
1656 4813 1789 4880 ecclesia
1811 4814 1993 4897 Argentina
2018 4809 2140 4875 obtem-

616 2588 690 2658 294.

268 2725 480 2796 auulsum
503 2725 790 2795 wfflouusus
813 2723 1027 2792 ΟΑΙΝΙΝΟ.

257 2899 451 2968 Vocctioocm
483 2897 615 2965 Dornini
645 2919 682 2964 ce
712 2901 907 2978 aemam,
945 2913 1040 2974 neque
1075 2913 1131 2960 eta

169 2985 365 3070 creatorae
386 2985 511 3051 taceat
531 2989 595 3050 mm
609 3003 722 3070 graece
738 2981 800 3049 sibi
815 2999 930 3049 caueae
947 2999 1011 3044 esce
1025 2977 1130 3063 lingat,

167 3071 328 3138 afflarat
344 3075 372 3138 et
388 3069 595 3152 apostoloram
612 3069 761 3152 ecenplis
772 3065 944 3150 propositis
961 3065 1131 3131 tonantur.

167 3242 313 3314 (impressa
334 3243 364 3296 in
387 3241 448 3296 edit
469 3241 569 3295 Gener.
595 3239 664 3294 15⁷6
689 3257 749 3310 pag.
775 3236 834 3304 417,
861 3237 965 3291 Ohouet
986 3253 1046 3306 pag.
1070 3233 1140 3303 581,

323 3311 460 3366 Arusterd.
478 3328 503 3381 p.
522 3307 580 3363 261.
614 3308 646 3362 In
664 3308 778 3362 caeteris
794 3324 849 3361 non
866 3307 977 3371 emtat.)

161 4929 235 4986 tum
259 4927 316 4984 aut
337 4915 542 5000 splendorem
564 4911 797 4994 perpessurum
819 4929 898 4974 esse.

1181 4925 1295 4987 parare
1317 4902 1419 4982 debet,
1442 4902 1522 4968 adeo
1541 4910 1664 4966 utnon
1690 4897 1784 4964 modo
1812 4919 1877 4964 non
1906 4897 2043 4963 retineat
2073 4893 2142 4960 cca

250 5003 423 5086 Quantum
445 4999 588 5067 Satanae
610 5007 701 5064 astus
722 5005 755 5064 et
776 4994 1021 5079 hypocritarum
1044 4997 1131 5056 artes
1231 5047 1239 5050 .

161 5091 292 5176 possint
316 5110 382 5154 non
412 5095 525 5153 estut
554 5104 785 5157 recenseamus,
816 5100 915 5163 quum
944 5077 978 5142 in
1003 5087 1040 5175 'te
1065 5097 1131 5140 uno

161 5176 352 5260 exemplum
362 5172 498 5242 evidens
509 5167 672 5256 proditum
685 5177 742 5248 est,
760 5167 815 5250 qui
829 5163 984 5248 improbis
1000 5161 1131 5227 ullorum

1197 5105 1265 5168 ²⁹⁴·
1283 5107 1312 5241 a
1333 5101 1637 5245 ‘'attactt
1658 5170 1714 5228 ot.
1732 5169 1807 5224 cc.
