4898 5970
313 269 377 334 763
1035 291 1041 302 ’
1081 261 1343 331 ΕΡΙΒΤΟΒΔΕ
1366 267 1535 330 tar-uas
2246 271 2310 337 764

313 467 426 524 tamen
454 475 588 537 scopum
621 451 753 519 tendere
782 473 910 538 semper
937 452 1108 529 debemus,
1141 459 1179 517 ut
1206 471 1283 517 con·
1334 453 1375 518 ab
1404 451 1497 518 initio
1524 473 1788 536 praemonemus,
1824 461 1862 520 ut
1890 456 1918 520 si
1946 475 2030 538 quae
2058 456 2124 521 sint
2149 457 2309 524 obscurae

312 542 433 609 iunctis
460 537 591 616 studiis,
624 547 658 604 et
685 539 867 616 communi,
898 547 1057 621 quantum
1079 539 1150 603 fieri
1167 544 1283 621 potest,
1335 538 1533 616 simultates,
1561 541 1766 623 aperiantur:
1801 542 1828 606 si
1855 541 1956 606 frater
1983 542 2125 607 offensus
2158 563 2179 608 a
2206 543 2309 610 fratre

313 626 446 694 consilio
468 624 649 690 serviamus
671 624 830 690 eeclesiae.
875 623 947 688 Iam
970 646 1046 690 vero
1068 627 1104 689 iu
1124 623 1186 689 hac
1209 643 1283 687 nos·
1334 625 1448 702 fuerit,
1479 625 1663 706 expostulet
1691 636 1866 708 autequam
1894 634 2035 710 agantur
2064 647 2237 706 censurae,
2266 651 2309 694 ne

273 767 277 778 .
314 722 366 778 tra
385 710 577 776 infirmitate
598 709 669 774 fieri
690 712 804 792 nequit
825 709 906 793 quin
926 710 1035 793 aliqua
1056 711 1091 774 in
1112 710 1205 774 nobis
1227 707 1283 773 do·
1335 710 1415 775 haoo
1437 709 1533 774 simul
1555 710 1821 792 permisceantur.
1857 712 1920 777 His
1942 732 2020 796 ergo
2042 712 2139 791 vitiis,
2148 715 2179 790 8)
2201 713 2310 796 quoad

313 797 507 874 siderentur,
530 795 569 860 do
588 795 705 878 quibus
723 795 890 860 admoneri
908 817 967 860 nos
985 796 1138 863 convenit
1154 805 1187 860 et
1204 793 1284 858 utile
1334 794 1420 872 licet,
1443 795 1683 877 praecludenda
1704 805 1755 861 est
1777 798 1830 862 ria
1851 819 1893 862 ue
1915 797 2087 882 obrepant:
2117 807 2152 862 et
2173 799 2201 863 si
2223 800 2309 864 forte

314 895 373 950 est.
417 882 459 948 In
480 881 554 946 aliis
575 879 766 966 corrigenda
788 889 866 947 sunt
887 891 976 947 corta
997 881 1093 959 vitia,
1123 879 1178 946 alii
1206 888 1284 944 sunt
1335 881 1540 963 obrepserint
1567 881 1782 947 rescindenda
1809 893 1895 948 sunt.
1940 882 2108 948 (laesurae
2135 904 2214 949 reru
2242 884 2310 949 dis·

314 966 556 1044 antevertendi,
590 987 690 1050 quum
719 966 866 1032 videmus
893 967 1073 1050 periculum
1101 966 1282 1045 imminere,
1335 966 1464 1049 cipliua,
1486 987 1583 1048 quam
1605 987 1671 1032 non
1692 967 1787 1033 modo
1804 979 1948 1035 sanctam
1967 968 2141 1033 sedetiam
2159 989 2310 1036 necessa·

312 1075 356 1122 nc
382 1050 604 1136 imprudentia
635 1051 801 1117 labantur:
835 1051 891 1117 alii
918 1051 960 1117 ad
993 1053 1148 1117 maiorem
1176 1050 1283 1116 uelum
1335 1052 1418 1116 riam
1440 1051 1642 1134 experimur,
1673 1074 1738 1118 non
1765 1062 1815 1118 cst
1841 1064 2013 1137 propterea
2034 1055 2232 1138 negligenda
2252 1063 2310 1121 aut

312 1137 488 1216 incitandi,
516 1137 573 1202 alii
602 1135 807 1222 obiurgandi,
836 1138 872 1202 in
894 1137 973 1204 alios
1000 1135 1231 1220 inquirendum
1255 1137 1284 1202 si
1334 1135 1521 1202 omittenda.
1565 1137 1719 1202 Fratrem
1740 1159 1819 1204 vero
1839 1139 1933 1204 illum
1952 1139 2008 1223 qui
2028 1139 2186 1206 hacteuus
2208 1160 2228 1204 a
2251 1161 2308 1206 vo·

313 1226 387 1311 quis
409 1223 450 1288 de
471 1223 537 1288 illis
558 1223 690 1288 sinister
711 1243 833 1302 rumor,
852 1231 1012 1288 ettamen
1030 1221 1156 1302 dubius,
1179 1243 1283 1286 emer·
1336 1223 1386 1288 bia
1413 1223 1577 1300 dissensit,
1608 1222 1814 1290 obsecramus
1842 1226 1876 1289 in
1904 1226 2062 1304 Domino,
2098 1247 2140 1290 ne
2167 1226 2309 1294 ulterius
2401 1229 2404 1238 ’

314 1312 367 1378 sit.
411 1310 508 1375 Nunc
529 1309 704 1392 quaeritur,
727 1329 769 1374 an
791 1309 923 1374 omnino
944 1329 1075 1376 necesse
1096 1309 1149 1388 sit,
1171 1308 1283 1392 singu·
1335 1308 1514 1391 pertinacia
1540 1308 1716 1374 contendat
1743 1309 1785 1374 ad
1813 1310 2072 1394 repugnandum.
2117 1312 2311 1377 Meminerit

314 1397 364 1464 los
384 1417 403 1461 a
424 1394 564 1480 siugulis
581 1394 736 1478 privatim
755 1393 931 1468 admoneri,
955 1416 997 1459 an
1020 1415 1097 1461 vero
1119 1392 1284 1459 interdum
1335 1394 1422 1460 inter
1444 1393 1509 1458 alia
1531 1414 1614 1476 quae
1635 1395 1759 1460 Paulus
1781 1397 1815 1460 in
1833 1406 1963 1479 pastore
1983 1397 2129 1480 requirit,
2152 1397 2216 1460 hoo
2237 1415 2309 1463 essa

314 1479 475 1566 expediat,
499 1479 610 1546 habita
626 1479 713 1545 inter
729 1479 847 1546 fratres
865 1479 1106 1560 deliberatione,
1128 1480 1190 1544 hoo
1212 1479 1284 1544 fieri
1335 1501 1401 1544 non
1431 1487 1629 1562 postremum
1656 1501 1699 1545 ne
1727 1480 1770 1546 sit
1797 1479 1953 1560 αὐθάδης,
1987 1479 2049 1547 hoo
2077 1491 2141 1558 est,
2176 1483 2308 1565 proprio
2431 1478 2434 1489 '

314 1573 424 1635 atoto
446 1563 563 1632 coetu?
607 1565 708 1647 Atqui
736 1585 831 1648 saepe
858 1566 1031 1649 contingit,
1060 1576 1098 1630 ut
1124 1585 1145 1630 a
1172 1564 1284 1630 multis
1335 1563 1454 1631 indicio
1466 1564 1622 1631 addictus.
1655 1566 1702 1630 Et
1721 1573 1810 1632 certe
1831 1566 1911 1634 haee
1924 1587 1990 1632 nna
2001 1575 2103 1633 estex
2126 1569 2308 1651 praecipuis

314 1651 483 1721 admoneri
505 1671 565 1716 nos
586 1657 742 1734 oporteat,
770 1649 810 1716 de
837 1671 900 1733 quc
922 1671 1017 1716 nemo
1039 1673 1124 1716 unus
1146 1671 1205 1717 nos
1227 1647 1283 1715 ad·
1334 1650 1513 1716 virtutibus
1535 1650 1610 1716 boni
1632 1651 1787 1735 pastoris,
1815 1653 1862 1719 sio
1884 1651 2060 1718 exhorrere
2087 1661 2155 1718 toto
2177 1661 2308 1737 pectore

313 1759 448 1805 monere
468 1743 581 1819 potest.
625 1735 779 1818 Exempli
800 1736 919 1820 gratia:
952 1736 1036 1812 Erit,
1059 1735 1157 1802 sicuti
1178 1757 1284 1818 nuper
1335 1737 1566 1816 contentiones,
1589 1743 1628 1800 ut
1648 1757 1815 1819 nunquam
1834 1738 2030 1816 afr-utribus,
2053 1739 2116 1804 nisi
2135 1739 2175 1804 ob
2194 1758 2308 1805 causas

314 1824 438 1892 dictum
459 1830 518 1900 ost,
541 1831 676 1888 exortus
697 1841 811 1886 rumor
827 1826 885 1886 aut
897 1822 1100 1905 querimonia
1121 1819 1161 1886 ds
1182 1821 1284 1886 fratre
1334 1822 1477 1886 maxime
1498 1823 1705 1902 necessarias,
1728 1821 1891 1888 dissideat
1925 1823 2052 1890 Oaveat
2071 1825 2170 1889 etiam
2192 1823 2308 1908 nequi

313 1909 478 1994 quopiam:
508 1905 543 1972 id
571 1907 668 1972 vicini
695 1907 812 1972 soient:
841 1928 907 1972 nou
934 1915 1042 1990 potest
1069 1907 1194 1973 occurri
1214 1927 1283 1972 me·
1334 1907 1396 1972 hoo
1418 1905 1556 1972 audiunt
1583 1908 1791 1990 suspicentur
1819 1911 1927 1992 ipsum
1949 1917 2007 1974 aut
2027 1909 2178 1994 litigandi
2200 1909 2308 1975 studio

312 1995 389 2062 lieri
409 1992 561 2072 remedio,
584 2013 682 2076 quam
704 1993 733 2056 si
754 1993 887 2072 fratres,
916 2013 952 2058 re
979 1993 1068 2059 inter
1086 2015 1121 2058 se
1142 2013 1284 2060 commu·
1335 1999 1393 2057 aut
1413 1991 1485 2057 odio
1507 1989 1697 2075 disciplinae
1717 1993 1890 2078 impedire,
1920 1995 2092 2078 quominus
2119 1995 2159 2060 de
2186 1994 2308 2062 nostris

314 2082 438 2156 nicata,
464 2079 572 2162 ipsum
600 2077 641 2143 de
667 2099 730 2161 quo
758 2079 867 2162 agitur
892 2075 1097 2145 admoueant
1142 2077 1180 2144 Si
1201 2077 1285 2144 falsa
1334 2077 1481 2143 moribus
1507 2079 1567 2142 fiat
1593 2099 1745 2144 censura:
1779 2101 1846 2145 nou
1872 2081 1949 2162 quia
1974 2079 2112 2146 velimus
2141 2081 2205 2146 hac
2231 2101 2307 2147 eum

314 2173 366 2232 est
386 2163 578 2242 criminatio,
600 2163 647 2229 sic
669 2163 887 2246 providebunt
913 2184 956 2228 ne
977 2163 1074 2231 latius
1095 2171 1282 2248 spargatur:
1334 2163 1459 2228 invidia
1478 2183 1624 2248 gravare,
1648 2173 1705 2228 aut
1725 2163 1794 2230 ulla
1815 2185 1948 2247 prorsus
1969 2166 2096 2231 macula
2124 2167 2235 2249 ipsum
2257 2187 2307 2232 as·

313 2253 367 2319 sin
388 2270 475 2328 vera,
497 2269 564 2314 non
587 2249 627 2315 ab
650 2269 716 2315 uno
738 2257 868 2314 tantum
888 2247 1057 2315 admoueri
1086 2249 1198 2316 debuit
1217 2248 1283 2326 ille,
1334 2269 1485 2332 pergere:
1517 2248 1574 2314 sed
1596 2247 1669 2314 ideo
1690 2249 1883 2333 simpliciter
1904 2250 1984 2318 haee
2005 2250 2204 2330 iudicamus,
2232 2251 2308 2336 quia

315 2335 374 2404 sed
401 2356 420 2400 a
446 2335 584 2399 fratrum
610 2340 704 2400 coetu
725 2335 853 2418 corrigi.
898 2332 952 2400 Sit
973 2334 1062 2400 aliud
1083 2334 1283 2418 exemplum:
1335 2335 1484 2416 cupimus
1506 2335 1575 2400 eius
1596 2333 1712 2400 honori
1736 2335 1818 2402 bene
1838 2337 2032 2403 consultum.
2077 2335 2250 2418 Quantum
2267 2335 2308 2402 ad

314 2419 390 2488 Erit
410 2419 533 2504 aliquid
554 2419 589 2484 in
612 2419 711 2484 fratre
733 2419 818 2502 quod
839 2417 1020 2502 displicebit
1047 2419 1208 2503 aliquibus
1229 2419 1284 2486 vel
1335 2420 1405 2484 eius
1427 2419 1584 2502 scriptum
1611 2420 1741 2499 attinet,
1770 2441 1832 2504 quo
1858 2423 2050 2507 impugnare
2079 2443 2204 2488 morem
2232 2443 2306 2488 ves·

315 2527 358 2574 ex
388 2505 498 2589 plebe,
532 2505 585 2571 vel
612 2527 654 2570 ex
682 2503 824 2590 collegis.
867 2505 934 2571 Hic
961 2506 1100 2572 vertitur
1127 2507 1283 2590 quaestio,
1335 2513 1426 2570 trum
1448 2515 1584 2573 conatus
1605 2513 1665 2586 est,
1687 2505 1774 2590 quod
1797 2506 1880 2573 bona
1901 2509 1970 2574 eius
1993 2509 2089 2575 venia
2109 2506 2232 2573 dictum
2253 2506 2304 2586 sit,

314 2613 398 2658 num
418 2588 500 2656 illud
522 2589 607 2674 quod
629 2588 830 2656 desideratur
851 2611 909 2673 pro
930 2590 1012 2658 vitio
1032 2589 1221 2658 habendum
1242 2592 1285 2657 sit
1334 2612 1435 2675 quum
1444 2592 1623 2657 fraternam
1634 2593 1866 2658 correctionem
1883 2602 1992 2659 actum
2003 2595 2148 2660 caritatis
2165 2592 2305 2676 vooat’)

314 2687 350 2744 et
370 2675 620 2760 corrigendum?
655 2676 746 2760 Ergo
767 2675 891 2742 oollatis
909 2675 1068 2760 capitibus
1084 2698 1165 2760 opus
1187 2676 1284 2763 esti)
1336 2697 1440 2760 aquo
1460 2697 1556 2742 nemo
1578 2678 1623 2742 sit
1644 2677 1851 2744 eximendus:
1880 2699 1948 2744 non
1969 2678 2102 2745 videaur
2123 2678 2216 2745 nobis
2238 2679 2306 2744 ani·

313 2760 424 2830 Multa
451 2759 592 2846 quotidie
619 2759 770 2828 incidunt
797 2762 868 2827 eius
896 2763 1032 2846 generis.
1082 2763 1191 2847 Atque
1219 2763 1285 2829 huo
1334 2761 1549 2830 madvertisso
1566 2761 1653 2847 quod
1670 2769 1741 2829 erat
1750 2764 1785 2828 in
1803 2763 1917 2847 primis
1929 2766 2061 2849 cognitu
2077 2765 2306 2843 necessarium,

314 2845 511 2998 affirmantia
530 2868 572 2948 ex
599 2846 937 2998 pgrgebprczvineisses
965 2847 1097 2998 ⁸yss9ffi’
1107 2849 1284 3001 tidentitbis
1335 2848 1450 3000 plura:
1468 2869 1539 2915 esse
1561 2849 1698 2999 elpeniesd
1713 2849 1876 3000 fraternge
1898 2850 2141 3002 ιιοέὲιὲιοιίοιιίἰίε.1ἷὶ
2157 2849 2307 3001 {aaliz

313 2954 385 3087 grat
406 2953 629 3097 ddododtliiira,
641 2953 976 3102 atrimanqiidiimoiidie
986 2956 1043 3084 ldd
1058 2933 1284 3104 duiusqueuvi}
1334 2955 1671 3104 {idpriffiitioffm
1684 2953 1972 3087 heab‘diialisisddim
1983 2959 2062 3106 lpidia
2069 2957 2306 3088 eostrldlsiasldiuae

311 3105 368 3172 tiis
390 3101 614 3182 audiebantur,
636 3111 671 3169 et
687 3123 826 3170 censura
843 3103 1056 3170 exercebatur
1072 3105 1106 3170 in
1128 3105 1283 3190 singulos.
1335 3105 1475 3189 politiae.
1509 3105 1599 3190 Ergo
1613 3125 1688 3172 cum
1699 3105 1756 3170 illa
1770 3107 1917 3190 generali
1936 3108 2137 3174 correctione
2151 3103 2305 3172 conlundi

398 3189 557 3254 Vestrum
568 3208 646 3274 ergo
656 3187 856 3270 institutum,
873 3189 968 3274 quale
979 3188 1171 3270 describitis,
1190 3210 1283 3258 sano·
1335 3211 1402 3256 non
1433 3190 1543 3271 debet,
1576 3211 1659 3275 quae
1690 3193 1842 3258 omnibus
1869 3192 2095 3258 indifferenter
2120 3190 2306 3258 mandatur.

313 3283 386 3342 tum
406 3282 440 3340 et
460 3273 643 3358 legitimum
665 3295 736 3340 esse
748 3273 937 3341 iudicamus.
971 3275 1017 3340 llt
1037 3275 1284 3427 saneznimiae
1334 3275 1480 3342 Proinde
1501 3298 1566 3342 non
1588 3276 1795 3342 concedimus
1816 3276 1874 3356 illi,
1897 3298 1970 3345 esse
1986 3277 2168 3361 simplicem
2190 3283 2225 3343 et
2246 3298 2307 3342 nu-

313 3366 400 3428 esset
409 3357 641 3443 impudentiae,
663 3359 816 3444 idipsum
837 3359 1023 3445 improbare
1043 3362 1079 3426 in
1101 3383 1141 3429 vo
1163 3363 1200 3438 is,
1221 3383 1284 3445 quo
1336 3361 1414 3427 dum
1435 3363 1582 3428 cantads
1604 3370 1729 3428 actum:
1752 3361 1913 3446 siquidem
1934 3363 2091 3430 iudicium
2112 3371 2163 3429 eet
2183 3361 2307 3428 ordinis

313 3467 375 3514 uos
401 3453 559 3529 tanquam
582 3445 668 3511 bono
690 3454 725 3510 ot
743 3445 876 3511 salutari
905 3445 1038 3512 utimur.
1078 3440 1285 3514 Adhibeatur
1335 3455 1368 3512 et
1388 3446 1578 3531 disciplinae
1599 3467 1698 3514 causa
1719 3449 1916 3528 institutum,
1938 3449 2025 3532 quod
2042 3468 2249 3514 communem
2262 3448 2306 3530 ¹⁰)

313 3530 412 3598 modo
435 3530 581 3614 aequitas
602 3531 745 3614 primum
764 3539 799 3596 et
820 3527 950 3609 candor,
973 3531 1089 3598 deindo
1109 3531 1284 3618 prudentia
1335 3532 1593 3600 aedificationem
1621 3553 1681 3616 pro
1712 3534 1779 3598 fine
1811 3535 2010 3618 propositam
2042 3533 2148 3600 babet
2192 3533 2307 3616 Neque

312 3626 349 3686 et
362 3615 549 3682 moderatio.
583 3613 769 3682 Oaudorem
786 3637 886 3701 quum
903 3617 1101 3702 requirimus
1121 3627 1156 3686 et
1173 3619 1283 3702 aequi·
1335 3620 1434 3686 etiem
1444 3617 1652 3686 concedimus
1669 3617 1833 3684 neminem
1851 3619 1891 3685 ab
1903 3620 1975 3685 eius
1985 3619 2182 3704 obligatione
2193 3617 2303 3684 eximi

313 3709 432 3781 tatem,
464 3701 527 3768 hoo
558 3701 787 3787 intelligimus,
820 3724 862 3768 ne
892 3703 965 3786 quis
997 3701 1142 3790 maligno
1174 3703 1283 3771 animo
1335 3703 1480 3770 'Pametsi
1506 3703 1658 3790 ambigua
1679 3712 1731 3770 est
1751 3703 1898 3788 loquutio
1919 3704 2016 3782 haec,
2045 3707 2121 3788 quia
2141 3714 2209 3770 tam
2231 3723 2307 3788 pus·

311 3789 449 3856 fratrem
476 3786 631 3872 sugillare
661 3787 801 3854 studeat
844 3787 1061 3854 Prudentiam
1082 3799 1116 3855 et
1135 3789 1283 3858 modera-
1335 3791 1405 3856 sive
1427 3810 1524 3873 quam
1546 3791 1654 3856 active
1681 3789 1783 3872 accipi
1806 3799 1919 3874 potest
1962 3788 2030 3856 Sed
2051 3799 2189 3874 utroque
2210 3787 2307 3854 modo

311 3875 436 3942 fiunem
457 3873 504 3940 sio
525 3873 717 3956 accipimus,
746 3895 789 3939 ne
810 3873 882 3958 quis
903 3873 1022 3942 vitium
1044 3895 1202 3942 arcanum
1227 3873 1284 3942 de·
1334 3895 1493 3959 negamus
1515 3895 1627 3941 omnes
1648 3874 1710 3941 hac
1730 3875 1803 3960 lege
1824 3875 1985 3960 obstringi
2012 3895 2096 3958 quae
2123 3874 2308 3959 specialiter

312 3960 408 4037 terat,
430 3979 495 4042 quo
515 3965 595 4024 nota
615 3959 709 4024 fratri
730 3959 895 4026 inuratur:
917 3981 1000 4026 nove
1017 3961 1090 4112 quis
1110 3959 1284 4028 immodica
1334 3959 1494 4028 ministris
1517 3969 1568 4026 est
1588 3958 1760 4026 destinata
1805 3958 1901 4027 Sicut
1928 3962 2016 4026 enim
2045 3981 2127 4044 quae
2155 3959 2197 4026 ad
2218 3959 2308 4025 ordi·

313 4044 503 4114 austeritate
540 4052 717 4130 exaggerat
752 4065 836 4128 quae
871 4043 991 4129 alioqui
1037 4045 1165 4113 ovicula
1195 4055 1282 4114 suut
1335 4068 1411 4112 nem
1432 4043 1575 4112 habendi
1595 4055 1728 4114 senatus
1750 4055 1898 4130 spectant
1918 4045 2007 4132 leges
2027 4043 2155 4130 plebem
2176 4067 2242 4110 non
2264 4045 2308 4110 li·

313 4129 426 4212 Quare
447 4129 623 4213 siquando
642 4129 821 4214 confingat,
844 4129 934 4196 vela
954 4131 1091 4198 morosis
1112 4140 1146 4198 et
1161 4133 1284 4218 impor-
1335 4141 1429 4217 gant,
1456 4131 1504 4196 ita
1525 4129 1730 4215 disciplinam
1751 4131 1838 4198 inter
1866 4153 1925 4198 nos
1953 4131 2126 4198 observare
2153 4131 2311 4196 conuenit

313 4217 405 4282 tuuis
425 4214 581 4281 fratribus
602 4216 639 4282 in
656 4215 801 4282 medium
818 4217 956 4300 proferri
973 4239 1055 4300 quae
1073 4215 1211 4284 tacenda
1227 4239 1283 4302 po·
1335 4217 1386 4285 cui
1410 4217 1545 4284 subiecti
1566 4218 1633 4285 sint
1654 4217 1718 4284 soli
1738 4217 1889 4284 ministri.
1922 4215 2019 4300 Quod
2039 4218 2075 4282 iu
2096 4214 2211 4282 cadem
2231 4237 2310 4300 pro-

312 4301 380 4368 tius
408 4309 516 4380 erant,
549 4300 603 4366 vel
632 4301 830 4368 accusatorio
862 4301 971 4368 animo
1023 4303 1139 4368 referri
1165 4325 1285 4371 arcam
1335 4303 1494 4387 positione
1516 4301 1665 4382 habetur,
1688 4302 1749 4368 sub
1771 4309 1944 4386 praecepto
1966 4299 2030 4368 Dei
2052 4301 2168 4368 cadere
2189 4303 2310 4368 frater-

313 4387 412 4466 ritia,
438 4407 505 4452 non
525 4383 622 4452 modo
648 4405 854 4470 nequaquam
880 4387 998 4454 audien
1023 4389 1030 4402 '
1059 4397 1138 4455 sunt
1160 4387 1284 4456 indices
1336 4409 1412 4454 nam
1445 4389 1693 4468 correctionem,
1732 4389 1760 4454 si
1791 4387 1949 4472 intelligit
1985 4396 2080 4453 autor
2111 4387 2251 4454 formam
2265 4389 2311 4465 Η)

314 4481 374 4540 aut
394 4471 562 4551 delatores,
591 4471 770 4539 sedetiam
799 4493 912 4539 severa
940 4473 1147 4557 reprimendi
1192 4473 1285 4556 Quin
1336 4474 1480 4540 cuiusvis
1507 4474 1714 4540 correctionis
1740 4493 1892 4558 expresse
1918 4471 2019 4539 verbo
2045 4473 2110 4539 Dei
2136 4472 2312 4552 contineri,

315 4559 416 4625 etiam
436 4566 474 4623 ut
492 4557 622 4623 obviam
643 4565 737 4624 eatur
757 4557 810 4624 his
830 4557 990 4642 periculis,
1019 4581 1120 4644 quum
1139 4559 1285 4646 agendae
1336 4559 1397 4626 hoc
1420 4580 1498 4626 vero
1517 4579 1722 4644 nequaquam
1750 4559 1799 4624 illi
1826 4559 2029 4626 confitemur.
2079 4556 2313 4625 Substantiam

315 4651 395 4709 sunt
414 4663 585 4721 censurae,
612 4643 693 4709 utile
722 4651 771 4709 est
797 4643 971 4728 diligenter
991 4645 1141 4728 praefari,
1169 4667 1285 4714 caren-
1337 4645 1572 4732 ecclesiastieae
1611 4643 1802 4729 discipliuae
1834 4645 1991 4729 exprimit
2028 4643 2161 4711 disertis
2198 4643 2314 4710 verbis

316 4726 395 4792 dum
415 4749 487 4795 esse
508 4727 549 4793 ab
570 4728 623 4794 his
648 4729 798 4795 omnibus
825 4749 909 4813 quae
936 4728 1101 4796 salubrem
1130 4753 1286 4800 censurae
1336 4732 1512 4814 scriptura:
1540 4731 1645 4798 forma
1672 4738 1782 4796 autem
1810 4730 1881 4796 eius
1909 4727 2123 4808 exercendae,
2154 4731 2315 4814 quoniam

316 4813 511 4880 medicinam
529 4821 665 4880 vertunt
690 4814 727 4880 in
747 4831 921 4881 rensuum.
965 4815 1034 4882 Nus
1061 4825 1149 4885 certe
1175 4818 1286 4884 statim
1339 4891 1356 4898 ᾖ

417 5033 448 5100 b)
466 5033 542 5089 aad.
559 5033 624 5090 aaa
641 5037 768 5092 iudicare.
1440 4967 1473 5103 ξ),
1490 4968 1687 5093 'Vniddulidddffl
1702 5036 1793 5092 tiresia
1808 5038 1925 5104 psam
1942 5034 2101 5092 adrem
2114 5036 2316 5108 (ΟΙΜ.

418 5101 448 5166 t)
467 5119 548 5170 quum
565 5103 626 5158 edd.
1311 5141 1314 5170 :
1426 5107 1472 5169 tot
1490 5107 1562 5178 quod
1580 5116 1669 5160 umen
1687 5121 1767 5160 unam
1784 5105 1843 5162 aad.

419 5168 448 5235 7)
465 5180 538 5226 certe
555 5171 615 5227 edd.
1427 5176 1471 5240 11)
1490 5175 1601 5229 formam
1618 5187 1669 5230 ors.
1687 5174 1748 5230 edd.

1357 4891 1393 4898 ..ω
1410 4890 1541 4898 -——-—-
