4860 5968
279 289 339 352 371
1107 277 1369 348 nplsuotnu
1392 283 1454 346 388
2217 283 2274 344 372

277 474 369 540 mino
386 471 463 536 Iesu
485 469 627 537 Obristo.
670 467 819 535 Tandem
841 469 1025 553 aliqnando,
1054 470 1172 534 nanos
1193 469 1254 532 hu·
1304 471 1471 534 miremur.
1510 467 1607 536 Unde
1629 468 1717 533 enim
1739 487 1859 550 quaeso
1880 467 1942 534 hae
1963 474 2074 535 anuo
2095 467 2187 534 dotes
2204 489 2275 552 pro-

279 557 461 624 manissimi
490 565 524 621 et
551 556 586 620 in
614 556 758 621 Domino
786 556 864 621 Iesu
885 556 1028 620 maxime
1049 554 1253 632 observandi,
1304 556 1406 620 focus
1428 563 1506 620 sunt
1527 554 1593 620 nisi
1614 553 1655 618 ab
1676 554 1732 618 illo
1753 563 1887 618 aeterno
1908 555 1998 620 fonte
2019 554 2179 620 benorum
2208 575 2274 618 om-

278 647 389 710 visnm
421 652 471 707 cst
499 641 643 706 Domino
676 649 710 706 et
741 642 826 724 patri
850 651 961 706 nostro
990 641 1253 717 elementissimo,
1304 640 1419 705 nium?
1468 638 1750 722 Quotusquisque,
1789 640 1852 704 nisi
1892 642 1939 706 eie
1978 641 2125 705 munitus
2164 639 2274 706 divino

277 729 481 794 laborantem
508 727 677 793 eeclesiam
704 748 797 792 suam
827 746 893 790 nen
915 725 1011 790 modo
1033 725 1191 792 consolari
1219 733 1254 789 et
1305 727 1432 810 spiritu,
1455 747 1520 790 non
1543 724 1585 788 ad
1606 747 1708 790 unum
1726 733 1783 789 aut
1804 725 1944 790 alterum
1955 725 2112 808 impetum
2124 726 2274 790 continuo

278 833 441 890 revocare,
464 813 521 879 sed
543 813 652 891 etiam,
674 821 713 876 ut
733 810 935 890 confidimus,
958 812 1090 876 omnino
1115 811 1253 876 liberare
1306 821 1399 894 terga
1422 809 1592 876 vertisset?
1637 809 1767 876 Ovcre
1794 811 2005 894 magnificum
2034 820 2067 875 et
2095 811 2275 876 mirabilem

278 899 475 984 gravissimo
507 899 563 962 illo
585 897 737 1047 ίΓιιιίοιιίο
768 897 804 961 in
836 917 915 979 quo,
947 918 1015 961 non
1049 898 1119 962 sinc
1154 917 1253 961 sensu
1304 897 1485 962 Dominum
1517 896 1553 960 in
1586 895 1735 961 omnibus
1767 897 1919 978 operibus
1950 897 2031 960 suis!
2093 895 2123 960 Ο
2155 905 2275 978 quanto

277 993 391 1049 nostro
420 985 555 1048 maximi
606 983 718 1059 oloris,
746 991 815 1048 tam
843 982 942 1066 longo
969 983 1126 1066 temporis
1149 982 1253 1064 spatio
1305 983 1437 1047 consilio
1467 981 1521 1046 hio
1549 979 1691 1064 providit
1726 991 1859 1045 aeterna
1891 981 1947 1045 illa
1978 983 2152 1064 sapientia!
2209 983 2276 1048 Nec

278 1079 409 1135 versata
431 1077 488 1134 est.
533 1068 609 1148 Qua
630 1069 665 1132 in
686 1089 723 1132 re
744 1069 816 1150 quis
845 1067 908 1132 crit
934 1077 1003 1132 tam
1025 1066 1175 1150 stupidus
1197 1067 1252 1149 qui
1305 1068 1393 1133 enim
1426 1067 1530 1133 voluit
1559 1067 1728 1132 ecelesiam
1760 1087 1853 1131 suam
1892 1079 1958 1131 tam
1997 1067 2112 1132 acerbo
2141 1067 2276 1134 vulnere

278 1175 345 1220 non
366 1155 587 1236 maximopere
608 1153 787 1218 admiretur
807 1153 910 1235 ipsius
932 1153 997 1218 Dei
1018 1153 1122 1218 nostri
1140 1165 1253 1234 poten·
1304 1153 1466 1236 quassari,
1497 1151 1559 1217 hoc
1586 1153 1794 1234 potissimum
1822 1159 1980 1235 tempore,
2013 1173 2115 1236 quum
2147 1159 2276 1218 tantam

278 1243 359 1305 tiam
381 1240 558 1305 bonitatem
582 1257 619 1304 ac
640 1239 896 1321 providentiam,
925 1240 1039 1321 utqui
1061 1240 1096 1302 in
1124 1257 1254 1302 summa
1304 1260 1394 1322 spem
1415 1239 1507 1303 nobis
1529 1237 1707 1302 ostentavit
1729 1237 1768 1302 de
1795 1258 1896 1321 regno
1922 1237 2084 1321 evangelii
2105 1239 2156 1303 sui
2178 1238 2276 1304 latius

278 1347 389 1390 rerum
412 1325 639 1408 desperatione
661 1331 729 1388 tam
751 1332 941 1406 opportune,
969 1331 1036 1387 tam
1058 1321 1253 1388 mirabiliter
1304 1323 1523 1408 propagando.
1578 1321 1654 1402 Qua
1683 1323 1720 1386 in
1752 1342 1788 1386 re
1818 1344 1884 1387 non
1918 1322 2103 1389 dubitamus
2136 1324 2215 1406 quin
2242 1333 2276 1390 et

278 1412 347 1476 suis
372 1411 483 1476 adesse
512 1409 664 1474 noverit?
713 1409 799 1475 Nam
828 1411 864 1473 in
893 1409 954 1474 hoc
977 1409 1108 1488 Patalii,
1137 1408 1252 1492 optimi
1303 1419 1433 1474 vestrae
1477 1419 1510 1473 et
1554 1407 1693 1472 aliorum
1737 1409 1933 1490 optimorum
1978 1410 2117 1473 fratrum
2163 1429 2275 1492 preces

277 1497 398 1574 fratris,
420 1496 559 1579 negotio,
583 1515 647 1577 quo
668 1495 914 1578 periclitabatur
934 1496 1133 1560 sacrosancti
1153 1495 1251 1558 huius
1303 1514 1500 1579 magnopere
1521 1494 1714 1576 profuerint.
1747 1493 1922 1576 Numquid
1940 1492 2084 1560 dicemus
2102 1493 2142 1559 de
2157 1497 2274 1561 vestris

277 1581 451 1646 ministerii
475 1581 643 1658 autoritas,
665 1601 735 1645 rem
758 1602 796 1646 eo
812 1581 977 1646 redactam
994 1579 1251 1663 essealiquando
1302 1581 1407 1645 literis
1429 1601 1510 1663 quos
1530 1579 1571 1644 ad
1593 1600 1652 1644 nos
1674 1587 1887 1662 senariumque
1909 1587 1942 1643 et
1959 1580 2115 1662 populum
2125 1591 2274 1646 nostrum

277 1665 419 1732 vidimus
442 1674 478 1731 ut
492 1667 591 1730 etiam
613 1667 729 1748 optimi
752 1667 887 1750 quique,
916 1673 1045 1748 praeter·
1066 1687 1169 1730 unum
1194 1673 1251 1728 aut
1302 1675 1396 1730 tanta
1417 1665 1591 1747 scripsistis
1614 1663 1804 1749 diligentia?
1839 1663 1946 1746 Quam
1964 1673 2155 1748 opportune,
2177 1687 2273 1750 quam

277 1752 434 1828 alterum,
463 1759 636 1818 censerent
665 1751 829 1836 expedire,
860 1759 897 1816 ut
918 1753 946 1816 is
968 1771 1042 1816 cunr
1063 1752 1150 1818 bona
1169 1771 1250 1832 paee
1302 1751 1430 1834 inipso
1452 1761 1596 1832 tempore
1618 1750 1709 1815 nobis
1731 1748 1877 1814 redditae
1900 1749 1999 1814 sunt?
2040 1748 2128 1831 Quid
2151 1751 2271 1830 utilius,

276 1859 313 1903 ae
340 1838 526 1902 testimonio
552 1837 710 1916 civitatis,
742 1837 856 1902 relicta
884 1837 982 1902 huius
1010 1837 1165 1902 ecclesiae
1192 1835 1249 1900 ad·
1302 1835 1378 1920 quid
1400 1835 1573 1901 iucundius
1603 1836 1696 1900 nobis
1724 1837 1914 1920 contingere
1942 1836 2048 1917 potuit
2082 1837 2123 1901 ab
2151 1839 2271 1920 optimo

275 1923 524 2000 ministratione,
548 1922 612 1987 alio
630 1923 888 2005 quamprimum
908 1923 1114 2006 demigraret.
1159 1920 1249 2002 Quin
1301 1927 1446 1988 maximo
1469 1923 1548 1997 Deo,
1567 1923 1758 2004 praesertim
1780 1921 1972 1986 miserrimis
1999 1921 2064 1986 illis
2094 1942 2132 1986 ac
2159 1923 2271 1988 turbu·

276 2009 374 2073 etiam
389 2007 555 2072 interdum
568 2009 761 2073 verebamur
772 2029 814 2073 ne
831 2028 895 2090 quo
912 2009 1021 2072 furore
1044 2029 1081 2074 ao
1103 2006 1248 2071 tumultu
1301 2007 1490 2073 lentissimis
1523 2006 1744 2090 temporibus?
1805 2007 1874 2072 Nec
1911 2017 1999 2072 certe
2038 2006 2172 2072 dubium
2214 2017 2269 2086 est,

297 2094 443 2176 raecipiti
466 2115 518 2158 res
538 2093 579 2157 ad
602 2113 694 2158 arma
716 2103 748 2158 et
766 2094 886 2158 bellum
905 2093 1001 2158 civile
1018 2099 1211 2158 verteretur.
1220 2095 1248 2169 ²)
1300 2093 1458 2159 instinctu
1480 2095 1655 2176 afflatuque
1676 2094 1810 2175 spiritus
1830 2094 1934 2158 sancti
1957 2091 2114 2157 divinitus
2136 2094 2270 2176 scriptas

274 2113 350 2260 Iduo
380 2191 525 2261 tempore
553 2179 699 2262 quisquis
729 2187 858 2244 tantum
885 2187 1047 2261 spectaret
1080 2178 1249 2242 hominum
1300 2201 1387 2244 esse:
1421 2179 1501 2244 adeo
1534 2179 1618 2243 nihil
1650 2199 1716 2242 non
1749 2177 1918 2261 spirituale
1951 2189 1984 2242 et
2016 2177 2165 2244 divinum
2197 2201 2270 2246 ocn-

275 2266 362 2329 vires
392 2275 424 2328 et
452 2263 587 2329 consilia
614 2264 698 2328 nihil
720 2264 808 2328 aliud
830 2265 1039 2346 exspectabat
1060 2285 1157 2346 quam
1179 2283 1248 2327 om·
1300 2265 1460 2329 tinebant:
1484 2263 1563 2329 adeo
1586 2273 1678 2329 erant
1700 2264 1782 2346 piae,
1806 2261 1961 2342 eruditae,
1991 2263 2108 2346 plenae
2129 2265 2269 2330 heterna

274 2349 372 2414 nibus
394 2350 484 2414 horis
505 2351 599 2432 quasi
617 2351 844 2414 imminentem
870 2351 981 2414 fratris
1009 2350 1113 2413 nostri
1135 2347 1249 2431 expul-
1301 2371 1424 2426 amore,
1459 2350 1642 2432 eloquentia
1671 2349 1805 2413 minime
1834 2350 1957 2425 fucata,
1986 2349 2096 2415 divino
2128 2350 2266 2424 consilio,

275 2436 409 2500 sionem.
461 2434 556 2515 Quae
583 2457 635 2500 res
664 2436 725 2500 etsi
753 2455 842 2500 more
871 2435 1016 2500 humano
1038 2435 1086 2498 illi
1108 2431 1250 2516 optanda
1301 2437 1428 2501 sincera
1450 2435 1607 2512 doctrina,
1631 2435 1769 2517 denique
1790 2435 1878 2500 omni
1901 2435 2133 2514 consolatione,
2160 2445 2195 2502 et
2214 2435 2267 2500 ad·

275 2539 346 2584 esse
368 2519 541 2586 videbatur
562 2519 731 2601 (afferebat
753 2522 841 2585 enim
862 2541 1015 2604 magnam
1038 2529 1071 2584 et
1092 2519 1194 2584 animi
1216 2525 1249 2582 et
1300 2521 1533 2586 monitionibus
1553 2521 1775 2586 sanctissimis.
1825 2519 1866 2583 In
1895 2541 2035 2597 summa,
2058 2543 2163 2586 unum
2189 2519 2265 2585 illud

275 2606 417 2686 eorporis
440 2605 590 2687 quietem,
613 2607 679 2669 imo
701 2613 735 2670 et
756 2607 849 2670 iuxta
870 2607 1008 2671 verbum
1031 2605 1155 2671 Christi
1177 2605 1248 2669 feli·
1300 2626 1409 2672 coram
1431 2607 1502 2672 Deo
1524 2614 1557 2671 et
1573 2607 1716 2671 Domino
1728 2605 1804 2671 Iesu
1821 2605 1913 2671 vobis
1930 2606 2093 2670 affirmare
2105 2606 2265 2682 audemus,

275 2691 407 2756 citatem
437 2703 534 2772 atque
562 2691 724 2774 gloriam),
757 2691 840 2755 nihil
872 2697 983 2756 tamen
1015 2713 1121 2774 neque
1154 2691 1249 2756 nobis
1301 2691 1409 2756 nullas
1448 2713 1593 2774 unquam
1628 2691 1739 2756 literas
1778 2713 1880 2773 neque
1918 2690 2093 2756 iucundius
2127 2714 2147 2756 a
2179 2693 2265 2756 nobis

273 2795 378 2858 neque
408 2777 528 2841 nostris
556 2776 699 2841 ecclesiis
731 2778 878 2842 futurum
900 2778 1077 2860 apparebat
1098 2776 1249 2841 miserius
1300 2785 1457 2860 acceptas,
1480 2797 1585 2860 neque
1606 2777 1760 2842 libentius
1778 2775 1906 2842 auditas
1923 2775 2034 2854 fuisse,
2053 2777 2265 2861 nequemagis

275 2871 332 2925 aut
358 2861 463 2945 magis
491 2862 684 2927 luctuosum.
738 2861 826 2943 Quid
853 2864 951 2941 enim,
976 2883 1035 2945 per
1056 2863 1165 2927 Deum
1185 2862 1246 2925 im·
1299 2863 1458 2945 prebuisse
1481 2863 1521 2927 ad
1544 2872 1672 2928 nostros
1694 2863 1839 2926 omnium
1863 2863 1990 2926 animos
2020 2863 2073 2927 vel
2101 2861 2264 2940 docendos,

273 2947 453 3025 mortalem,
476 2947 622 3012 futurum
644 2955 715 3012 erat
737 2948 777 3013 de
798 2946 892 3012 nobis
909 2947 1116 3015 homunculis
1132 2948 1159 3012 si
1177 2947 1247 3011 loco
1299 2949 1354 3014 vel
1376 2947 1597 3026 consolandos,
1619 2947 1674 3012 vel
1695 2948 1942 3012 confirmandos.
1988 2947 2061 3012 Etsi
2083 2949 2171 3012 enim
2195 2957 2264 3012 ante

273 3033 302 3097 is
324 3042 431 3096 motus
454 3041 624 3116 essetque
650 3053 733 3111 nno,
768 3031 946 3100 secundum
978 3033 1103 3111 Deum,
1133 3053 1247 3096 omnes
1298 3055 1352 3098 res
1373 3034 1454 3116 ipsa,
1473 3055 1574 3116 quum
1601 3052 1621 3097 a
1648 3053 1786 3116 persona
1813 3039 1884 3096 tum
1912 3053 1932 3098 a
1960 3053 2075 3110 causa,
2104 3035 2185 3098 satis
2211 3054 2265 3099 nos

274 3117 429 3183 ecclesiae
456 3117 554 3182 huius
581 3118 713 3202 linguae
741 3119 898 3184 nostratis
919 3127 1075 3202 tanquam
1097 3117 1248 3184 columna
1299 3119 1492 3184 hortabatur
1519 3133 1556 3184 ut
1592 3139 1756 3201 nusquam
1789 3117 1975 3184 deessemus
2008 3119 2128 3198 officio,
2160 3131 2267 3183 tamen

273 3202 475 3270 validissima
505 3203 678 3268 nituntur?
736 3203 813 3286 Qua
843 3203 976 3269 tandem
1007 3205 1149 3282 ratione,
1183 3223 1247 3286 quo
1298 3206 1388 3288 ipsae
1410 3215 1538 3270 vestrae
1554 3204 1669 3270 literae
1692 3203 1801 3270 nescio
1819 3202 1979 3286 quomedo
1996 3211 2102 3270 tantos
2120 3204 2268 3270 stimulos

273 3289 383 3354 animo
406 3288 462 3354 diu
484 3289 701 3373 potuissemus
722 3289 757 3354 in
780 3289 841 3356 hoc
862 3290 1043 3355 ministerio
1073 3289 1247 3354 consistere
1299 3291 1393 3356 nobis
1415 3289 1620 3367 addiderunt,
1643 3295 1680 3354 nt
1701 3289 1857 3372 quidquid
1874 3297 1970 3354 antee
1992 3289 2032 3354 de
2053 3311 2089 3355 re
2112 3289 2170 3354 illa
2186 3291 2268 3373 egis-

273 3373 476 3438 incolumes?
526 3375 654 3439 Verum
681 3375 845 3440 Dominus
878 3375 985 3454 Deus,
1025 3375 1080 3458 qui
1115 3395 1247 3441 servum
1299 3395 1409 3442 semus
1441 3373 1525 3440 nihil
1558 3395 1642 3453 esse,
1680 3381 1739 3440 aut
1775 3381 1862 3440 certe
1900 3375 2055 3458 pusillum
2094 3374 2269 3453 videretur,

273 3480 370 3524 suum
392 3467 547 3542 posuerat
568 3460 661 3543 quasi
681 3481 814 3525 murum
835 3480 983 3538 aeneum,
1011 3469 1100 3526 tanto
1121 3461 1246 3538 robore,
1299 3461 1442 3544 adeoque
1480 3469 1668 3543 putaremus
1704 3469 1890 3526 nostrmum
1928 3476 1998 3526 esse
2030 3462 2190 3544 partium,
2221 3467 2273 3538 ut,

274 3551 367 3608 tanta
393 3545 576 3610 constantia
602 3545 698 3610 illum
726 3555 918 3622 armaverat,
947 3555 1104 3629 utusque
1126 3544 1167 3611 ad
1190 3568 1246 3611 ex·
1299 3545 1571 3630 quemadmodum
1593 3567 1651 3629 per
1672 3545 1785 3611 literas
1813 3545 1887 3610 illas
1919 3553 2046 3611 vestras
2069 3547 2273 3612 sanctissime

273 3639 414 3694 tremam
436 3631 604 3713 sanguinis
627 3631 677 3695 sui
701 3631 863 3715 guttulam
885 3653 944 3714 pro
967 3631 1090 3696 tuenda
1111 3632 1247 3697 ecelesia
1298 3653 1359 3697 nos
1381 3631 1613 3710 admonebatis,
1634 3631 1741 3696 multo
1760 3632 1882 3696 maiore
1904 3651 1983 3696 eura
2010 3630 2117 3698 studio
2142 3641 2176 3698 et
2198 3631 2274 3696 dili·

274 3725 308 3779 et
336 3735 427 3780 suero
456 3716 637 3780 ministerio
666 3715 891 3782 conservando
919 3717 1061 3782 viriliter
1081 3727 1167 3782 stare
1189 3739 1246 3800 pa·
1299 3718 1410 3802 gentis
1430 3719 1466 3782 in
1488 3719 1593 3800 ipsam
1614 3737 1745 3783 causam
1767 3717 2039 3782 incumberemus.

275 3807 367 3866 ratus
388 3811 481 3866 esset.
514 3801 560 3865 Et
581 3821 765 3884 quanquam
781 3801 944 3885 plerisque
960 3823 1026 3867 non
1042 3801 1247 3887 adcomagni
1385 3805 1434 3869 Ac
1461 3825 1522 3868 nos
1549 3802 1678 3884 quidem
1707 3802 1873 3886 superiore
1895 3812 2050 3886 tempore,
2080 3823 2183 3886 quum
2201 3801 2277 3886 pri-

274 3888 432 3950 momenti
456 3885 631 3964 videretur,
655 3887 683 3951 si
704 3888 881 3969 pacificeet
898 3889 1129 3954 cumomnium
1142 3891 1247 3972 gratia
1298 3889 1402 3954 vatim
1421 3897 1491 3953 tum
1509 3887 1637 3972 publice
1654 3889 1688 3952 in
1707 3889 1806 3953 sacris
1825 3887 2042 3967 concionibus,
2065 3885 2279 3952 admonendo

253 3970 460 4050 ,decederet
494 3971 555 4037 hoe
587 3987 697 4037 tamen
723 3973 774 4036 illi
801 3994 930 4056 semper
956 3982 1027 4038 erat
1055 3975 1090 4038 in
1117 3993 1187 4053 ore,
1210 3983 1247 4039 ut
1299 3983 1395 4056 atque
1417 3973 1577 4040 hortando
1598 3973 1762 4058 populum,
1786 3975 1851 4038 iam
1874 3973 2065 4038 dederamus
2082 3993 2212 4056 operam
2239 3983 2283 4038 nt

273 4056 365 4122 mille
397 4066 534 4136 mortes,
563 4057 591 4122 si
623 4065 732 4142 posset
763 4059 849 4137 fieri,
882 4057 972 4123 obire
1004 4059 1116 4124 mallet
1148 4081 1247 4142 quam
1298 4059 1444 4142 plerique
1476 4080 1589 4124 omnes
1621 4059 1791 4124 studerent
1823 4060 1967 4124 converti
2000 4057 2042 4122 ad
2078 4058 2282 4138 Dominum,

275 4151 390 4222 sponte
411 4144 595 4208 consentire
616 4154 655 4206 ut
676 4145 746 4227 ipso
767 4145 860 4226 quasi
888 4145 1082 4210 connivente
1112 4145 1248 4210 ecclesia
1299 4165 1362 4228 quc
1384 4153 1479 4228 pater
1497 4145 1566 4227 ipse
1588 4143 1839 4229 benignissimus
1861 4144 2007 4210 fidelium
2028 4144 2176 4228 placatus
2194 4165 2285 4228 pre-

275 4227 340 4292 Dei
379 4228 501 4311 aliquid
539 4229 727 4294 denimenti
769 4239 915 4312 caperet,
959 4232 1151 4314 praesertim
1190 4231 1247 4295 ubi
1298 4231 1389 4298 cibus
1406 4230 1563 4313 populum
1581 4251 1677 4295 suum
1696 4237 1864 4312 percutere
1882 4231 2053 4309 desineret,
2075 4229 2288 4315 tandemque

276 4313 517 4378 sanctissimum
535 4315 587 4380 ius
605 4324 701 4397 atque
719 4315 822 4380 honos
840 4313 944 4380 divini
956 4317 1128 4381 ministerii
1140 4316 1248 4399 aliqua
1299 4317 1451 4382 omnibus
1472 4325 1506 4382 et
1527 4317 1669 4382 maxime
1691 4315 1769 4380 huic
1790 4315 1944 4382 ecelesiae
1971 4337 2049 4380 strae
2075 4317 2170 4382 fieret
2198 4339 2288 4400 pro-

276 4407 431 4480 exparte
453 4399 639 4465 violaretur.
684 4401 775 4484 Ergo
796 4399 952 4484 quidquid
973 4401 1142 4481 acciderit,
1163 4424 1247 4466 nun·
1298 4402 1407 4484 pitius.
1442 4402 1519 4468 Huc
1541 4411 1649 4468 autem
1672 4401 1884 4467 vehementer
1906 4423 1966 4466 nos
1987 4401 2163 4485 impulerat
2183 4424 2288 4469 com-

277 4503 377 4566 quam
406 4483 446 4548 ab
475 4485 529 4549 illo
558 4485 659 4550 animi
688 4493 845 4570 perpetuo
872 4496 983 4551 tenore
1012 4487 1154 4554 deiectus
1182 4496 1246 4552 est:
1299 4487 1410 4552 munis
1439 4488 1611 4552 universae
1636 4487 1788 4554 ecclcsiae
1814 4489 1998 4553 necessitas.
2042 4487 2175 4552 Etenim
2201 4511 2289 4572 per-

277 4567 333 4634 sed
362 4589 425 4650 quo
453 4571 556 4654 magis
584 4591 682 4636 causa
705 4572 876 4654 desperata
905 4572 1083 4652 videbatur,
1112 4595 1149 4638 eo
1171 4593 1248 4638 con-
1299 4571 1513 4655 spiciebamus
1531 4583 1610 4656 quot
1626 4581 1659 4638 et
1670 4573 1801 4655 quantis
1812 4573 2048 4638 calamitatibus
2059 4573 2117 4637 illa
2129 4573 2290 4658 undique

277 4655 418 4720 stantius
440 4656 632 4737 persistebat
653 4658 688 4722 in
711 4658 884 4741 proposito.
1299 4665 1508 4741 premeretur.
1552 4659 1730 4740 Inprimis
1754 4658 1965 4724 audiebamus
1981 4667 2158 4742 tyrannum
2178 4659 2291 4726 illurn

363 4737 430 4806 Sed
452 4761 607 4822 quorsum
630 4753 697 4807 tarn
719 4743 833 4821 multa,
857 4744 1083 4810 humanissimi
1107 4743 1246 4809 iratres?
1299 4744 1534 4823 saevissimum,
1557 4765 1654 4827 quem
1677 4765 1772 4808 nemo
1794 4745 1899 4810 nescit
1921 4745 2050 4810 hostem
2071 4765 2141 4812 esse
2162 4745 2291 4812 infen-

277 4823 403 4906 Nempc
430 4836 467 4890 ut
495 4834 621 4891 tantam
649 4829 711 4894 Dei
741 4831 880 4913 gratiam
908 4841 1079 4913 tantasque
1107 4831 1248 4895 virtutes
1299 4829 1463 4895 sissimum
1497 4831 1603 4894 omnis
1635 4829 1743 4913 gentis
1774 4851 1856 4912 quae
1890 4830 2014 4895 Christi
2047 4851 2169 4896 nomen
2204 4855 2290 4916 pro-

277 4911 312 4974 in
335 4913 439 4978 servis
462 4912 532 4978 cius
554 4923 709 4996 perpetuo
731 4935 961 5000 agnoscamus,
989 4914 1167 4994 laudemus,
1190 4913 1247 4979 ad-
1299 4918 1419 4990 fitetur,
1438 4915 1557 4979 nostris
1573 4915 1805 4996 propemodum
1824 4915 1984 4998 capitibus
2000 4915 2188 4981 imminere.
2231 4919 2292 4985 Ad

1301 5001 1360 5065 hoo
1381 4999 1573 5065 videbamus
1595 5021 1677 5079 sam,
1700 5021 1763 5084 qua
1784 5021 1900 5066 manus
1913 5001 2046 5066 Domini
2059 5003 2124 5065 iam
2142 5003 2294 5084 pridem

1301 5086 1456 5169 populum
1479 5107 1574 5150 sunm
1596 5085 1693 5169 longe
1713 5107 1750 5152 ao
1771 5087 1835 5150 late
1863 5087 2022 5170 flagellat,
2050 5086 2292 5170 pestilentiam

379 5182 409 5250 a)
430 5185 470 5252 Of.
491 5187 527 5242 Ν.
546 5185 604 5240 376.
1301 5171 1500 5237 atrocissime
1522 5171 1643 5253 passim
1664 5173 1815 5255 grassari,
1837 5173 2036 5256 eandemque
2052 5171 2166 5241 inhac
2179 5178 2295 5246 etiam

279 5083 483 5096 ———
