4870 5978
285 309 347 372 cot
1057 297 1318 366 epistolam
1340 303 1506 364 tec-451
2217 301 2276 363 508

284 495 336 560 nis
358 501 395 557 ut
415 489 597 576 pontificios
627 487 831 570 corruptelae
859 488 976 554 affines
997 495 1083 552 snut.
1098 486 1138 571 ¹⁸)
1182 487 1258 551 Pri·
1308 507 1383 550 rum
1404 493 1439 550 et
1460 486 1643 569 respublica
1664 485 1790 553 Obristi
1812 487 1928 570 capiat.
1974 487 2082 569 Quam
2108 507 2211 551 unam
2238 486 2276 551 ob

283 599 359 644 mus
381 577 523 642 delectus
552 594 611 657 per
640 573 792 640 civitates
820 581 953 640 sancme
974 574 1037 637 Dei
1066 571 1169 654 plebis
1198 573 1256 636 sit:
1308 591 1379 636 rem
1401 570 1628 636 declarandam
1650 573 1801 639 invocato
1822 573 1940 655 spiritu
1957 583 2069 639 sancto
2086 571 2190 638 libere
2206 593 2276 656 pro-

283 664 390 748 plebs,
423 681 503 744 quos
531 659 703 744 delegerit,
739 659 864 724 deferat
890 657 931 724 ad
959 659 1130 741 primarios
1158 657 1256 723 viros.
1308 657 1466 722 nuncient
1483 666 1692 740 statuuntque
1709 658 1795 742 quod
1814 659 1937 744 gloriae
1954 659 2081 725 Christi
2098 659 2142 723 sit
2159 659 2276 724 bonnm

283 749 440 815 Primarii
468 746 615 826 videant,
649 745 704 828 qui
729 744 764 808 hi
792 745 858 808 sint
884 765 965 827 qnos
993 745 1084 826 plebs
1112 743 1256 827 elegerit
1309 742 1452 824 felixque
1473 744 1592 826 populo
1614 743 1802 810 christiano.

283 833 362 898 Duo
384 832 492 916 legati,
514 831 597 897 alter
619 831 778 913 plebeius,
806 829 889 894 alter
911 829 1081 912 patricius,
1110 829 1259 894 deferant
1394 829 1467 894 Hoc
1489 829 1662 894 eonsilium
1689 831 1942 913 cogitatumque,
1971 830 2066 912 quale
2095 830 2191 912 quale
2221 839 2274 910 est,

284 918 327 985 ad
360 918 534 984 (laeseram
564 925 599 981 et
633 937 727 1000 reges
759 916 893 980 nomina
925 915 1111 980 electorum.
1167 914 1257 995 Quos
1309 915 1477 980 iusserunt
1498 915 1626 993 fratres,
1650 924 1686 979 ut
1708 913 1826 980 advos
1849 916 2033 981 scriberem.
2076 913 2115 981 Si
2133 916 2275 998 placebit,

284 1026 397 1071 omncs
426 1005 481 1069 ubi
513 1004 675 1085 principes
703 1002 859 1066 iusserint
886 1001 1077 1078 convenire,
1115 1023 1174 1065 sex
1206 1000 1258 1065 vel
1310 1001 1380 1066 eins
1403 1021 1461 1065 vos
1483 1021 1615 1066 necesse
1638 1012 1688 1066 est
1715 1001 1933 1066 moderatores
1954 1021 2025 1065 esse
2054 1009 2151 1084 atque
2173 1000 2275 1068 duces.

284 1099 410 1174 septem
425 1111 467 1154 ex
477 1088 618 1171 singulis
628 1087 804 1170 provinciis
814 1106 926 1168 parem
940 1087 1072 1150 omnino
1084 1107 1257 1150 numerum
1310 1087 1402 1152 Haec
1413 1087 1501 1150 enim
1511 1087 1697 1152 miserrima
1714 1096 1747 1150 ct
1764 1088 1959 1171 gravissima
1976 1088 2107 1151 fortuna
2122 1085 2276 1152 Italorum

286 1177 459 1242 hominum
477 1175 762 1240 selectissimorum
773 1183 929 1238 statuant
969 1173 1122 1237 Pontifex
1141 1171 1258 1236 deinde
1310 1181 1369 1248 est,
1388 1171 1473 1253 quod
1487 1192 1591 1254 neque
1611 1193 1631 1236 a
1648 1173 1765 1254 quibus
1782 1173 1957 1254 implorent
1974 1172 2133 1237 auxillum
2151 1173 2276 1251 habent,

285 1273 385 1344 atque
397 1261 538 1344 episcopi
555 1281 596 1324 ex
607 1259 758 1324 omnibus
775 1259 933 1340 episcopis
945 1257 1115 1323 duodecim
1136 1259 1258 1340 episco·
1311 1279 1416 1340 neque
1445 1259 1474 1320 si
1503 1256 1644 1322 habeant
1677 1258 1768 1322 licet:
1817 1258 1980 1334 Helvetii,
2014 1259 2069 1340 qni
2099 1258 2276 1324 abalienato

285 1367 346 1431 pos
368 1346 480 1430 legant
501 1353 663 1427 spectatae
687 1344 773 1407 vitae
795 1354 828 1406 et
850 1344 1040 1420 sanctitatis,
1064 1345 1120 1424 qui
1142 1365 1258 1408 manus
1310 1353 1390 1407 sunt
1408 1345 1517 1407 animo
1538 1363 1558 1406 a
1581 1344 1762 1427 Babylonia
1784 1365 1928 1421 romana,
1952 1365 2010 1426 per
2027 1343 2151 1427 legatos
2169 1367 2190 1408 a
2206 1365 2277 1427 rego

285 1435 457 1516 imponant
474 1431 514 1495 iis
532 1431 623 1494 lectis
641 1430 733 1506 viris,
751 1437 906 1510 orentque
920 1450 1018 1510 super
1035 1449 1099 1506 eos,
1118 1438 1157 1492 ιιι
1176 1430 1258 1495 acci-
1311 1429 1456 1505 Galliae,
1489 1427 1576 1510 apud
1609 1450 1705 1510 quem
1739 1429 1888 1494 audimus
1921 1451 1975 1494 eos
2006 1449 2078 1494 esse
2115 1431 2276 1513 gratiosos,

286 1521 378 1603 piant
398 1517 554 1581 virtutem
582 1515 844 1597 supervenientis
871 1514 1016 1596 spiritus.
1066 1515 1112 1578 Hi
1138 1516 1257 1579 firmis·
1312 1523 1421 1596 petere
1454 1525 1549 1595 etque
1582 1515 1759 1596 impetrare
1792 1525 1943 1598 possunt,
1981 1525 2078 1597 atque
2117 1515 2277 1593 obtestari,

214 1647 218 1664 .
287 1601 494 1670 simiiudices
511 1602 657 1666 omnium
675 1601 918 1666 contentionum
939 1607 1125 1664 statuantur
1143 1621 1162 1664 a
1179 1621 1258 1682 pon·
1312 1601 1375 1664 nisi
1397 1601 1431 1663 in
1453 1599 1609 1682 petitione
1630 1621 1689 1664 rex
1710 1602 1790 1683 ipsis
1811 1603 1935 1679 faveat,
1959 1621 2125 1683 nunqnam
2147 1603 2278 1686 posthac

286 1691 389 1766 tiliae,
417 1688 458 1752 ab
486 1687 663 1770 episcopis,
691 1707 711 1748 a
733 1687 887 1762 Caesare,
910 1707 930 1750 a
950 1685 1081 1769 regibus
1102 1687 1259 1768 principi·
1312 1707 1347 1750 se
1379 1687 1450 1750 eius
1482 1695 1592 1767 partes
1625 1707 1696 1750 esse
1729 1697 1938 1769 sequuturos:
1973 1686 2142 1752 relicturos
2171 1709 2222 1764 se,
2253 1689 2277 1753 si

286 1777 388 1841 busve
410 1774 594 1839 civitatum:
624 1772 680 1855 qui
702 1770 908 1836 subscribant
930 1791 966 1836 ao
988 1773 1156 1853 recipiant,
1179 1792 1272 1848 sese,
1313 1771 1472 1849 destituti,
1495 1772 1523 1834 si
1545 1791 1623 1836 vcro
1645 1771 1748 1836 adiuti
1770 1773 1900 1849 fuerint,
1931 1792 1970 1836 ea
1998 1772 2038 1838 de
2059 1795 2096 1837 re
2118 1773 2279 1856 publicum

287 1857 445 1944 quidquid
467 1859 490 1923 ii
522 1857 754 1936 iudicaverint,
794 1857 978 1934 statuerint,
1013 1856 1259 1935 declaraverint,
1312 1865 1563 1921 monumentum
1574 1856 1685 1922 liberis
1702 1859 1902 1940 posterisque
1920 1879 2041 1922 eorum.
2051 1859 2097 1941 ²⁸)
2126 1858 2278 1924 Germani

287 1945 474 2012 firmissime
496 1965 597 2026 aeque
620 1963 733 2007 omnes
755 1949 954 2024 accepturos,
974 1953 1206 2024 curaturosque
1224 1951 1262 2006 ιιι
1312 1943 1358 2024 pii
1378 1963 1399 2006 a
1420 1942 1560 2007 (laesere
1578 1943 1668 2008 nullo
1686 1945 1817 2028 negotio
1835 1943 2065 2026 impetrabunt,
2090 1946 2117 2008 si
2134 1945 2279 2026 precibus

286 2051 346 2114 pro
367 2029 557 2094 indubitatis
578 2028 769 2094 habeantur.
804 2029 885 2093 Mox
907 2028 1035 2094 decreto
1063 2027 1261 2110 amplissimo
1312 2039 1346 2093 et
1365 2029 1579 2094 obtestatione
1608 2029 1839 2107 contendatur,
1867 2039 1905 2093 nt
1931 2049 2028 2112 quem
2055 2029 2280 2113 imperatorem

287 2117 373 2182 facto
403 2123 481 2198 (quo
510 2129 664 2181 caveatur
693 2114 735 2178 iis
756 2115 811 2196 qui
840 2114 881 2178 ad
904 2123 1085 2179 conventus
1105 2135 1261 2198 peragen·
1313 2123 1361 2180 tot
1386 2135 1488 2180 annos
1517 2115 1704 2180 fidelissime
1733 2117 1862 2198 sequuti
1891 2115 1973 2193 sint,
2001 2115 2074 2179 eius
2102 2137 2163 2199 ope
2189 2117 2281 2182 liceat

288 2202 346 2269 dos
368 2200 487 2266 autad
509 2199 681 2266 dicendum
710 2201 879 2278 venerint,
913 2200 1023 2283 quiqui
1046 2209 1155 2271 sunt).
1186 2221 1263 2283 pon·
1314 2199 1439 2267 Ohristi
1466 2221 1596 2266 causam
1624 2200 1743 2266 misere
1770 2221 1955 2284 oppressam
1985 2199 2165 2267 sublevare.
2209 2203 2280 2266 Bri·

287 2289 395 2362 tificis,
418 2287 659 2369 episcoporum,
689 2286 855 2363 (lassaris,
876 2307 993 2368 regum
1014 2286 1262 2369 principumque
1314 2287 1447 2352 tanciae
1469 2307 1590 2370 regem,
1621 2288 1677 2369 qui
1699 2287 1806 2351 alieno
1836 2288 1945 2352 animo
1972 2288 2008 2350 in
2035 2287 2206 2370 pontifices
2232 2308 2280 2352 ro-

288 2373 462 2438 oivitatum
473 2372 606 2436 nomine
618 2371 776 2453 iussuque
793 2371 1028 2453 pronuncietur
1044 2381 1089 2449 ut,
1108 2372 1263 2453 qnoniam
1314 2393 1428 2438 manos
1449 2393 1520 2438 esse
1542 2372 1670 2450 dieitur,
1699 2373 1873 2438 sollicitare
1894 2371 1998 2437 literis
2019 2383 2158 2455 possunt
2186 2393 2282 2457 quum

288 2459 325 2523 in
347 2466 461 2524 sancta
482 2456 607 2542 synodo
629 2457 731 2521 libere
753 2455 915 2540 agendum
934 2465 994 2534 est,
1016 2457 1203 2522 consultum
1221 2458 1264 2521 sit
1315 2459 1459 2523 Helvetii
1482 2467 1554 2524 tum
1576 2458 1752 2535 Germani,
1781 2467 1818 2522 ut
1840 2459 1876 2523 in
1905 2459 1990 2524 hano
2011 2462 2207 2525 sententiam
2231 2481 2281 2524 ve-

290 2554 328 2608 nt
349 2544 450 2608 libere
471 2543 621 2624 quisque,
649 2542 720 2607 sine
746 2549 853 2618 metu,
881 2543 952 2608 sine
974 2543 1131 2625 periculo,
1162 2543 1264 2626 possit
1315 2545 1395 2621 niat,
1418 2555 1451 2608 st
1472 2563 1642 2609 commune
1664 2545 1837 2610 consilium
1859 2565 1926 2608 non
1947 2553 2089 2627 spernat.

291 2629 409 2708 dicere,
440 2635 473 2692 et
495 2635 533 2692 ut
552 2628 703 2711 promissi
726 2628 885 2710 pontifex,
915 2627 1065 2711 episcopi,
1089 2627 1210 2694 (laesor
1232 2638 1265 2692 et
1401 2631 1492 2694 Haec
1514 2631 1625 2693 omnia
1646 2637 1713 2694 tam
1735 2631 1829 2707 bona,
1849 2641 1917 2695 tam
1940 2639 2139 2712 exspectata,
2162 2633 2280 2704 fratres,

289 2735 385 2798 reges
405 2713 633 2798 principesque
655 2712 826 2777 civitatum
855 2733 890 2778 se
912 2733 1084 2797 sponsores
1105 2713 1185 2779 dent
1206 2735 1263 2778 ex·
1316 2723 1448 2798 tamque
1459 2715 1561 2792 utilia,
1573 2716 1640 2780 imo
1653 2736 1730 2780 vero
1740 2718 1925 2781 necessaria
1932 2715 2131 2798 reipublicae
2139 2716 2284 2783 christia

290 2801 486 2882 solvantque
503 2797 628 2882 legibus
641 2799 802 2876 omnibus,
821 2798 943 2876 edictis,
962 2800 1264 2876 senatusconsultis,
1316 2821 1454 2866 naevos
1472 2801 1781 2883 assequutosvideo,
1805 2802 1833 2866 si
1851 2823 1932 2886 quas
1951 2801 2140 2868 inimicitias
2162 2802 2286 2867 habetis

290 2887 403 2970 poenis
420 2893 453 2950 et
472 2885 619 2950 censuris
645 2903 758 2949 omnes
776 2885 831 2968 qni
853 2895 910 2948 aut
927 2885 1073 2950 dixerint
1089 2893 1146 2950 aut
1163 2886 1277 2967 serip-¹
1316 2887 1495 2951 christiana
1515 2888 1637 2970 pietate
1659 2887 1836 2970 deponatis.
1870 2887 2028 2953 Adfertnr
2049 2890 2139 2953 enim
2161 2888 2202 2953 ad
2220 2907 2286 2964 nos,

290 2979 362 3038 tum
383 2969 533 3036 dederint
562 2968 648 3053 apud
678 2969 773 3035 hosce
801 2970 901 3036 lectos
930 2971 1033 3051 viros,
1062 2973 1116 3054 qui
1138 2972 1174 3034 in
1196 2971 1264 3035 loco
1316 2993 1377 3038 nec
1394 2973 1529 3038 obscuro
1547 2991 1607 3037 nec
1623 2973 1716 3037 vario
1734 2995 1892 3052 sermone,
1910 2993 2048 3057 magnas
2064 2977 2288 3054 contentiones

290 3056 368 3140 quid
381 3059 423 3140 ¹⁹)
453 3055 617 3140 agendum
646 3063 760 3137 parato
788 3077 866 3122 cum
892 3057 1060 3139 pontifice,
1095 3058 1263 3140 episcopis,
1316 3057 1600 3141 dissensionesque
1622 3079 1693 3124 esse
1711 3061 1797 3124 inter
1818 3061 1941 3142 vos,²⁴)
1963 3061 2080 3143 quibus
2102 3061 2288 3145 discrepan-

290 3141 432 3208 ansarc
458 3151 492 3206 et
517 3141 649 3224 regibus
678 3141 942 3224 principibusque
970 3141 1129 3226 legatisve
1150 3145 1265 3207 civita·
1317 3154 1366 3208 tes
1388 3165 1455 3209 non
1475 3144 1512 3208 in
1533 3165 1634 3208 unam
1652 3146 1859 3222 sententiam,
1882 3143 1940 3210 sed
1962 3165 2004 3210 ne
2024 3147 2060 3210 in
2082 3148 2226 3212 eundem
2246 3148 2290 3212 lo-

290 3237 362 3293 tum
384 3227 529 3306 sedeant,
553 3226 774 3310 auditurosw)
797 3229 973 3306 orationes,
1003 3229 1032 3292 si
1060 3248 1143 3310 qnae
1165 3229 1263 3292 habe·
1316 3251 1391 3295 eum
1422 3231 1553 3313 possitis
1585 3232 1765 3296 convenire.
1821 3231 1924 3309 Hem,
1956 3231 2090 3317 batres!
2125 3231 2203 3298 date
2231 3234 2290 3298 hoc

290 3313 423 3392 buntur,
445 3320 514 3378 tam
535 3311 654 3377 harum
675 3313 828 3396 quam²¹l
850 3312 982 3377 illarum
1004 3314 1161 3396 partium:
1185 3333 1265 3396 quaa
1317 3313 1448 3380 Ohristo
1470 3323 1582 3380 nostro
1602 3316 1717 3381 saltem
1738 3337 1798 3400 pro
1819 3324 1978 3400 tempore,
2009 3327 2047 3383 ut
2067 3339 2136 3382 una
2156 3339 2292 3385 concur·

290 3407 403 3483 postea
421 3398 556 3464 iubeant
577 3398 639 3464 sibi
661 3398 732 3462 dari
754 3398 899 3481 scriptas.
932 3399 1044 3464 Primo
1062 3399 1133 3465 loco
1155 3399 1266 3465 dicant
1317 3414 1419 3479 ratur,
1440 3423 1483 3466 ne
1504 3401 1663 3484 impetum
1684 3404 1845 3467 sustinere
1871 3403 1996 3485 possint
2018 3403 2210 3470 adversarii.
2256 3402 2292 3470 Si

290 3485 345 3550 vel
371 3491 571 3567 promotores
599 3483 741 3561 concilii,
769 3483 821 3548 vel
849 3484 905 3566 qni
933 3485 1034 3550 veluti
1062 3496 1266 3552 accusatores
1317 3494 1367 3550 tot
1393 3495 1563 3570 tantosque
1592 3485 1712 3554 abusus
1738 3507 1893 3554 romanae
1913 3488 2118 3572 Babyloniae
2147 3511 2217 3555 nna
2245 3511 2294 3555 re-

291 3591 424 3636 causam
446 3570 687 3634 controversiae
714 3575 875 3648 statuant,
905 3570 956 3634 vel
983 3572 1157 3653 petitiones
1177 3571 1266 3635 adfe-
1317 3573 1448 3650 iecistis,
1472 3572 1501 3638 si
1522 3593 1581 3654 pro
1599 3573 1783 3655 apostolicis
1804 3575 1965 3639 institutis
1987 3575 2158 3640 servandis
2181 3577 2294 3641 defen-

291 3664 382 3720 rant:
403 3654 544 3720 secundo
564 3653 745 3719 adversarii
763 3655 990 3738 respondeant.
1024 3658 1148 3722 Eorum
1172 3675 1266 3722 accu-
1318 3656 1487 3740 dandoque
1514 3658 1683 3742 evangelio
1712 3681 1781 3724 una
1801 3681 1895 3724 mens
1917 3671 1982 3737 est,
2010 3659 2163 3744 idemque
2192 3655 2296 3727 animi
2428 3696 2429 3728 ι

292 3741 473 3807 sationibus
484 3739 528 3826 ²²)
547 3741 696 3888 acceptis,
716 3741 744 3805 si
755 3763 838 3824 quae
849 3739 1046 3824 disputanda
1057 3742 1265 3819 videbuntur,
1318 3745 1418 3809 vestri
1441 3764 1565 3822 sensus,
1589 3744 1666 3826 quid
1684 3765 1796 3822 unum,
1820 3755 1877 3810 aut
1898 3745 1940 3810 ad
1961 3767 2129 3811 summum
2151 3748 2295 3813 alterum
2428 3737 2429 3829 l

291 3826 379 3910 apud
400 3826 461 3891 hos
482 3824 595 3890 itidem
635 3826 832 3910 isputentnr.
876 3827 959 3892 Post
976 3829 1162 3894 conflictum
1181 3849 1265 3893 sem·
1317 3839 1417 3913 caput
1437 3849 1496 3894 vos
1518 3839 1685 3911 tantopere
1707 3827 1859 3896 distrahit
1878 3853 1915 3897 ac
1937 3829 2117 3916 disiungit?
2163 3833 2296 3898 Adver-

289 3935 350 3996 per
379 3912 477 3978 scribi
507 3919 621 3994 petant
649 3933 751 3995 quum
778 3924 972 3996 argumenta
1000 3921 1073 3978 tum
1100 3933 1263 3996 responsa.
1318 3915 1395 3980 sarii
1417 3915 1671 3992 instructissimi,
1693 3925 1843 3998 potentes
1864 3925 1961 3999 atque
1984 3918 2156 3983 unanimes
2177 3921 2217 3983 in
2240 3939 2300 3982 vos

292 3997 387 4080 Quae
410 3998 522 4062 omnia
543 3997 598 4062 nbi
616 3997 784 4062 lectissimi
806 3999 1068 4082 sanctissimique
1091 4001 1153 4064 viri
1175 4000 1265 4064 vide·
1317 4001 1476 4065 feruntur.
1522 4001 1676 4083 Colligite
1698 4021 1756 4066 vos
1777 4023 1835 4084 per
1856 4002 1967 4067 Iesum
1990 4001 2172 4083 Christum,
2207 4003 2301 4067 nesi

292 4086 360 4149 rint
392 4093 426 4148 et
457 4083 607 4168 legerint,
641 4093 674 4148 et
706 4103 774 4148 non
805 4083 902 4148 modo
934 4085 1036 4150 oculis
1067 4084 1124 4149 sed
1157 4087 1265 4149 animo
1317 4086 1365 4150 illi
1388 4086 1536 4164 vicermt,
1560 4107 1660 4168 quum
1681 4095 1796 4170 postea
1817 4087 1993 4168 volueritis,
2016 4110 2082 4152 non
2104 4090 2149 4156 sit
2167 4089 2302 4155 Christi

292 4189 421 4252 quoque
443 4169 715 4251 perlustraverint
744 4180 842 4252 atque
863 4169 1104 4254 perpenderint,
1134 4169 1266 4236 videant
1317 4171 1500 4254 respublica
1528 4193 1627 4254 quam
1654 4173 1769 4238 iuvare
1797 4175 1946 4238 actuari
1974 4174 2116 4256 possitis.
2170 4176 2301 4241 Defen-

292 4255 435 4337 nequid
463 4253 652 4320 detrimenti
682 4255 900 4340 evangelium,
931 4257 1078 4322 doctrina
1106 4257 1265 4342 apostolo·
1318 4256 1424 4322 denda
1440 4266 1518 4323 sunt
1539 4259 1644 4322 multa
1670 4260 1734 4322 ista
1754 4279 1838 4341 quse
1858 4259 2081 4342 superioribus
2101 4261 2206 4327 annis
2230 4259 2304 4344 pnl-

1317 4343 1396 4408 chre
1417 4343 1614 4408 illustrastis.
1666 4343 1847 4410 Reiiciendi
1868 4345 2106 4428 separandique
2127 4347 2167 4410 in
2191 4347 2305 4412 conci·

1317 4429 1361 4493 lio
1381 4428 1491 4494 hostes
1513 4429 1684 4513 evangelii.
1730 4429 1769 4495 si
1798 4451 1862 4513 qua
1883 4431 2166 4514 interpretationis
2192 4433 2305 4500 varie-

398 4527 445 4594 ts)
465 4529 566 4608 Lemo
590 4534 748 4596 comptam
773 4529 814 4583 etc
840 4529 963 4583 marcor
987 4530 1183 4584 Hennenses.-
1209 4547 1266 4584 sns-
1318 4523 1370 4580 tas
1391 4515 1427 4579 in
1447 4514 1553 4596 aliquo
1580 4525 1630 4580 est
1657 4515 1763 4598 capite
1791 4516 1987 4598 scriptorum
2015 4515 2234 4596 divinorum,
2265 4539 2307 4582 ns

293 4597 395 4679 picioni
410 4597 547 4678 9⁰¹1lffi⁰i⁸
565 4598 743 4680 ⁰011⁰Plel⁸02
755 4597 818 4678 ‚⁸⁶¹2
837 4613 880 4651 ⁶⁰⁸
898 4599 1099 4654 ⁶⁰⁷⁶?ssde
1115 4600 1267 4668 mame
1318 4599 1480 4666 confodite
1502 4621 1569 4665 voa.
1617 4600 1852 4684 Unusquisque
1878 4602 1914 4666 in
1936 4623 1995 4668 tuo
2017 4623 2115 4668 sensu
2136 4601 2308 4670 abundet

293 4673 672 4803 &mambrem
681 4665 965 4790 &mimmii
979 4668 1059 4804 affl
1074 4669 1268 4792 §gm'ffl
1317 4683 1427 4764 Dabit,
1458 4685 1548 4750 dabit
1569 4694 1681 4770 postea
1703 4687 1794 4752 Dens
1815 4695 1911 4770 pater
1929 4688 2065 4752 Domini
2089 4692 2204 4755 nostri
2228 4691 2310 4755 Iesu

294 4811 368 4860 nore
385 4803 471 4872 (opp.
487 4819 515 4871 p.
532 4801 592 4868 540,
611 4804 717 4868 Helle.)
735 4809 761 4858 ct
777 4807 817 4859 sic
833 4803 946 4873 levando
963 4807 1031 4860 aeci
1055 4823 1136 4874 qnam
1158 4807 1266 4860 minime
1318 4843 1523 4854 ----

295 4873 859 5006 mpid‘iiifrite⁹⁰i¹iffi0⁰iiiu⁰⁰m⁹⁶⁰¹⁸⁰
876 4873 971 4927 ὥθ’
991 4878 1063 4929 ’Μ
1420 4941 1468 5008 aa)
1487 4942 1669 4998 crocco
1702 4943 1742 4996 at·
1777 4943 1808 4998 te
1861 4943 1993 5012 taetus
2028 4945 2184 5015 motta
2309 4947 2314 4958 ·

397 5009 443 5076 20)
461 4957 617 5064 Hannone.
635 5009 1112 5080 maestasquemaestasque
1131 5010 1269 5066 Sebelltct
1318 5013 1389 5067 cult:
1411 5013 1449 5076 (si
1471 5011 1557 5066 adiuti
1581 5013 1695 5075 fuerint)
1718 4959 1805 5066 :aquen
1828 5013 1985 5068 relictum
2010 5020 2057 5069 ete.
2104 4953 2315 5072 aarum

298 5075 392 5146 ΕΜ.
433 5079 531 5132 Verum
547 5077 732 5133 emendatione
749 5095 817 5148 opas
834 5095 890 5135 noa
907 5085 953 5135 eat.
1318 5081 1462 5150 equando
1478 5097 1535 5134 stoa
1552 5081 1718 5148 suppleatur.
1773 5084 2078 5139 memoratorium:
2095 5085 2160 5139 sive
2174 5087 2313 5140 dutitnti

398 5145 447 5210 21)
464 5154 520 5200 tem
538 5147 605 5202 haec
621 5163 676 5200 non
697 5146 761 5202 Oce.
1318 5150 1377 5203 sive
1394 5150 1487 5214 adiuti,
1505 5151 1592 5218 mcpt'a
1608 5150 1703 5216 cuca.

399 5213 447 5280 22)
464 5217 615 5270 actionibus
634 5213 694 5272 Sela
1615 5258 1620 5270 ·
