4888 5966
158 344 218 406 317
1003 343 1082 406 1541
1105 335 1307 408 NOVDMB.
2079 348 2140 412 318

239 529 310 596 Vos
332 529 441 614 igitur,
464 549 482 594 o
504 528 619 612 optimi
640 527 712 606 viri,
736 548 793 594 vos
814 527 903 606 item,
925 549 945 593 o
967 534 1121 610 pastores,
1174 526 1324 594 omnibus
1352 533 1547 610 praeterear.
1591 527 1667 592 Non
1691 528 1814 594 iniuria
1839 527 1928 610 apud
1951 529 2141 684 Fatinam¹g

155 623 267 682 cavete
289 637 348 698 pro
367 615 451 680 virili
474 635 515 678 ne
538 611 728 680 scandalum
751 611 816 677 tale
838 634 875 678 ao
896 621 1025 678 tantum
1047 635 1122 678 ves·
1173 625 1306 696 questus
1324 633 1367 688 es,
1391 624 1425 676 et
1441 615 1476 676 in
1493 612 1558 677 tuis
1577 611 1680 678 literis
1698 634 1778 696 quas
1795 635 1900 696 nuper
1917 618 2033 698 accepi,
2056 639 2118 700 quo

155 708 206 766 tra
234 700 331 783 eulpa
358 721 377 764 e
402 699 537 766 civitate
565 708 674 763 vestra
703 697 935 782 progrediatur.
987 699 1121 764 Certum
1174 699 1223 762 tui
1249 720 1315 762 nou
1342 699 1560 762 meminerim:
1598 699 1753 780 putabam
1787 707 1915 764 tautum
1944 707 1978 766 te
2005 703 2141 770 moleste

154 794 203 852 est
224 787 322 864 euim,
345 786 466 866 absque
488 805 606 868 mmuo
630 782 824 848 detrimento
846 785 1027 848 animarum
1050 805 1121 848 ves·
1173 785 1257 848 ferre
1279 781 1363 867 quod
1385 783 1426 847 ad
1449 793 1480 846 te
1503 805 1570 847 non
1592 785 1800 866 scripsissem,
1825 793 1862 848 ut
1890 795 1922 848 et
1939 786 2061 868 aliquot
2083 810 2140 853 au-

154 883 279 936 trarum
312 893 369 936 vos
400 871 449 934 ita
480 869 670 954 permittere
702 890 769 934 non
801 890 902 952 posse.
956 868 1122 953 Principio
1174 869 1225 933 dio
1254 889 1334 952 quos
1362 889 1428 932 non
1455 867 1627 934 admodum
1657 891 1749 948 curo,
1782 889 1842 934 nec
1870 870 1942 935 ideo
1971 884 2139 954 peccatum

153 957 256 1041 igitur
277 955 398 1034 omne's,
428 976 507 1038 quos
529 955 621 1020 Deus
650 955 686 1018 in
714 954 774 1020 hac
803 974 900 1020 eausa
926 955 1042 1038 spiritu
1063 976 1121 1018 suo
1173 965 1241 1018 tam
1263 975 1363 1037 grave
1385 952 1550 1018 ducebam.
1583 952 1650 1018 Sed
1672 966 1748 1018 tuae
1769 954 1882 1020 literae
1900 978 1998 1039 quum
2018 967 2139 1024 testen-

154 1043 312 1121 servavit,
342 1062 455 1125 preces
481 1041 624 1104 fundetis
653 1039 693 1104 ad
723 1041 917 1118 Dominum,
946 1041 1001 1122 qui
1030 1041 1122 1104 Deus
1174 1049 1229 1103 tur
1251 1039 1332 1102 nihil
1356 1040 1388 1102 iu
1410 1038 1514 1104 literis
1536 1039 1576 1102 ad
1606 1039 1781 1126 Veretum)
1811 1039 1850 1105 de
1880 1053 1911 1106 ta
1938 1043 2049 1121 scribi,
2078 1044 2139 1112 hoo

154 1139 201 1192 est
222 1129 321 1209 pacis,
343 1137 381 1190 ut
406 1124 574 1190 dissidium
604 1125 692 1190 istud
720 1147 778 1208 per
803 1147 896 1190 suam
919 1127 1056 1208 gratiam
1081 1124 1120 1189 ad
1173 1146 1262 1211 sune,
1284 1125 1311 1188 si
1334 1146 1375 1188 ex
1398 1126 1506 1189 auimo
1528 1126 1659 1201 facturn,
1680 1135 1766 1190 essct
1787 1129 2016 1210 gravissimum
2038 1139 2070 1193 et
2086 1132 2138 1194 in·

153 1213 357 1278 concordiam
380 1212 460 1276 velit
482 1211 641 1294 redigere:
666 1223 734 1274 tum
754 1221 787 1275 ct
803 1209 923 1287 adesse,
946 1232 1008 1293 qao
1031 1209 1121 1274 deiu-
1174 1209 1412 1293 dignissimum,
1435 1231 1494 1274 noe
1516 1209 1598 1274 levis
1621 1219 1670 1274 est
1692 1220 1782 1274 tantu
1805 1214 1838 1275 iu
1858 1235 1909 1276 mo
1932 1214 2138 1298 negligentia

153 1319 225 1380 ceps
257 1297 463 1381 evangelium
491 1297 594 1378 ipsius
615 1317 672 1378 per
700 1295 969 1378 tranquillitatem
994 1296 1030 1358 in
1052 1295 1121 1378 glo-
1173 1295 1266 1360 Dabo
1288 1305 1399 1358 tamen
1418 1316 1548 1376 operam
1576 1295 1710 1376 posthae
1732 1305 1770 1360 ut
1791 1318 1857 1361 non
1872 1301 1941 1364 eim
1962 1301 1996 1364 in
2019 1303 2139 1367 amicos

152 1383 233 1448 riam
258 1384 327 1448 eius
350 1395 448 1466 queat
470 1380 691 1464 depraedicari
709 1381 743 1444 in
762 1383 861 1445 tinem
879 1402 989 1462 usque.
1023 1381 1120 1457 Dein,
1173 1390 1238 1444 tam
1262 1401 1378 1446 socors.
1423 1380 1487 1445 Hie
1510 1379 1586 1462 quid
1609 1394 1726 1464 agatur
1747 1402 1814 1445 non
1836 1383 1929 1448 facile
1951 1395 2000 1450 est
2021 1385 2137 1452 dicere.

152 1469 235 1550 quod
259 1471 294 1532 in
316 1469 409 1535 vobis
431 1476 496 1544 ost,
524 1467 606 1530 nihil
637 1487 770 1548 prorsus
799 1466 1014 1530 omittendum
1036 1465 1120 1548 quod
1172 1465 1280 1530 Pestis
1310 1474 1342 1529 et
1371 1465 1568 1548 oppugnatio
1600 1467 1766 1550 religionis
1799 1488 1881 1549 quae
1910 1472 1947 1534 fit
1974 1493 1994 1533 a
2023 1472 2138 1554 Tureis

151 1553 257 1619 facere
284 1554 405 1636 poterit
437 1553 477 1618 ad
510 1551 814 1617 reconciliationem.
863 1551 1020 1616 Precibus
1048 1551 1120 1632 pul·
1173 1549 1297 1632 pridem
1320 1573 1379 1616 nos
1401 1550 1538 1634 urgebat
1567 1559 1605 1615 ut
1634 1551 1759 1634 plebem
1788 1553 1828 1616 ad
1851 1574 1963 1636 preces
1984 1557 2138 1622 invitare-

151 1648 218 1704 sate
248 1638 468 1715 adversarios,
499 1639 632 1702 utimini
660 1636 841 1712 blanditiis,
873 1637 955 1700 iram
984 1637 1119 1718 placate,
1172 1658 1260 1714 mus,
1289 1649 1337 1715 et,
1363 1645 1399 1699 ot
1420 1637 1685 1702 intellexeramus
1707 1640 1917 1722 Argentorati
1944 1649 2067 1718 aetum,
2096 1641 2138 1708 ad

150 1725 291 1802 adiicito,
313 1723 476 1800 advocate,
500 1721 650 1787 adducito
672 1723 915 1804 quibuscunque
936 1721 1041 1786 modis
1063 1743 1120 1804 po·
1171 1742 1303 1786 coenam
1326 1721 1469 1786 Domini.
1512 1720 1608 1802 Quod
1632 1743 1731 1804 quum
1752 1725 2014 1806 impetravimus,
2043 1748 2137 1809 prae-

150 1811 265 1886 teritis,
286 1817 414 1874 tautum
432 1819 471 1872 ut
488 1811 545 1872 fiat
567 1831 631 1890 pax
653 1811 689 1871 iu
710 1829 773 1889 qua
792 1809 894 1890 possit
914 1807 1118 1890 evangelium
1171 1807 1282 1870 monui
1304 1827 1415 1870 omnes
1437 1829 1478 1871 ne
1500 1827 1535 1871 se
1558 1808 1598 1872 ab
1620 1808 1754 1873 eeclesia
1776 1810 1993 1894 seiungereut,
2022 1834 2136 1878 verum

150 1893 259 1960 doceri
281 1895 388 1960 libere.
431 1895 515 1958 Nam
544 1894 624 1958 haee
649 1894 780 1958 libertas
810 1893 837 1957 si
867 1891 1023 1970 defuerit,
1052 1913 1119 1956 non
1170 1913 1205 1956 se
1231 1913 1334 1956 unmn
1362 1913 1475 1956 ornnes
1504 1901 1704 1957 testarentur
1739 1907 1869 1976 sumpta
1897 1895 1994 1980 digne
2027 1917 2135 1964 coena

149 1980 359 2064 evangelium
390 1978 596 2062 praedicatur
623 1979 678 2043 sod
713 1979 894 2062 hypocrisis
926 1986 960 2041 et
987 1977 1120 2042 menda·
1170 1975 1224 2042 Ad
1244 1997 1339 2060 quam
1364 1977 1489 2042 veniret
1510 1999 1614 2055 nemo,
1638 1979 1695 2061 qui
1714 1979 1812 2044 vellet
1828 1981 1988 2062 privatam
2006 1998 2136 2064 pastore

148 2066 244 2130 cium.
291 2065 384 2146 Quae
405 2065 535 2147 quidem
563 2065 590 2128 si
620 2063 761 2129 feceritis
789 2084 827 2128 eo
855 2083 918 2146 quo
940 2063 1065 2128 decebit
1086 2071 1119 2127 et
1169 2083 1228 2128 suo
1250 2062 1432 2140 eeclesiam,
1461 2064 1579 2146 quique
1607 2065 1708 2128 nollet
1735 2061 1847 2128 datum
1875 2065 2058 2132 aDomiuo
2078 2089 2136 2154 ag-

147 2159 292 2232 opusest
309 2149 426 2228 studio,
445 2149 1115 2232 speramusDominumvobisadfuturum.
1169 2168 1301 2212 noscere
1323 2157 1357 2212 et
1373 2150 1490 2226 fovere,
1514 2160 1550 2213 ut
1569 2150 1661 2214 iuxta
1682 2150 1819 2214 verbum
1841 2151 1974 2216 Domini
1997 2161 2134 2220 tenetur.

149 2235 312 2302 Strenuus
333 2237 420 2300 enim
443 2235 606 2319 operarios
628 2235 736 2319 diligit
754 2255 791 2300 ae
812 2236 905 2300 iuvat
925 2234 1072 2299 libenter.
1168 2233 1234 2298 Hic
1258 2233 1370 2312 multi,
1397 2233 1450 2298 his
1477 2245 1511 2298 et
1538 2234 1611 2298 aliis
1633 2235 1746 2299 multis
1770 2237 1972 2318 praemoniti,
1999 2237 2041 2302 ad
2063 2261 2134 2304 eoe-

233 2321 333 2402 Quod
354 2321 396 2385 ad
418 2343 477 2386 nes
499 2323 623 2394 attinet,
647 2322 709 2386 viri
731 2320 883 2402 piissimi,
909 2339 1063 2402 rogamus
1083 2327 1117 2384 et
1167 2339 1245 2382 nam
1273 2329 1448 2396 venerunt,
1477 2320 1736 2404 sententiamque
1764 2327 1950 2400 mutarunt,
1984 2323 2039 2388 alii
2068 2345 2134 2390 non

147 2408 356 2472 obsecramus
378 2415 414 2471 ut
436 2409 580 2472 animum
602 2415 764 2483 nostrum,
791 2427 858 2469 non
879 2405 981 2470 verba
1003 2425 1115 2488 qoam-
1167 2411 1293 2468 mutata
1322 2405 1485 2469 sententia
1519 2405 1590 2470 ausi
1617 2413 1695 2470 sunt
1725 2427 1796 2472 sese
1828 2405 2013 2492 adiungere.
2068 2408 2135 2490 Qui

147 2493 197 2557 vis
226 2493 348 2570 multe,
383 2493 600 2556 consideretis.
654 2491 817 2555 Vellemus
845 2491 932 2555 enim
961 2491 1055 2556 vobis
1082 2499 1116 2554 et
1166 2497 1278 2572 aperte
1300 2489 1515 2554 adversantur
1541 2491 1675 2574 indigue
1701 2491 1849 2556 tulerunt
1869 2503 1918 2558 tot
1942 2513 2062 2560 coenae
2082 2495 2134 2562 in·

147 2578 301 2643 eeclesiae
324 2587 450 2643 vestrae
471 2578 654 2643 consultum
677 2596 747 2641 essa
767 2577 804 2639 in
822 2575 973 2640 Domino.
1018 2573 1115 2656 Quod
1167 2575 1332 2652 teriuisse,
1360 2596 1437 2640 nem
1465 2597 1504 2640 ea
1532 2575 1663 2640 videtur
1691 2577 1819 2641 irritum
1841 2579 1946 2644 facero
1968 2580 2002 2645 id
2024 2578 2134 2647 docre-

147 2665 173 2728 si
196 2685 264 2728 non
287 2662 513 2739 obtinebimus,
537 2663 646 2728 dolore
667 2683 734 2726 non
756 2661 882 2744 vulgati
906 2660 1114 2727 discruciabi-
1166 2668 1246 2737 tum,
1268 2661 1333 2724 imo
1352 2661 1445 2724 iuxta
1462 2658 1496 2724 id
1517 2661 1601 2744 quod
1619 2661 1705 2744 plebi
1723 2663 1785 2726 fuit
1803 2665 2003 2746 propositum
2025 2677 2134 2731 osten·

144 2769 228 2814 mur.
275 2749 318 2813 In
346 2749 407 2813 hoc
434 2749 550 2831 igitur,
579 2768 789 2830 quaesumus,
818 2755 919 2812 estote
946 2747 1054 2810 auimo
1081 2753 1115 2811 et
1168 2744 1256 2822 dero,
1287 2745 1443 2810 coaluisse
1471 2747 1597 2810 animos
1619 2747 1666 2812 sie
1688 2755 1725 2812 ut
1746 2759 1909 2830 pastorem
1931 2749 2036 2815 velint
2057 2754 2134 2818 reti-

144 2854 289 2918 corpore,
312 2842 350 2899 ut
371 2834 536 2900 vobiscum
555 2833 698 2916 gaudere
717 2832 807 2897 brevi
824 2841 858 2896 et
875 2833 996 2916 gratias
1018 2831 1131 2915 agere
1165 2850 1256 2895 nere:
1286 2839 1397 2895 tamen
1425 2839 1552 2894 tantum
1579 2841 1714 2914 sperant
1734 2854 1792 2915 per
1812 2836 2011 2916 praelectum
2031 2859 2066 2902 se
2087 2837 2134 2903 ef·

143 2919 288 2984 Domino
317 2919 491 2984 valeamus.
544 2919 660 2984 Valete
692 2918 729 2980 in
761 2917 899 2982 Ohristo.
953 2917 1112 2995 Basileae,
1164 2915 1313 2992 lecturos,
1341 2924 1378 2980 ut
1399 2915 1484 2998 quod
1506 2916 1587 2980 mihi
1610 2915 1842 2983 denunciatum
1863 2919 1926 2984 luit
1947 2921 2052 2986 locum
2068 2922 2133 2988 'ha-

144 3009 171 3068 3.
195 3003 374 3071 Novembr.
399 3025 484 3070 anno
508 3009 598 3069 1541.
1165 3000 1256 3078 beat,
1291 3000 1402 3066 ethic
1429 3001 1540 3083 polum
1560 3003 1715 3068 arcticum
1738 3005 1821 3067 mire
1852 3004 2037 3072 elevabunt.
2090 3008 2133 3074 In

1165 3087 1344 3150 erastinum
1367 3105 1487 3152 coenae
1513 3084 1644 3169 quidam
1672 3087 1797 3153 nullius
1819 3109 1922 3170 paene
1944 3091 1998 3155 hio
2019 3093 2132 3158 existi-

1165 3171 1317 3236 motionis
1344 3170 1478 3256 indigue
1502 3172 1609 3238 ferens
1631 3173 1785 3238 eeclesiae
1814 3193 2017 3254 successum,
2044 3198 2132 3243 conr-

1164 3255 1340 3322 mendabat
1367 3279 1408 3323 ex
1435 3257 1738 3324 tumultuantibus.
1762 3307 1769 3322 .
1794 3307 1856 3323 ...
1881 3309 1888 3323 .
1911 3309 1919 3324 .
1942 3259 2028 3344 quod
2049 3261 2132 3328 mihi

1166 3341 1262 3420 dolet,
1285 3351 1375 3426 peste
1397 3341 1473 3408 hine
1494 3343 1655 3422 sublatos,
1685 3341 1772 3426 quod
1793 3365 1846 3408 me
1867 3351 1901 3408 et
1922 3347 2030 3411 neseio
2052 3355 2132 3430 quot

1164 3427 1309 3494 millibus
1332 3428 1412 3492 mihi
1434 3429 1594 3495 similibus
1615 3429 1782 3512 probiores
1799 3439 1915 3495 essent.
1957 3431 2034 3496 Non
2056 3431 2132 3498 tulit

1166 3513 1227 3578 hoc
1255 3514 1311 3597 qui
1340 3513 1508 3595 audiebat,
1538 3513 1707 3597 aiebatque
1740 3536 1807 3580 non
1841 3515 1888 3580 ita
1919 3514 1971 3580 illi
1996 3515 2131 3600 loquen-

1165 3597 1243 3664 dum
1264 3619 1334 3666 esse
1354 3620 1390 3664 se
1410 3607 1589 3683 praesente,
1611 3599 1675 3666 nisi
1696 3621 1796 3665 manu
1818 3609 1953 3666 armata.
1985 3601 2131 3670 Concur-

1165 3685 1208 3748 rit
1228 3682 1283 3748 illo
1306 3683 1347 3749 ad
1370 3683 1507 3770 armal)
1529 3687 1655 3751 interea
1672 3686 1817 3751 invitans
1835 3707 1914 3752 suae
1931 3687 2055 3754 farinae
2071 3688 2130 3754 ho-

594 3785 663 3854 371,
1163 3769 1281 3836 mines:
1306 3769 1361 3834 alii
1382 3791 1496 3836 rursus
1518 3792 1636 3854 magno
1658 3791 1803 3849 numero,
1826 3772 1944 3854 quibus
1964 3795 2060 3857 pares
2081 3775 2131 3843 illi

709 3871 712 3880 ’
1163 3877 1230 3918 non
1251 3863 1354 3920 erant.
1386 3855 1458 3920 Imo
1480 3855 1563 3920 bona
1579 3877 1655 3940 pars
1673 3876 1785 3920 eorum
1805 3858 1860 3940 qui
1879 3879 1936 3924 nos
1953 3880 2018 3924 uon
2037 3881 2130 3924 aver·

388 3957 634 4025 pgfflffigg
657 3957 872 4024 (JAffiNO,
1163 3947 1278 4004 santur
1299 3943 1334 4005 iu
1355 3940 1417 4005 hoc
1443 3951 1538 4005 erant
1558 3963 1599 4006 ne
1621 3939 1725 4028 q[aic]
1754 3943 1952 4022 laederetur,
1979 3945 2129 4010 iubentes

1163 4032 1273 4092 tamen
1292 4025 1493 4090 adversarios
1510 4034 1642 4108 pacatos
1659 4048 1730 4092 esse
1752 4037 1786 4092 et
1806 4037 1919 4110 postea
1939 4029 2021 4093 nihil
2044 4029 2128 4096 eius·

230 4129 342 4196 §papus
363 4149 467 4194 mm
490 4128 642 4194 Nemi·
689 4129 811 4193 Turbae
831 4128 966 4193 „ongum
987 4129 1112 4194 sedam
1163 4110 1249 4175 mo'di
1271 4119 1440 4176 attentare.
1484 4110 1551 4192 Qui
1576 4131 1642 4176 non
1670 4113 1741 4178 ausi
1767 4114 1902 4178 luerunt
1928 4114 2067 4196 amplius
2089 4114 2129 4180 de

134 4216 237 4296 pestis
259 4215 441 4298 sagma,
491 4215 624 4280 Interim
644 4232 735 4280 coena
763 4213 910 4280 „demta
931 4233 1041 4296 pamm
1061 4234 1110 4280 re.
1162 4218 1252 4262 more
1273 4197 1473 4262 insolescere.
1517 4197 1683 4262 Instemus
1712 4219 1776 4280 qua
1804 4201 1964 4282 possimus
1985 4199 2127 4278 lenitate,

140 4302 273 4365 ,grum
294 4305 420 4365 conatu,
442 4305 494 4366 ρει,
546 4299 671 4366 trimus
695 4300 835 4365 &enm
857 4302 993 4364 maxime
1014 4319 1111 4365 neces.
1162 4293 1385 4364 exspectantes
1407 4302 1503 4364 quem
1525 4279 1615 4347 dabit
1635 4283 1758 4347 exitum
1780 4282 1950 4349 Dominus.
2001 4281 2128 4355 Olfacio

139 4388 261 4452 sam
308 4385 410 4450 pam
430 4405 499 4450 mm
519 4387 601 4468 4123ss
617 4405 677 4470 Per
697 4386 987 4450 omnia-concordes,
1163 4367 1273 4444 multa,
1295 4389 1355 4466 neo
1375 4367 1459 4432 levis
1481 4375 1532 4466 est
1559 4389 1620 4467 res.
1664 4369 1785 4453 Agitur
1807 4371 1974 4468 enimper
1995 4389 2050 4434 eos
2072 4373 2128 4470 qui

1162 4473 1228 4516 non
1251 4451 1344 4518 facile
1365 4473 1385 4516 a
1407 4463 1528 4534 coeptis
1551 4451 1720 4519 desistant.
1765 4453 1832 4518 Sed
1855 4452 1932 4535 quid
1950 4453 1991 4519 ad
2014 4453 2127 4522 Chris·

1162 4548 1231 4602 tum
1254 4557 1367 4602 eorum
1389 4551 1523 4604 oonatus
1540 4549 1573 4601 et
1589 4537 1753 4620 potestas?
1796 4539 1896 4603 Hunc
1917 4561 1994 4624 ergo
2015 4561 2127 4623 preca-

396 4642 432 4694 11.
469 4641 569 4695 oborta
585 4643 685 4711 passim
703 4647 745 4694 est
762 4641 857 4693 maula
871 4647 898 4694 et
915 4641 1054 4708 lacerata.)
1161 4621 1269 4687 bimur
1296 4631 1333 4687 ut
1353 4645 1388 4688 se
1418 4624 1532 4688 ducem
1560 4623 1614 4687 hic
1641 4631 1783 4706 praestet
1803 4625 1838 4688 in
1860 4625 1987 4707 piorum
2009 4626 2127 4691 libera-

664 4747 665 4750 =
1160 4708 1279 4772 donem
1302 4719 1335 4772 et
1353 4707 1527 4791 impiorum
1545 4708 1675 4792 dignam
1693 4709 1921 4788 confusionem,
1944 4733 2003 4777 nee
2024 4713 2127 4794 patia-

1161 4801 1215 4856 tur
1243 4813 1339 4875 apros
1368 4794 1498 4858 vineam
1528 4814 1625 4876 quam
1651 4793 1814 4876 plantavit
1841 4805 1985 4874 vastare,
2021 4815 2126 4879 neque

565 3139 700 3206 Fratres
721 3138 853 3222 parochi
873 3137 1071 3206 Basilienses

655 3225 691 3290 in
710 3226 853 3290 Domino
875 3227 984 3292 vestu

140 4574 197 4638 (Ex
218 4572 388 4694 autoglraggo
406 4573 475 4628 Bibl.
500 4579 638 4642 pastorum
656 4572 888 4626 Neocomensiam.
923 4571 992 4642 Epp.
1012 4571 1110 4628 Farelli

199 4643 267 4696 taso

139 4829 254 4912 Quam
276 4831 442 4896 carissimo
460 4838 660 4914 symmystae
678 4829 724 4894 Io.
743 4829 880 4895 (lalvino
897 4829 1020 4911 pastori
1037 4849 1110 4912 gre·

439 4917 489 5000 gis
510 4915 634 4980 christi
656 4915 821 4982 Genevae.

230 5049 266 5116 S.
300 5050 353 5116 Ita
374 5052 456 5116 mihi
485 5053 641 5118 eueniunt
661 5053 770 5116 omnia
792 5051 842 5118 vel
864 5051 972 5136 potius
993 5050 1040 5116 sic
1063 5051 1109 5115 af·
1181 5031 1538 5167 ⁸7¹·{32P321gwmi2
1562 5045 1639 5098 Μ’
1665 5029 1716 5084 ‘⁸³¹³'
1738 5046 1799 5086 m
1815 5031 1925 5088 F‘W'
1943 5031 2125 5100 md·

137 5139 236 5203 fioior
262 5136 459 5202 instantibus
493 5145 530 5201 ut
558 5136 638 5200 mihi
668 5137 814 5202 excidam
837 5145 869 5203 et
897 5156 979 5220 quae
1004 5135 1109 5219 primo
1262 5168 1291 5225 3,
1311 5168 1356 5224 D,
1376 5169 1421 5224 ,ὠ
1437 5169 1504 5226 atat
1525 5167 1610 5236 mm,
1636 5169 1677 5224 g,
1699 5173 1731 5222 ,ρ
1752 5170 1868 5225 mim
1889 5170 2017 5226 mm,-
2038 5169 2126 5236 sm„

137 5230 256 5289 curata
277 5224 372 5305 cupio
394 5221 693 5309 praetcrm[ittam],
722 5223 840 5307 dignus
866 5231 953 5290 certe
985 5223 1040 5304 qui
1068 5219 1109 5286 ab
1160 5236 1314 5324 mamam.
