4910 5974
304 298 366 359 415
1072 283 1333 350 EPISTOLAE
1356 289 1525 350 coc-407
2234 293 2296 353 416

303 481 356 544 nis
394 475 620 541 vexationibus
659 495 696 539 ac
736 473 974 556 direptionibus
1014 471 1199 538 Goslariam
1240 478 1273 535 et
1326 491 1403 536 vare
1424 481 1540 538 contra
1568 473 1636 536 vim
1664 472 1799 556 tyranni
1826 475 2000 556 potuerint.
2045 474 2220 542 Exercitus
2242 479 2296 560 qui

302 564 523 630 Brunsvicum
546 582 583 626 ec
606 559 776 644 redegerat
795 569 835 624 ut
855 562 942 623 intra
959 559 1123 622 trimestre
1146 567 1274 638 tempus
1325 565 1441 621 contra
1462 559 1586 622 aurcos
1607 559 1678 640 cogi
1700 557 1819 633 debuit,
1848 577 1908 622 nec
1929 559 2024 624 hodie
2046 559 2190 626 creditur
2211 570 2297 630 totus

304 657 363 714 aut
391 648 526 713 urbibus
561 647 627 710 illis
659 647 781 729 potitus
816 653 901 710 esset
927 652 985 708 cut
1012 643 1053 706 ed
1082 663 1137 707 eas
1163 643 1273 708 condi·
1325 645 1526 720 convenisse,
1550 663 1648 725 quum
1668 643 1904 709 nostrimilitee
1922 647 2055 709 tertium
2067 647 2134 710 iam
2152 669 2296 714 mensem

303 737 407 799 tiones
430 733 654 816 compulisset,
683 742 720 796 ut
746 731 944 813 paulopost
970 730 1066 812 potiri
1094 729 1159 793 illis
1181 727 1274 792 facile
1325 728 1362 790 in
1385 731 1498 793 castris
1520 737 1634 812 agant,
1664 737 1697 792 et
1723 749 1823 811 prope
1850 733 1995 794 omnium
2023 733 2294 815 evangelicorum.

326 821 469 884 otuissct.
528 819 593 882 Diu
622 817 748 881 distulit
775 823 904 880 nostros
933 816 1088 896 iniquitas
1119 816 1274 895 temporis
1327 813 1425 877 Multi
1453 813 1673 878 obedientium
1695 836 1736 878 nc
1766 815 1861 879 hodie
1890 815 2019 898 quidem
2048 837 2123 882 snos
2152 819 2296 884 mittunt

303 841 402 970 buius
423 912 557 988 propter
576 904 696 969 bellum
719 903 908 967 sarcitum:
946 899 1012 966 Sed
1035 909 1183 964 extrema
1205 920 1276 962 nos-
1328 898 1553 964 Ferdiacacluc
1575 902 1672 963 ctiam
1700 899 1783 963 nihil
1812 921 1912 983 prope
1933 921 2046 966 earum
2073 924 2182 968 rerum
2205 925 2296 987 prae·

303 999 429 1056 barum
463 988 592 1054 urbium
621 989 809 1064 necessitas,
844 997 876 1049 et
903 993 1010 1051 metus
1039 1007 1080 1049 no
1112 994 1275 1069 tyrannus
1327 985 1412 1048 stitit
1439 1005 1519 1068 quas
1546 986 1580 1048 in
1610 1006 1645 1050 se
1674 987 1808 1068 recepit:
1839 1007 1898 1052 nec
1927 989 2015 1051 enim
2040 987 2233 1065 bombardae
2263 1000 2295 1056 et

303 1079 369 1141 illis
385 1079 508 1160 potitus
530 1076 650 1140 vicinia
678 1071 830 1138 evaderet
857 1071 1083 1144 intolerabilis,
1112 1071 1276 1152 compulo·
1327 1089 1409 1150 quae
1429 1069 1468 1134 ad
1492 1091 1547 1135 eas
1569 1071 1753 1136 necessaria
1774 1083 1890 1152 parata
1913 1071 2028 1150 babet,
2057 1095 2119 1140 nec
2149 1095 2224 1141 suas
2245 1097 2296 1141 cc·

304 1171 383 1228 runt
415 1162 581 1246 negligere
608 1160 766 1224 invidiam
800 1157 898 1223 huius
926 1159 1089 1240 temporis.
1140 1156 1276 1220 Decima
1327 1157 1406 1238 pias.
1453 1157 1569 1238 Legati
1599 1157 1696 1222 'llurci
1726 1155 1889 1220 Viennam
1917 1179 2023 1240 nuper
2050 1170 2215 1224 venerunt
2243 1183 2296 1244 pe-

305 1269 393 1314 ncna
415 1248 491 1312 Iulii
518 1247 677 1310 indictum
705 1244 823 1309 bellum
853 1255 916 1318 est,
945 1244 1046 1324 copiis
1068 1243 1188 1306 nostris
1210 1244 1275 1304 iam
1327 1249 1444 1317 tentes,
1467 1251 1504 1305 ut
1524 1242 1638 1318 fertur,
1661 1240 1809 1306 inducias
1826 1243 1926 1306 trium
1949 1264 2117 1309 annorum.
2150 1247 2218 1312 Idas
2235 1249 2296 1313 for-

305 1337 372 1399 iere
395 1333 521 1399 coactis.
567 1331 663 1396 Miles
690 1330 805 1411 cupide
827 1330 993 1405 confluxit,
1022 1339 1188 1410 utcunque
1210 1329 1276 1391 iam
1328 1348 1386 1392 san
1408 1329 1582 1392 necessitas
1604 1330 1722 1391 nostris
1744 1329 1959 1409 extorquebit,
1986 1333 2178 1412 praesertim
2199 1353 2297 1416 quum

307 1419 486 1486 Germania
509 1417 685 1482 delectibus
707 1415 748 1479 ad
771 1416 889 1480 bellum
914 1425 1025 1478 contra
1047 1416 1179 1489 Turcos,
1209 1423 1277 1476 tam
1330 1413 1450 1476 Cacsar
1479 1421 1605 1477 tantum
1635 1413 1757 1478 bellum
1785 1415 1947 1496 suscipiat.
2007 1414 2182 1498 Oopiosum
2212 1421 2297 1483 enim

306 1503 428 1570 dudum
451 1503 686 1568 aOacsarianis
712 1501 831 1566 habitis
853 1509 967 1566 contra
978 1499 1122 1577 Gallum,
1146 1511 1178 1562 et
1200 1499 1276 1562 sub·
1328 1499 1510 1563 exercitum
1531 1498 1677 1564 inItalia
1698 1497 1798 1563 habet
1820 1520 1914 1580 quem
1937 1500 2041 1565 indies
2063 1509 2171 1586 auget.
2204 1504 2296 1569 Idem

306 1589 458 1656 ductione
476 1609 587 1654 corum
606 1590 660 1670 qui
673 1586 859 1652 adGallum
881 1586 997 1670 dilapsi
1015 1595 1099 1660 sunt,
1119 1585 1277 1649 exhaustu
1327 1586 1365 1647 fit
1387 1585 1422 1646 in
1445 1584 1566 1668 Belgis.
1616 1585 1707 1649 Deus
1735 1587 1889 1667 respiciat
1923 1607 1997 1662 nos,
2026 1609 2067 1651 ne
2089 1590 2136 1653 sic
2164 1587 2297 1655 distrac-

306 1678 356 1740 sit.
390 1673 479 1740 Socii
501 1675 637 1757 tyranni
655 1693 696 1737 cx
714 1671 841 1738 foedere
859 1672 1047 1736 adversario
1066 1670 1172 1736 adhuc
1193 1669 1276 1732 nihil
1328 1679 1399 1732 tum
1429 1679 1576 1736 nostrum
1603 1691 1741 1753 regnum
1770 1691 1903 1752 prorsus
1932 1669 2102 1737 desoletur.
2148 1673 2245 1740 Oerte
2270 1677 2297 1740 si

305 1773 446 1838 movent,
470 1762 533 1824 nisi
555 1759 775 1842 quodBavari
796 1769 830 1824 et
850 1755 1083 1822 Fcrdinandici
1106 1777 1181 1822 suos
1202 1775 1276 1838 prc-
1329 1775 1472 1836 unquam
1500 1765 1630 1837 tempus
1658 1757 1736 1832 fuit,
1767 1775 1853 1820 nunc
1880 1765 1939 1832 est,
1972 1771 2009 1822 ut
2035 1779 2148 1823 veram
2176 1761 2298 1844 suppli-

304 1847 463 1913 vinciales
491 1846 604 1909 iubent
630 1865 701 1908 esse
728 1846 763 1908 in
790 1845 890 1907 armis
920 1853 953 1906 et
974 1843 1118 1907 delectus
1146 1841 1277 1906 faciunt
1329 1839 1425 1905 candi
1447 1841 1607 1905 rationem
1627 1840 1699 1905 Dec
1722 1861 1913 1906 revocemus
1935 1851 1969 1906 et
1989 1843 2148 1928 quidquid
2168 1847 2204 1910 in
2226 1867 2299 1912 nos·

305 1933 523 2016 Moguntinus
552 1931 660 1994 adhuc
686 1929 768 1993 nihil
796 1950 927 2010 prorsus
956 1936 1079 1999 movet,
1113 1947 1277 2010 quumque
1329 1927 1389 1990 tris
1416 1925 1563 2007 plebibus
1593 1947 1687 1991 auras
1714 1925 1813 1991 habet
1840 1925 2010 2004 audiendi,
2038 1929 2073 1993 in
2101 1932 2298 1997 severiorem

306 2016 385 2082 ditio
415 2018 611 2100 Mcguntina
642 2017 677 2079 in
707 2036 744 2080 eo
771 2015 899 2079 foedere
929 2035 995 2077 non
1024 2015 1079 2089 sit,
1115 2035 1173 2096 per
1206 2033 1278 2075 eam
1331 2011 1547 2076 obedientiam
1570 2013 1696 2076 (lhristi
1719 2011 1924 2078 adducamus.

306 2105 408 2169 nostri
431 2103 551 2166 milites
581 2099 712 2165 deducti
734 2109 767 2163 et
789 2121 881 2164 arma
902 2107 1013 2182 aperte
1036 2097 1171 2164 devecta
1192 2105 1277 2174 sunt,
1416 2097 1484 2160 Nos
1506 2097 1559 2162 hic
1577 2100 1756 2181 satagimus
1774 2098 1913 2181 quidem,
1936 2099 2095 2166 efficimus
2117 2109 2227 2167 autem
2244 2102 2299 2168 ad-

305 2187 487 2274 tyrannc⁸)
515 2208 613 2268 quum
644 2187 784 2250 maxime
814 2185 968 2249 voluisset
994 2183 1190 2260 conducere,
1219 2203 1279 2248 nec
1330 2182 1395 2246 huc
1416 2204 1482 2246 non
1511 2183 1661 2248 multum.
1713 2182 1909 2248 Instandnm
1938 2186 2046 2267 itaque
2074 2187 2300 2270 precibus-est

305 2273 433 2358 pedites
450 2282 560 2336 tamen
578 2294 638 2336 nec
657 2271 782 2353 equites
800 2289 986 2352 comparare
1005 2271 1123 2352 potuit:
1143 2279 1176 2333 et
1193 2268 1278 2332 bona
1330 2277 1367 2332 ut
1389 2266 1551 2332 Dominus
1579 2270 1698 2333 efficiat
1731 2289 1791 2333 nos
1819 2279 1854 2334 et
1881 2272 2002 2335 sentire
2031 2273 2101 2338 eius
2127 2273 2241 2356 plagas
2269 2283 2300 2339 ct

306 2379 383 2443 pars
405 2359 576 2439 equitatus,
599 2358 654 2440 qui
675 2357 710 2420 in
732 2357 867 2439 tyranni
888 2355 1008 2420 ditione
1030 2365 1089 2431 est,
1112 2375 1186 2421 cum
1203 2373 1279 2417 nos·
1331 2373 1409 2418 vera
1436 2353 1579 2419 cordium
1609 2363 1796 2419 nostrorum
1824 2356 2020 2421 contritione
2046 2357 2300 2426 misericordiam

308 2446 369 2508 tris
400 2444 583 2527 paciscitur.
638 2442 754 2524 Itaque
786 2438 930 2507 creditur
962 2450 1123 2523 tyrannus
1150 2449 1279 2522 praeter
1329 2439 1434 2521 ipsius
1455 2439 1637 2521 implorare.
1670 2442 1832 2505 Dominus
1854 2451 1886 2505 ta
1908 2451 2016 2506 servet
2038 2449 2072 2507 ct
2092 2465 2229 2510 uxorem
2251 2453 2298 2510 tc-

307 2550 440 2594 manum
465 2527 722 2610 provincialium,
746 2537 779 2591 st
801 2545 874 2591 eam
896 2547 1049 2608 parvam,
1077 2525 1157 2590 nihil
1186 2525 1279 2590 habi·
1330 2533 1462 2607 tamque
1484 2525 1661 2602 ecclesiam,
1689 2535 1722 2590 ct
1740 2547 1853 2591 omncs
1873 2526 1985 2592 fideles
2006 2527 2065 2594 tibi
2089 2531 2297 2613 cooperarius.

307 2623 418 2680 turum
450 2613 592 2676 militum
621 2613 737 2696 quibus
758 2632 850 2678 arces
872 2633 948 2678 suas
969 2623 1110 2690 tueatur,
1141 2632 1279 2693 quarum
1332 2609 1488 2676 Salutant
1515 2619 1548 2675 te
1570 2611 1688 2688 Hadia,
1720 2612 1881 2676 &ambos
1910 2621 1944 2676 et
1967 2613 2103 2680 Serenus
2111 2614 2138 2700 ⁶)
2163 2636 2298 2700 meaque

307 2709 375 2765 tres
399 2711 527 2763 tantum
551 2699 648 2763 habet
668 2699 822 2763 munitas.
867 2697 1014 2762 Primam
1033 2709 1151 2776 autem,
1175 2706 1209 2761 et
1229 2698 1279 2778 ip·
1331 2717 1423 2770 uxor,
1446 2705 1480 2761 et
1500 2707 1577 2761 tuae
1595 2704 1748 2779 precatur
1763 2705 1801 2761 ut
1821 2705 1950 2763 uterum
1968 2699 2135 2765 commode
2157 2713 2250 2784 gerat
2268 2709 2300 2766 et

308 2787 376 2852 sius
399 2785 526 2862 ecdem,
555 2805 638 2866 quae
660 2785 845 2867 germanice
872 2805 992 2848 nornen
1014 2783 1112 2848 habet
1141 2784 1280 2847 abnrsc
1331 2781 1469 2847 feliciter
1486 2791 1641 2848 exoneret
1658 2803 1717 2848 suo
1735 2793 1887 2866 tempore.
1922 2787 2142 2868 Argentorati,
2161 2787 2300 2852 Iuliits.

308 2870 423 2955 lupi⁴),
454 2871 572 2934 eximie
599 2873 768 2933 munitam.
820 2869 958 2934 Dabunt
984 2871 1089 2934 nostri
1118 2889 1279 2934 summam
1332 2886 1418 2932 anno
1444 2872 1533 2932 1542.
1706 2895 1707 2898 ¹

307 2977 439 3040 operam
450 2966 487 3020 ut
503 2955 719 3038 provinciales
737 2956 878 3040 tyranni,
897 2975 976 3037 quos
994 2956 1062 3037 ipse
1079 2955 1115 3018 in
1132 2961 1282 3019 extrema
1944 2956 1989 3020 M.
2015 2957 2174 3024 Bucerus

306 3043 376 3106 fere
408 3040 557 3119 deduxit,
588 3041 761 3105 minimum
794 3041 991 3124 affligantur.
1047 3041 1142 3106 Unus
1173 3049 1280 3104 metus

308 3128 428 3192 nostris
449 3137 515 3204 est,
545 3149 586 3190 ne
616 3127 671 3190 diu
699 3125 913 3192 desidendum
941 3127 985 3190 sit
1012 3125 1053 3190 ad
1080 3145 1171 3191 arces
1199 3145 1281 3207 quas

307 3221 470 3297 tyrannus
492 3214 602 3277 forsan
623 3212 799 3294 relinquet,
828 3222 861 3276 et
892 3233 927 3276 se
949 3209 1057 3293 aliquo
1082 3211 1172 3276 dabit
1193 3210 1280 3274 unde

307 3309 436 3363 nostros
458 3297 616 3362 incendiis
648 3308 682 3361 et
710 3297 889 3362 latrociniis
917 3316 1037 3360 vexare
1063 3297 1174 3379 possit.
1225 3298 1280 3360 An

308 3385 387 3449 sccii
409 3384 479 3448 eius
502 3403 577 3448 eum
599 3393 710 3465 aperte
732 3381 816 3446 bello
839 3381 983 3446 adiuturi
1002 3383 1077 3460 sint,
1101 3379 1208 3448 adhuc
1229 3383 1280 3445 in·
1727 3455 1729 3458 ¹
1780 3383 1855 3456 alm,

309 3479 433 3535 certum
457 3477 515 3545 est,
538 3488 597 3533 nec
619 3468 714 3532 multi
737 3466 874 3532 eredunt
891 3468 924 3531 id
943 3489 996 3533 eos
1018 3468 1111 3533 bacile
1128 3469 1279 3532 facturos.

308 3555 420 3619 Nostri
443 3554 519 3618 sccii
537 3573 649 3618 omnes
667 3552 788 3617 bellum
806 3573 976 3618 commune
997 3553 1128 3632 habent,
1152 3563 1281 3635 practer
1579 3537 1811 3605 GALVINUS
1834 3539 2059 3608 FARELLO·

308 3660 411 3705 unum
448 3637 765 3722 Wirtemberpenscrn,
798 3639 853 3723 qui
887 3640 1043 3722 temporis
1075 3641 1280 3722 iniquitatem
1453 3709 1459 3722 ,
1527 3709 1533 3721 ,
1645 3710 1650 3722 ¹
2062 3712 2067 3725 Ι

309 3735 343 3790 at
374 3724 554 3807 periculum
582 3745 601 3786 a
627 3723 758 3788 foedere
787 3723 972 3790 adversario
1006 3735 1159 3790 causatus
1192 3725 1279 3789 solus
1422 3707 1588 3776 scarum
1616 3709 1800 3807 Dimum
1830 3717 1964 3810 musai-
2027 3711 2130 3777 ΜΟ
2161 3711 2310 3812 Rectam

309 3811 454 3876 decrevit
483 3831 518 3874 se
548 3829 613 3872 non
643 3811 748 3874 facere
778 3809 854 3874 belli
880 3809 978 3874 huius
1005 3811 1214 3894 participem,
1242 3819 1281 3874 ut
1328 3795 1503 3893 Pr⁰f⁰⁰i¹⁴⁷⁰
1523 3813 1562 3858 Μ
1583 3799 1720 3860 (ΝΜ
1742 3815 1776 3862 ⁸⁰
1797 3798 1894 3864 addai
1914 3798 2082 3896 ‘immiti
2131 3799 2309 3896 Novum·

308 3897 432 3964 scilicet
454 3917 488 3960 ae
511 3907 640 3978 gratum
666 3895 855 3978 Lcrtlpraoio
883 3907 1032 3978 praestet.
1087 3895 1157 3962 Vos
1178 3897 1280 3980 igitur
1331 3887 1505 3982 maim
1535 3879 1731 3980 amm&
1784 3881 2078 3981 PSJQWWW
2110 3889 2137 3950 ei
2164 3884 2309 3982 didm&

309 3983 345 4048 in
375 3982 519 4048 ecclesiis
551 3981 671 4048 vestris
699 3983 878 4046 Dominum
912 3981 1068 4064 rogabitis
1099 3989 1135 4045 ut
1160 3981 1279 4065 populo
1331 3989 1366 4031 m
1390 3968 1534 4034 (dmm
1579 3964 1703 4032 Fasti&
1727 3987 1936 4034 summam
1964 3969 2134 4052 Milesia·
2187 3969 2309 4036 Um

308 4089 367 4136 suo
389 4067 482 4134 adsit.
517 4065 652 4132 Oertum
674 4067 760 4132 enim
779 4066 811 4130 id
830 4081 887 4141 est,
910 4065 1067 4150 quidquid
1089 4068 1280 4133 inimicitiae
1331 4053 1463 4118 morbus·

310 4155 432 4218 nostris
459 4175 532 4220 curn
560 4149 621 4217 hoc
648 4161 789 4235 tyranno
815 4151 957 4229 exstitit,
993 4173 1090 4218 causa
1117 4151 1280 4236 evangelii

310 4239 483 4304 exstasse.
515 4237 609 4302 uun
630 4238 717 4302 onim
740 4257 872 4320 prorsus
890 4239 1014 4322 nescii
1031 4237 1120 4304 aaa
1141 4240 1187 4302 a
1205 4259 1279 4304 um
1332 4221 1572 4346 triturat
1585 4223 1797 4362 situlus
1814 4224 1879 4348 tl
1898 4224 2274 4365 rufat-vesus?
2307 4332 2313 4344 .

311 4323 369 4422 ,illo
391 4324 465 4402 fuit·
494 4325 560 4422 {¹¹¹⁰
583 4323 1280 4423 Lallldfiavfflffit0⁰⁰5¹¹11<3ti⁸⁵i¹1¹1¹⁵⁰i²b
1331 4357 1382 4413 435
1401 4365 1429 4412 et
1446 4359 1517 4430 apud
1535 4359 1677 4414 Simlerum
1696 4359 1811 4414 Volet.
1832 4391 1861 4400 -
1880 4363 1990 4432 Anglicc
2009 4312 2313 4418 rcrtitBt.·Coustabie

310 4408 367 4474 rllo
395 4431 531 4474 summu
558 4409 724 4474 beneficus
751 4407 891 4473 adiutus.
941 4410 987 4474 Et
1011 4417 1124 4474 rurant
1151 4429 1280 4492 quoquc
1737 4427 1758 4484 1.
1775 4445 1803 4498 p.
1822 4429 1893 4498 313.)

311 4493 406 4560 ambo
427 4494 588 4576 principes
597 4497 625 4574 ⁵)
648 4515 746 4575 quam
764 4495 968 4560 sanctissime
990 4507 1122 4578 propter
1140 4496 1279 4560 famosos

311 4587 344 4646 et
372 4575 577 4662 blasphemos
605 4581 675 4646 eius
702 4579 827 4646 libellos
855 4601 946 4644 arma
974 4593 1086 4646 contra
1114 4603 1187 4646 eum
1218 4581 1279 4646 hcc
1309 4662 1312 4668 Ι
1699 4616 1768 4682 guo
1789 4617 1920 4684 purello

310 4665 439 4747 quidem
463 4675 607 4746 tempore
634 4686 839 4748 nequaquam
867 4675 1053 4748 sumpturos
1082 4667 1189 4732 fuisse.
1235 4667 1281 4731 Et
1921 4669 1928 4684 '

311 4750 396 4833 quod
424 4750 638 4814 decreverunt
658 4751 796 4826 bellum,
830 4771 895 4814 una
923 4770 1020 4816 causa
1041 4751 1155 4816 tuendi
1184 4752 1280 4817 urbes
1418 4753 1489 4836 Elgc
1511 4775 1590 4818 vero
1611 4773 1718 4818 meam
1736 4755 1968 4839 negligentiam
1993 4777 2035 4820 ex
2057 4755 2166 4824 animo
2187 4777 2317 4826 eccum

311 4836 414 4900 socias
435 4836 629 4916 suscepisse,
656 4857 757 4918 quum
785 4856 839 4902 eas
867 4836 958 4901 nulla
979 4837 1044 4901 alia
1065 4839 1191 4903 ratione
1213 4859 1280 4903 ser·
1333 4837 1544 4920 damnarique
1571 4839 1712 4903 libenter
1740 4840 1860 4921 patiar,
1890 4862 1929 4906 ac
1957 4841 2012 4906 vix
2034 4849 2146 4924 petere
2172 4845 2319 4910 veniam

317 4975 419 4982 .-m
436 4975 516 4984 -,.
1333 4922 1449 4988 audeo:
1477 4925 1523 4986 itu
1551 4923 1635 4987 nihil
1664 4935 1713 4988 est
1740 4925 1959 4992 excusationis
1986 4927 2071 5010 quod
2099 4937 2318 5012 praetexam.

413 5057 443 5118 3)
462 5055 511 5110 cir
527 5055 620 5121 codex,
639 5053 772 5112 Μηνᾶ
788 5057 927 5114 madai:
945 5063 1085 5128 tyrannus.

414 5124 443 5256 ἑξ
461 5121 704 5249 &ww
1331 5125 1463 5249 mo)
1483 5125 1644 5182 (imbardus
1668 5127 1790 5185 Samae
1808 5129 1885 5188 Sacc
1910 5131 1982 5202 prof.
2001 5131 2158 5203 damasii,
2185 5132 2322 5194 surm
