4910 5974
166 295 230 357 tat
1001 295 1081 356 1542
1105 291 1329 358 SEPuuMB.
2094 299 2158 364 438

168 478 297 544 Verum
314 478 453 544 decanos
477 479 550 561 quis
569 481 676 564 coegit
696 501 889 566 responsum
911 477 1137 627 111ιιι1ι1ιιιιιβέ
1187 479 1340 561 laqueum
1357 479 1450 544 vobis
1467 479 1618 554 induitis,
1645 480 1787 564 cogitate
1813 501 1878 546 non
1906 482 2005 547 finem
2026 477 2160 549 calamiss

169 585 235 648 quo
256 564 490 647 praeiudicium
517 564 650 650 collegis
677 566 746 631 suis
778 567 928 632 omnibus
958 566 1114 630 afferrent
1188 565 1264 629 tatis
1286 563 1339 629 hic
1359 565 1438 642 fore,
1461 564 1519 630 sed
1539 566 1678 630 initium.
1722 564 1883 632 Dominus
1904 568 1993 632 enim
2013 577 2158 635 vestam

168 651 305 717 Utinam
338 649 392 715 vol
423 650 578 715 abfuisset
612 650 843 736 Zabcdoeas,⁷)
875 653 926 716 vel
961 650 1049 716 aliud
1082 669 1139 716 cor
1188 649 1358 714 mollitiem
1377 651 1540 715 severiore
1557 650 1664 734 aliquo
1681 650 1809 735 flagello
1831 653 1979 736 corriget,
2001 653 2029 717 si
2051 654 2157 738 negli-

170 734 324 818 aliudque
345 735 514 801 consilium
537 735 577 800 ad
599 736 684 800 hanc
705 759 837 802 causam
859 737 1030 802 attulisset.
1065 735 1138 800 Hoc
1189 735 1266 819 gitis
1291 753 1473 814 occurrere,
1504 757 1604 820 quum
1625 736 1733 820 palam
1754 737 1919 802 iaciuntur
1945 737 2158 805 fundamenta

169 821 241 888 ideo
264 821 346 901 dico,
369 821 446 904 quia
469 819 599 888 laetos
607 821 634 907 ⁷)
656 822 738 886 mihi
760 824 922 898 narravit,
951 823 1020 887 cius
1042 821 1138 904 culpa
1189 820 1387 902 perniciosae
1415 821 1608 905 tyrannidis.
1659 823 1706 886 At
1733 819 1811 904 quid
1838 824 1959 888 faceret
1985 826 2157 908 magistra·

169 909 292 973 factum
314 927 398 980 esse,
429 914 467 970 ut
488 905 601 972 decani
623 907 669 972 sic
691 907 986 990 praecipitaverint.
1031 905 1137 971 Video
1189 911 1251 981 tus,
1266 904 1307 990 ¹²)
1329 905 1460 988 inquis?
1508 905 1663 971 Nondum
1687 905 1758 972 dico
1785 906 1862 990 quid
1888 909 2156 993 magistratus¹⁸l

170 991 247 1076 quid
275 993 326 1056 sit.
377 992 439 1056 tlui
466 991 580 1075 religio
607 1013 674 1056 non
703 1001 766 1071 ast,
799 993 934 1076 periculi
962 998 1053 1057 metu
1079 1013 1139 1074 per
1189 991 1373 1074 peccaverit
1382 991 1418 1055 in
1429 992 1499 1074 ipso
1510 991 1622 1056 ordine
1640 991 1766 1078 agendi.
1800 993 1943 1058 'lantum
1960 994 2156 1074 demonstro,

171 1097 286 1144 omnes
308 1085 437 1142 sanctos
458 1075 617 1156 deierare,
645 1077 673 1142 ie
695 1077 813 1142 deinde
841 1079 1056 1162 paucorum⁸l
1078 1075 1138 1141 ho·
1190 1097 1287 1158 quoru
1305 1097 1370 1140 non
1389 1076 1434 1141 sit
1452 1083 1561 1142 tutum
1578 1097 1636 1142 vos
1653 1077 1843 1162 astringere,
1863 1080 1927 1144 nisi
1945 1101 2064 1164 magna
2081 1102 2157 1147 cau-

169 1165 295 1228 minum
319 1163 443 1246 gratiae
461 1161 522 1228 hoc
542 1161 596 1227 vel
613 1161 695 1227 illud
718 1164 893 1230 concedere
911 1185 975 1228 non
998 1162 1137 1227 dubitat:
1190 1162 1278 1226 tione
1315 1160 1469 1226 adhibita.
1531 1160 1627 1243 Quod
1667 1161 1709 1226 ad
1756 1165 1916 1229 rationem
1962 1165 2158 1249 modumque

170 1251 246 1334 quia
273 1249 446 1326 obnoxios,
473 1257 511 1311 ut
538 1257 602 1326 est,
630 1248 692 1314 sibi
721 1248 860 1314 videtur.
909 1248 1140 1332 Respondeant
1191 1246 1308 1330 agendi
1326 1247 1475 1328 pertinet,
1493 1268 1633 1332 agnosco
1650 1248 1735 1330 quod
1752 1246 1841 1328 dicis,
1859 1249 2015 1314 maiorem
2031 1258 2159 1336 partem

171 1355 230 1418 pro
248 1354 284 1398 ee
300 1332 463 1416 Decani⁷)
486 1332 641 1416 quidquid
665 1334 789 1400 volent:
812 1334 894 1400 mihi
915 1343 1025 1398 tamen
1045 1354 1139 1398 suam
1190 1333 1304 1414 culpae
1326 1333 1361 1396 in
1389 1333 1549 1397 ministris
1575 1333 1717 1398 haerere.
1766 1333 1894 1400 Horrea
1920 1343 2029 1400 tamen
2058 1358 2158 1422 quum

171 1421 258 1484 hanc
278 1419 468 1484 facilitatem
490 1440 659 1502 nunquam
676 1419 867 1502 probabunt.
912 1420 1082 1500 Quantum
1098 1416 1140 1483 ad
1190 1417 1263 1502 lego
1286 1424 1416 1483 senatus
1438 1418 1634 1484 consultum:
1650 1423 1690 1488 14)
1718 1427 1811 1484 tauta
1832 1419 1898 1485 illic
1925 1428 1958 1484 et
1985 1421 2104 1486 ferocia
2125 1431 2159 1488 ct

171 1525 333 1572 summam
360 1504 465 1588 ipsam
491 1513 629 1586 spectat,
659 1513 696 1569 ut
722 1505 783 1572 tibi
811 1505 941 1588 penitus
970 1505 1138 1582 assentiar,
1191 1503 1343 1586 snperbia
1365 1525 1400 1569 sc
1420 1503 1570 1569 ostendit.
1619 1502 1824 1569 Sententiam
1850 1525 1942 1570 suam
1963 1516 2081 1572 vocant
2103 1507 2158 1572 dc-

172 1590 370 1657 oonsoientia
394 1609 467 1655 mea
495 1609 562 1654 non
591 1589 723 1672 patitur.
769 1589 1098 1656 senatusconsultum
1109 1591 1138 1665 9)
1190 1589 1355 1654 finitivum
1367 1591 1409 1672 16)
1442 1587 1582 1674 decoros,
1619 1589 1670 1654 oui
1703 1589 1921 1656 contradicere
1954 1613 2020 1657 non
2051 1592 2156 1659 liceat.

171 1675 340 1740 tolerabile
360 1695 430 1740 esse
452 1695 573 1754 censes,
606 1695 643 1740 ac
664 1684 735 1740 tuto
757 1697 776 1741 a
800 1677 891 1742 vobis
912 1698 1006 1759 posse
1027 1676 1138 1758 recipi.
1190 1675 1421 1758 Promulgaut,
1449 1696 1516 1741 non
1543 1683 1582 1740 ut
1608 1673 1741 1740 libertas
1769 1677 1812 1740 sit
1840 1677 1997 1742 ministris
2025 1699 2158 1762 respou-

172 1759 408 1844 lependamus
430 1781 507 1844 ergo
533 1760 568 1824 id
593 1760 677 1843 quod
699 1763 853 1826 eontinet.
897 1763 1062 1844 Principio
1082 1781 1139 1844 ap·
1191 1759 1303 1840 dendi,
1333 1759 1390 1825 sed
1411 1767 1449 1824 ut
1475 1766 1667 1844 sequantur,
1696 1769 1845 1840 teneant,
1873 1759 2046 1828 observent
2073 1762 2160 1847 quod

172 1845 289 1930 probat
311 1845 481 1931 Οοπωοιιίἵ)
502 1846 685 1911 formulam.
729 1848 776 1911 At
797 1847 903 1930 qualis
925 1847 981 1911 illa
1003 1853 1062 1924 est,
1085 1845 1140 1911 ob·
1192 1844 1331 1910 dominis
1345 1845 1386 1931 ¹⁶)
1418 1845 1547 1929 placuit.
1609 1847 1759 1930 Agnosco
1798 1847 1894 1910 etiam
1929 1847 2014 1931 quod
2046 1857 2161 1932 postea

172 1931 284 1998 sacro?
318 1933 370 1996 Tu
383 1931 501 1996 Bucari
518 1932 748 1996 obscuritatem
765 1933 941 2016 vituperas,
964 1940 997 1997 et
1013 1933 1139 1997 merito.
1191 1951 1438 2011 commemoras,
1469 1929 1679 2007 commem)
1707 1931 1808 1996 iustas
1836 1953 1955 2014 poenas
1982 1933 2060 1998 dare
2081 1955 2158 2000 suae

169 2020 218 2083 At
238 2016 323 2081 nihil
342 2025 392 2082 eet
413 2017 447 2082 in
469 2015 590 2083 Buoero
611 2016 691 2082 adeo
718 2018 927 2101 perplexum,
958 2019 1140 2096 obscurum,
1191 2016 1247 2080 vel
1267 2015 1451 2081 ambitionis
1470 2016 1524 2082 vel
1545 2017 1773 2102 malignitatis:
1802 2016 1887 2099 quod
1916 2018 1950 2082 in
1972 2025 2039 2083 tam
2060 2021 2159 2086 misc·

169 2102 397 2185 flexiloquum,
427 2109 539 2184 atque,
568 2114 606 2166 ut
627 2103 674 2167 sic
694 2103 818 2185 loquar,
840 2111 1030 2168 tortuosum.
1074 2103 1141 2166 Ex·
1192 2121 1263 2166 ram
1285 2103 1474 2167 servitutem
1497 2103 1633 2186 cogitur,
1659 2101 1735 2184 quia
1755 2101 1824 2185 pati
1845 2123 1912 2167 non
1933 2104 2073 2186 potuerit
2093 2107 2158 2171 fra·

169 2189 278 2272 ceptio
299 2195 409 2252 tamen
431 2187 578 2266 additur,
603 2197 640 2252 ut
661 2197 729 2252 tam
752 2189 832 2254 haec
853 2190 1019 2267 confessio,
1043 2209 1141 2270 quam
1192 2197 1259 2252 tres
1281 2208 1389 2252 secum
1419 2208 1489 2254 esse
1517 2187 1644 2253 liberos.
1689 2185 1756 2252 Sed
1777 2207 1837 2253 nos
1859 2189 1956 2252 simul
1977 2189 2157 2272 plectimur.

169 2273 389 2340 catechismus
416 2272 521 2338 locum
547 2273 704 2352 habeant,
734 2275 761 2338 si
790 2273 969 2339 secundum
998 2273 1141 2356 disputa·
1192 2273 1264 2338 Imo
1286 2273 1320 2337 in
1342 2281 1443 2336 totam
1465 2273 1632 2338 ecclesiam
1650 2293 1755 2354 poena
1771 2272 1851 2338 haec
1872 2273 2041 2339 redundat.
2072 2277 2159 2343 Nam

167 2361 294 2424 tionem
316 2360 446 2424 Bernae
467 2359 610 2423 habitam
625 2361 666 2434 ¹⁰)
687 2359 899 2441 explicentur.
933 2359 1007 2440 Quo
1028 2359 1141 2424 remit
1193 2359 1255 2423 hoo
1276 2359 1426 2441 exemplo
1454 2358 1540 2423 edito
1566 2359 1702 2444 posthac
1727 2380 1858 2424 necesse
1886 2361 1947 2424 orit
1976 2359 2160 2428 doctrinam

169 2443 295 2510 timor?
347 2445 419 2508 Hoc
441 2464 518 2528 ergo
540 2463 560 2507 a
581 2445 674 2508 vobis
694 2445 871 2527 quaeritur,
898 2452 936 2509 ut
956 2443 1141 2526 spondeatis
1192 2451 1338 2508 nostram
1366 2465 1431 2508 non
1458 2443 1553 2510 modo
1580 2445 1746 2528 potestati,
1775 2444 1832 2508 sed
1861 2446 1954 2510 nutui
1981 2467 2159 2528 paucorum

167 2551 231 2595 vos
242 2549 408 2612 nunquam
426 2529 623 2594 discessuros
640 2551 660 2594 a
677 2531 841 2595 sententia
859 2528 949 2594 vobis
965 2530 1140 2612 incognita.
1193 2529 1370 2604 hominum,
1393 2535 1426 2592 et
1447 2529 1577 2611 quidem
1598 2527 1802 2594 indoctorum
1816 2531 1857 2604 ¹⁷)
1878 2531 2055 2596 subiectam
2073 2554 2158 2599 esse:

167 2613 303 2680 Deinde
313 2613 390 2698 quid
407 2621 504 2697 putas
520 2613 588 2678 illic
607 2615 705 2681 fuisse
723 2613 931 2698 disputatum,
950 2615 1014 2679 nisi
1026 2615 1140 2679 Ohris-
1191 2613 1437 2696 utloquondum
1449 2616 1492 2678 sit
1503 2623 1559 2679 aut
1570 2614 1753 2696 meandum,
1773 2615 1969 2699 simulatque
1981 2617 2081 2702 'digito
2093 2619 2159 2703 sig-

167 2711 242 2767 tum
260 2722 326 2765 non
344 2721 415 2766 esse
431 2700 592 2764 inclusum
610 2701 646 2764 in
664 2721 756 2784 pane.
786 2698 827 2764 Id
844 2709 953 2765 autem
971 2708 1103 2764 senatus
1113 2700 1141 2781 ⁷)
1191 2719 1273 2763 num
1296 2698 1451 2763 dederint.
1466 2698 1506 2784 18)
1549 2700 1662 2782 Neque
1684 2709 1792 2764 tamen
1814 2701 1966 2784 expedire
1988 2703 2160 2769 censebam

166 2786 308 2872 perinde
325 2786 451 2868 accipit,
470 2805 507 2850 aa
525 2785 554 2850 si
570 2785 653 2849 nihil
671 2785 759 2850 aliud
777 2787 867 2864 foret,
885 2807 982 2868 quam
1000 2787 1140 2870 signum.
1191 2793 1229 2849 ut
1250 2783 1368 2848 batres
1388 2784 1451 2850 hac
1472 2783 1512 2848 do
1530 2805 1566 2848 re
1587 2786 1623 2848 in
1644 2793 1809 2850 certamen
1831 2785 2063 2853 descenderent
2084 2811 2160 2855 oum

167 2869 342 2955 Quidquid
360 2871 412 2949 sit,
434 2889 499 2936 nou¹
520 2871 624 2936 ausim
642 2871 782 2950 credere,
804 2872 998 2955 mysterium
1020 2890 1140 2936 coenae
1192 2876 1315 2934 senatu.
1329 2873 1370 2946 ¹⁹)
1415 2867 1483 2934 Sed
1509 2868 1704 2934 videbantur
1724 2871 1812 2952 ,mihi
1837 2870 1957 2937 habero
1985 2873 2160 2942 honestum

165 2958 239 3024 illie
260 2957 360 3022 fuisse
389 2957 472 3022 bene
500 2975 538 3021 ac
565 2957 627 3021 rite
656 2957 862 3039 explicatum.
911 2959 957 3021 At
984 2955 1141 3022 confessio
1191 2961 1397 3039 praetextum
1418 2953 1614 3033 declinandi,
1643 2955 1670 3018 si
1692 2976 1765 3020 cum
1789 2958 1996 3022 excusatione
2017 2959 2105 3024 civili
2127 2968 2160 3024 et

164 3042 405 3118 Basssiensuu
433 3041 630 3126 adiungitur.
681 3042 842 3124 Equidem
869 3063 935 3108 non
957 3061 1041 3126 nego
1062 3042 1141 3125 quin
1193 3040 1338 3105 modesta
1365 3040 1598 3105 confessionem
1626 3060 1720 3104 snam
1750 3041 1913 3106 offerrent.
1959 3045 2059 3126 Atqui
2092 3066 2158 3110 non

163 3127 260 3195 istud
279 3127 420 3192 multum
437 3128 494 3194 sit:
518 3127 574 3194 sed
591 3128 673 3192 mihi
690 3149 758 3192 non
780 3128 908 3193 sufficit.
941 3128 1142 3194 Praesertim
1192 3127 1374 3210 postulatur
1396 3125 1523 3192 abillis
1544 3126 1711 3202 confessio,
1733 3127 1850 3208 inquis.
1894 3128 1966 3211 Ego
1988 3148 2064 3192 vero
2085 3127 2159 3195 idco

163 3215 226 3281 ubi
249 3213 361 3278 omnia
387 3213 508 3278 iterum
537 3211 578 3277 ad
606 3214 861 3296 disputationem
888 3213 996 3292 illam,
1024 3221 1057 3279 et
1076 3213 1141 3278 for·
1193 3211 1334 3278 dandam
1365 3213 1465 3277 fuisso
1498 3217 1586 3295 puto.
1633 3212 1745 3286 De²⁰)
1774 3212 1903 3294 scriptis
1933 3211 2080 3296 Zaicplii
2112 3216 2159 3280 sic

163 3300 307 3374 mulam,
325 3299 459 3381 quaein
479 3317 597 3363 coenae
614 3299 895 3365 administratione
911 3299 1042 3365 recitari
1059 3300 1142 3365 solet
1192 3299 1314 3363 sentire
1335 3305 1372 3362 ut
1393 3297 1504 3376 sentis,
1523 3297 1583 3364 tibi
1605 3297 1767 3380 permitto.
1809 3297 1923 3380 Neque
1940 3299 2027 3362 enim
2049 3301 2159 3366 omnia
2278 3315 2283 3326 '

164 3387 357 3469 exiguntur.
391 3385 509 3466 Atque,
528 3392 566 3447 ut
583 3385 645 3448 hoc
661 3405 763 3449 unum
782 3385 860 3449 mali
878 3385 929 3462 sit,
951 3384 1141 3468 persuaderi
1192 3384 1266 3468 legi.
1315 3384 1360 3448 Et
1389 3383 1536 3448 fortassis
1563 3383 1623 3448 sub
1655 3383 1754 3447 finem
1782 3382 1869 3448 vitae
1902 3385 2088 3449 retractavit
2120 3405 2159 3452 ac

162 3491 308 3555 nequeo,
330 3469 559 3554 Diacosios,¹¹)
582 3472 636 3552 qui
658 3472 853 3535 sententiam
876 3471 961 3535 hano
982 3470 1140 3552 tulerunt,
1192 3468 1335 3534 correxit
1362 3469 1397 3533 in
1425 3467 1558 3547 melius,
1587 3489 1669 3551 quae
1694 3475 1817 3533 temere
1839 3468 1930 3533 initio
1960 3469 2157 3536 exciderant

162 3577 286 3624 sanam
309 3553 349 3618 de
370 3555 431 3618 hac
452 3575 488 3618 re
515 3556 710 3620 sectandam
731 3565 850 3620 tenere.
895 3554 967 3620 Iam
989 3557 1058 3620 eius
1080 3557 1142 3619 erit
1193 3553 1259 3619 Sed
1282 3555 1316 3618 in
1338 3555 1466 3638 scriptis
1487 3552 1649 3637 prioribus
1677 3554 1811 3619 memini
1839 3575 1936 3636 quam
1957 3557 2093 3638 profana
2115 3557 2159 3622 sit

160 3641 391 3726 interpretari,
427 3641 519 3706 ouius
552 3641 614 3705 fuit
646 3641 869 3723 pronunciare.
924 3641 977 3705 Ita
1007 3641 1142 3722 periurii
1193 3638 1233 3705 dc
1254 3642 1466 3706 sacramentis
1489 3639 1642 3705 doctrina.
1692 3637 1787 3720 Quod
1809 3637 1964 3718 dixeram,
1992 3643 2158 3706 neminem

162 3729 326 3814 alligatus
346 3723 551 3804 iudicabitur,
579 3729 633 3808 qui
656 3747 747 3791 secus
769 3726 927 3804 docuerit,
954 3745 1052 3808 quam
1079 3726 1142 3808 ipsi
1193 3733 1379 3790 nostrorum
1400 3723 1519 3790 habere
1536 3725 1667 3808 plenam
1688 3724 1836 3809 mysterii
1858 3725 1954 3790 huius
1974 3726 2158 3810 intelligen-

160 3814 297 3881 iudioes
316 3817 538 3894 assequantur.
591 3811 705 3894 Neque
731 3811 793 3896 hac
813 3811 882 3877 sola
910 3812 944 3874 in
966 3819 1057 3893 parte
1079 3812 1142 3876 erit
1192 3812 1289 3875 tiam:
1312 3809 1346 3874 id
1363 3809 1403 3875 de
1419 3810 1513 3893 plebe
1529 3810 1619 3875 urbis
1634 3809 1733 3875 huius
1750 3809 1873 3874 dictum
1890 3811 2027 3894 accipias
2048 3811 2156 3877 velim.

160 3897 363 3984 periculum.
405 3897 530 3960 Vetant
551 3898 637 3960 enim
668 3919 709 3961 ne
731 3896 771 3961 de
793 3897 858 3961 ullo
879 3915 965 3960 novo
987 3897 1062 3974 ritu,
1085 3904 1142 3960 aut
1195 3897 1302 3978 Atque
1323 3897 1356 3961 id
1377 3917 1430 3960 me
1451 3902 1579 3960 tantum
1607 3895 1746 3962 voluisse
1772 3895 1865 3961 tacite
1893 3916 1934 3960 ox
1961 3895 2063 3961 literis
2083 3917 2157 3979 per-

161 3986 267 4051 novis
290 3982 500 4047 caeremoniis
521 3982 621 4046 verba
642 3982 776 4065 posthac
797 3985 886 4047 fiant.
926 3979 1010 4062 Quis
1032 3989 1142 4046 autem
1193 3981 1324 4062 spicies,
1354 3981 1382 4046 si
1416 3981 1550 4066 relegas.
1605 3981 1718 4064 Neque
1752 4001 1829 4047 vero
1861 4002 1913 4046 me
1945 3981 2005 4046 boc
2035 3981 2156 4048 dixisse

158 4070 287 4146 nescit,
309 4087 363 4132 eos
384 4076 417 4132 et
438 4068 811 4146 excommunicationem,
838 4075 871 4132 et
890 4067 1141 4149 frequentiorem

158 4151 1141 4234 ooenaousum,etmultaaliahoonominecomprehendere‚

156 4261 253 4327 quae
277 4259 337 4304 nos
360 4237 597 4314 desideramus,
627 4258 664 4302 ac
691 4237 843 4302 restituta
864 4237 1033 4320 cupimus?
1078 4239 1141 4302 'Pa-
1278 4235 1325 4302 12)
1343 4237 1468 4318 pnnoeps
1485 4235 1535 4289 13⁸·

156 4327 313 4396 cendum
336 4329 445 4388 tamen
468 4325 537 4386 erit.
583 4322 694 4404 Quum
717 4324 763 4386 ita
785 4323 925 4406 scientes
941 4332 975 4387 et
994 4322 1142 4389 volentes
1278 4303 1476 4440 {23230001‘3323
1494 4371 1544 4425 Bm
1562 4373 1769 4442 mmmm
1786 4377 1924 4426 ratetum.
1960 4371 2157 4430 mmm

156 4479 361 4496 “ww
555 4577 561 4590 ·
592 4578 598 4589 ι
810 4579 816 4590 ·
962 4579 967 4590 Ι
1192 4445 1224 4496 “l
1240 4442 1789 4591 ιιιιῖφῧις.·εειὲιιίιίιιιειὲιὼΨΜ.ΙΜήΜι
1807 4517 1894 4575 vocat,
1912 4509 2156 4567 attrectatum.

276 4579 308 4644 6)
326 4577 497 4646 Βιαριιιιιιι
529 4593 660 4632 mmmm
694 4577 816 4634 Oetam
849 4577 1044 4645 ooalesmoaem
1072 4577 1143 4633 noted
1195 4577 1263 4633 Item
1280 4593 1342 4632 otoo
1359 4577 1417 4633 alls:
1433 4578 1597 4646 Promnlgst.
1709 4645 1714 4657 Ι
1754 4645 1758 4656 Ι
1806 4644 1842 4656 ..
1888 4645 1893 4656 Ι

153 4647 313 4714 mati,
340 4653 366 4702 et
392 4654 504 4729 mactus
531 4647 693 4728 maadmam
716 4649 750 4703 de
772 4647 945 4702 obseruando
967 4653 1054 4702 cetere
1070 4647 1141 4702 uer·
1279 4645 1381 4728 lotus
1399 4647 1488 4702 codice
1505 4646 1556 4699 Ba.
1576 4649 1782 4715 superscripsit:
1804 4644 1857 4706 nln
1881 4660 1912 4698 ra
1935 4643 1975 4698 ed.
1998 4645 2156 4715 simpliciter

151 4723 252 4778 mei
269 4717 392 4782 formula
406 4717 483 4797 (mdo
500 4716 618 4796 Hadra
637 4719 712 4797 (lem.
731 4717 809 4786 Epp.
823 4732 855 4784 p.
874 4715 946 4795 2111).
1192 4721 1351 4784 roppressit.
1444 4785 1449 4796 Ι
1785 4781 1791 4793 Ι
2095 4781 2100 4793 Ι
2125 4783 2130 4794 Ι

276 4785 307 4850 7)
326 4785 450 4840 Nommo
471 4800 588 4854 propria
613 4786 713 4854 absque
735 4801 885 4856 suppressa
901 4800 933 4836 m
959 4783 1019 4836 edd.
1042 4783 1094 4837 Ba.
1116 4788 1142 4838 et
1280 4782 1325 4848 17)
1346 4783 1402 4837 Pro
1419 4784 1476 4836 trs.-
1493 4797 1639 4862 paucorum
1658 4821 1663 4832 .
1683 4820 1689 4831 .
1759 4820 1764 4832 .
1783 4780 1958 4862 indoctorum,
1981 4779 2031 4861 Bc.
2054 4780 2155 4836 edidit.-

149 4863 252 4918 τᾶργα
270 4855 306 4909 N.
324 4855 357 4907 in
372 4869 465 4908 eoram
481 4855 538 4908 loeo
624 4869 693 4908 sesa.
1192 4852 1270 4904 nnius
1293 4852 1376 4906 etiarn
1399 4851 1514 4906 hominis
1537 4856 1566 4905 et
1589 4849 1698 4920 qmdern
1721 4855 1846 4918 impentr.
1883 4849 1920 4904 la
1946 4849 2035 4906 reduc
2061 4851 2155 4906 omnio

275 4923 306 4990 8)
344 4941 469 4978 circorum
487 4939 537 4977 om.
625 4924 701 4977 .Br.
955 4953 957 4958 ·
1192 4935 1271 4988 acac,
1288 4927 1394 4975 tantm
1411 4921 1442 5002 ia
1457 4921 1578 4988 marpiae
1595 4917 1722 4973 addicar:
1739 4919 1868 4986 principis
1886 4923 1921 4972 et

275 4993 307 5058 9)
324 4941 448 5046 itdiotnru
466 5007 563 5061 nempe
580 4993 632 5045 Bc.
1277 4988 1324 5053 18)
1343 4991 1450 5043 dederit
1466 4991 1527 5042 edd.

259 5061 308 5128 10)
326 5077 378 5114 sec.
396 5062 606 5131 disputationem
626 5063 654 5112 B.
673 5061 801 5113 habitam.
840 5059 897 5113 Pro
917 5059 960 5113 ta
977 5057 1042 5112 Ba.-
1066 5063 1141 5112 carto
1277 5057 1324 5193 {33
1342 5053 1681 5182 Ἇιιὸιιὶιι1ιιὲιιιέιηιιιὲιὲη,(ιῖιέιῖπ
1709 5125 1744 5177 ab
1774 5123 1832 5176 m
1863 5121 1980 5176 Bam
2007 5135 2092 5190 mu
2117 5122 2157 5178 aa

1403 5144 1431 5180 m

148 5135 307 5264 modo-n)
326 5198 458 5252 diaoosics
479 5215 529 5254 om.
548 5197 599 5251 Bu.
1190 5193 1300 5261 βπιιιι(
1303 5233 1413 5254 .....
1430 5194 1528 5248 tacitus
1544 5191 1667 5259 devoro).
1901 5272 1949 5328 28.
