4860 5960
224 301 287 366 811
1067 293 1148 358 1514
1170 289 1373 363 Decuma.
2156 297 2219 367 822

226 482 462 552 communionis
484 481 617 566 spiritus
638 480 744 551 anati
765 487 800 548 et
817 478 1037 549 membrorum
1065 479 1102 546 iu
1126 499 1196 544 eor-
1248 481 1409 565 egregius,
1438 477 1479 546 ob
1504 501 1609 546 unum
1631 485 1729 562 atque
1755 478 1895 546 alterum
1929 479 2102 548 verbulum
2131 477 2219 564 qued

226 589 305 654 pore
334 567 469 647 Christi,
502 565 617 632 deinde
646 567 779 650 dignam
807 564 1081 632 existimationem
1112 565 1196 632 sacri
1248 565 1424 630 nonnullos
1458 567 1632 648 primatum
1665 563 1864 644 offendebat,
1900 565 2076 650 respoudit
2132 567 2218 634 Tum

226 653 397 720 ministerii
421 663 454 717 et
475 662 600 718 rectum
623 653 768 718 studium
788 659 824 716 ut
851 651 932 716 illud
960 650 1196 734 irreprehensi·
1248 651 1396 735 Elegiae.-
1417 649 1505 732 Quia
1527 651 1628 736 igitur
1652 649 1801 716 Calvinae
1822 650 1997 718 reversus?
2039 654 2219 734 Acceperat

226 739 292 806 bile
324 749 357 803 et
389 739 589 804 fructuosum
622 737 767 804 ecelesiis
799 745 998 818 praestetur:
1035 749 1197 819 postremo
1248 738 1336 802 enirn
1359 733 1441 802 nihil
1464 736 1538 804 istic
1561 733 1708 802 rrraudari
1731 737 1821 820 prelo
1838 739 1920 802 citra
1937 747 2030 800 tuam
2047 737 2217 804 calculum.

226 845 403 909 agnoscere
423 845 520 908 quam
543 824 760 888 necessarium
783 831 816 887 et
837 821 980 888 salutare
1002 821 1045 887 sit
1073 821 1108 885 in
1137 842 1197 886 nos
1249 821 1313 888 Cui
1336 821 1486 888 Lutatius
1507 825 1542 886 in
1564 821 1645 890 haec
1666 823 1734 886 l‘ere
1759 821 1872 888 verba:
1905 819 2055 888 Calvinae
2084 844 2154 888 rcm
2182 844 2218 889 se

226 910 345 977 fratres
366 911 480 992 quovis
502 907 597 974 modo
614 909 779 990 inquirere
796 915 829 972 et
846 906 1113 984 animadvertere,
1136 927 1197 971 nos
1248 905 1417 992 indignam
1440 908 1524 985 iecit,
1547 909 1602 990 qui
1624 915 1693 972 tam
1715 907 1779 972 levi
1801 929 1842 974 cx
1864 927 1962 974 cansa
1984 917 2051 972 tam
2073 907 2219 992 graviter

226 995 398 1079 corrigere,
420 995 591 1072 instrucre,
615 995 730 1076 quibas
753 991 904 1058 remediis
925 993 967 1057 iis
984 993 1051 1057 fere
1069 1013 1198 1074 semper
1248 994 1388 1061 obfuerit
1408 991 1527 1060 misero
1549 991 1762 1078 typographo,
1791 1015 1890 1077 quum
1919 995 1955 1060 in
1982 993 2078 1060 Novo
2104 993 2216 1060 Testa·

225 1083 369 1147 maxime
389 1101 471 1164 opus
493 1091 542 1146 est
563 1081 618 1163 qui
639 1099 677 1144 ea
699 1079 808 1144 minus
827 1087 996 1160 expetunt
1035 1079 1197 1143 Dominus
1249 1091 1358 1144 mento
1392 1079 1508 1162 gallico
1541 1099 1561 1142 a
1592 1100 1628 1144 se
1654 1098 1810 1145 converso
1843 1080 1913 1161 ipse
1946 1077 2098 1148 Calvinae
2129 1077 2218 1144 haud

225 1167 296 1250 ipse
323 1187 380 1230 vos
409 1165 521 1232 doceat
548 1177 582 1230 et
608 1164 695 1249 apud
722 1185 781 1232 vos
809 1172 981 1229 conservet
1006 1163 1197 1247 religionem
1249 1165 1418 1232 obscuram
1440 1163 1610 1228 admiserit
1631 1163 1802 1242 haeresim,
1831 1163 1964 1230 Ioannis
1986 1165 2091 1248 eapite
2113 1165 2218 1248 primo

226 1252 464 1316 communionis
485 1272 564 1318 snae
586 1267 620 1316 et
640 1259 772 1315 mutuae
791 1248 1034 1314 aedificationis.
1078 1251 1195 1314 Amen.
1249 1251 1336 1316 circa
1356 1249 1542 1328 initium:⁴)
1572 1249 1664 1314 errius
1692 1247 1821 1332 quidem
1844 1249 1991 1316 criminis
2012 1250 2121 1333 palam
2142 1271 2218 1319 con·

1250 1337 1355 1403 victus
1377 1355 1397 1400 a
1420 1333 1557 1402 Claudio
1582 1333 1738 1418 Veran:
1767 1335 1858 1400 Num
1879 1337 1934 1414 ita,
1962 1337 2078 1420 inquit,
2107 1335 2217 1402 conri-

1249 1421 1345 1487 ciaris
1385 1420 1515 1503 spiritui
1554 1419 1692 1484 sancto?
1754 1419 1923 1488 Hactenus
1962 1428 2038 1486 tuus
2077 1421 2218 1488 eximius

1248 1505 1471 1574 encomiastes.
1524 1503 1657 1572 Scilicet
1685 1505 1747 1570 hoe
1774 1515 1868 1588 pacto
1896 1505 1955 1572 tibi
1983 1515 2133 1572 mutuum
2162 1505 2219 1571 dut

1249 1591 1483 1667 testimonium,
1508 1600 1622 1674 utpote
1638 1591 1829 1672 neutiquam
1847 1600 1983 1676 gravato
2005 1592 2090 1658 serio
2110 1592 2218 1660 ehiro-

1247 1676 1372 1761 grapho
1393 1676 1545 1743 laudibus
1571 1677 1692 1740 mirum
1714 1677 1749 1740 ni
1771 1677 1945 1742 immeritis
1972 1677 2137 1742 hominem
2159 1699 2217 1744 ex·

1248 1763 1370 1828 tollere.
1414 1762 1501 1828 Mihi
1523 1762 1594 1828 fieri
1620 1783 1686 1827 non
1713 1769 1822 1845 potest
1842 1763 1922 1846 quin
1943 1763 1977 1827 in
1999 1783 2037 1828 eo
2059 1763 2217 1846 colloquio

1247 1869 1316 1914 nna
1336 1848 1439 1914 multo
1461 1847 1559 1932 plora
1579 1848 1659 1912 talia
1680 1845 1890 1914 deblaterarit
1917 1867 2000 1932 quae
2022 1869 2074 1914 me
2102 1849 2216 1929 latent,

1248 1943 1281 2000 et
1302 1955 1439 2017 quorum
1463 1943 1520 1998 aut
1541 1955 1607 1998 non
1630 1933 1780 1998 meminit
1801 1933 1939 2018 Elipias,
1962 1941 2020 1998 aut
2033 1955 2116 2016 quae
2128 1935 2218 2018 piget

1248 2040 1322 2111 eum
1351 2019 1481 2086 rclcrro.
1525 2019 1561 2084 Is
1591 2031 1700 2084 tamen
1729 2039 1824 2102 quem
1854 2019 1951 2101 paulo
1979 2028 2053 2102 post
2081 2020 2219 2086 conveni

1248 2105 1449 2182 affirmabat,
1482 2104 1545 2172 sibi
1574 2125 1650 2169 eum
1678 2125 1745 2168 non
1773 2103 1874 2168 fuisso
1903 2105 2011 2169 risum
2040 2105 2151 2188 iniquo
2180 2125 2218 2172 ae

1247 2189 1408 2254 malevolo
1430 2189 1464 2254 in
1487 2197 1519 2254 te
1547 2189 1665 2256 animo.
1712 2189 1888 2254 Caeterum
1914 2208 1979 2280 v>
2007 2191 2125 2256 affeetu
2154 2190 2219 2258 ista

1248 2275 1412 2352 effutierit,
1435 2273 1487 2342 vel
1510 2273 1593 2340 clam
1615 2295 1668 2340 me
1697 2283 1756 2352 est,
1787 2273 1839 2340 vel
1867 2275 1902 2339 in
1930 2277 2115 2356 praesentia
2142 2297 2217 2360 pru-

1248 2360 1404 2426 nnuciare
1426 2381 1491 2424 non
1508 2359 1599 2438 libet,
1622 2357 1708 2441 apud
1728 2367 1759 2424 te
1771 2360 1961 2442 pracsertim
1975 2363 2027 2444 qui
2041 2359 2216 2440 hominem,

1248 2444 1332 2528 quod
1354 2445 1457 2522 aiunt,
1479 2443 1570 2510 intus
1593 2444 1684 2512 noris
1706 2459 1739 2508 et
1759 2445 1794 2510 iu
1817 2457 1898 2510 cute.
1944 2446 2093 2512 Profecto
2122 2455 2160 2512 ut
2187 2450 2218 2516 ei

1248 2531 1369 2613 largiar
1389 2530 1454 2594 ista
1473 2551 1544 2596 csse
1567 2550 1654 2610 vera,
1679 2529 1951 2612 quemadmodum
1970 2531 2066 2598 amici
2087 2541 2158 2597 erat
2179 2555 2219 2602 ee

1248 2613 1427 2698 prudenter
1449 2623 1566 2692 tacere,
1592 2614 1625 2680 id
1647 2613 1734 2698 quod
1753 2615 1851 2700 longe
1868 2615 1990 2692 malim,
2013 2617 2059 2682 ita
2076 2611 2219 2686 hominis

1248 2709 1298 2766 est
1320 2721 1434 2784 parum
1456 2701 1689 2782 circumspecti,
1717 2701 1856 2767 nimium
1883 2699 2027 2784 loquacis
2055 2725 2093 2770 ae
2120 2705 2218 2788 plane

1248 2785 1368 2864 futilis,
1396 2807 1439 2850 ne
1467 2785 1545 2869 quid
1572 2785 1689 2850 addam
1722 2785 1878 2863 acerbius,
1905 2807 1943 2852 ea
1971 2787 2044 2870 ipsa
2071 2789 2217 2872 prodere,

1235 2869 1392 2954 ,adeoque
1414 2871 1485 2936 viro
1506 2870 1590 2935 nihil
1611 2869 1678 2936 tale
1699 2871 1910 2958 exspectanti.
1953 2871 2020 2938 Sed
2042 2873 2115 2957 plns
2137 2877 2219 2947 satis

1248 2957 1417 3040 explorata
1448 2955 1553 3021 haheo
1585 2975 1698 3020 eorum
1730 2955 1864 3040 ingenia
1915 2957 1948 3020 ui
1987 2979 2047 3042 per
2087 2962 2218 3028 inanem

1248 3043 1386 3126 gloriam
1420 3043 1531 3106 omnia
1563 3049 1714 3125 gerentes
1745 3063 1873 3106 summo
1929 3043 2023 3108 oneri
2054 3045 2115 3112 sibi
2147 3069 2218 3116 esee

972 3160 1005 3224 A
1027 3146 1077 3224 G·
1249 3127 1381 3206 ducunt,
1404 3129 1433 3194 si
1454 3125 1539 3210 quod
1559 3125 1730 3192 mordeant
1745 3147 1783 3192 aa
1801 3127 1980 3212 suggillent
1995 3128 2031 3192 in
2050 3139 2217 3212 praestan·

1061 3209 1068 3223 '
1249 3213 1384 3280 tisdmis
1413 3213 1592 3298 quibusque
1623 3213 1701 3276 viris
1729 3223 1852 3294 queunt
1880 3211 2131 3296 deprehendere,
2159 3227 2219 3286 aut

312 3297 423 3382 Quum
446 3297 595 3364 Lobctias
616 3295 797 3378 monachus
824 3316 929 3380 nuper
949 3293 1044 3362 istinc
1066 3293 1196 3360 rediens
1249 3299 1305 3384 qui
1332 3319 1420 3364 vana
1447 3319 1505 3382 spe
1534 3297 1616 3364 elusi
1646 3318 1787 3382 eousque
1815 3297 1976 3364 amentiae
2004 3301 2218 3382 prolabuntur

226 3385 332 3454 obiter
354 3405 412 3450 nes
435 3381 600 3462 inviseret,
630 3381 748 3448 accidit
775 3389 813 3448 ut
841 3403 894 3446 me
923 3379 1055 3448 absente
1088 3379 1129 3444 ab
1156 3400 1195 3445 eo
1248 3397 1287 3450 ut
1315 3385 1412 3451 etiam
1443 3383 1684 3450 debacchentur
1709 3383 1746 3448 in
1776 3383 1859 3450 bene
1887 3397 2059 3452 merentes.
2111 3385 2217 3467 Quasi

226 3469 389 3540 salutatus
407 3467 449 3536 D.
468 3468 597 3552 Elipiae
616 3467 782 3552 Vcrperias
796 3467 830 3568 ¹),
849 3465 1076 3550 ludimagister
1098 3465 1197 3530 huius
1248 3492 1327 3536 roro
1348 3471 1382 3536 in
1404 3469 1485 3536 alios
1507 3489 1605 3552 quarn
1631 3469 1720 3553 ipsos
1743 3465 1945 3536 retundenda
1971 3469 2015 3536 sit
2042 3470 2139 3557 culpa
2159 3475 2217 3557 qui

225 3557 316 3625 urbis
335 3553 540 3620 doctissimus
558 3557 652 3620 iuxta
670 3575 707 3618 ac
724 3553 940 3631 fidelrssimus,
962 3551 1022 3616 tibi
1046 3551 1081 3616 ni
1103 3551 1197 3616 fallor
1249 3576 1318 3620 cam
1331 3556 1392 3621 sibi
1405 3556 1532 3620 fribami
1558 3555 1655 3620 simet
1670 3555 1876 3620 intriverunt.
1907 3553 1972 3634 Sic,
1992 3555 2038 3623 sie
2056 3579 2077 3622 a
2096 3559 2217 3628 nostris

226 3641 351 3708 amicus
373 3648 406 3706 et
427 3647 557 3704 tuorum
587 3660 722 3724 operum
752 3638 931 3705 admirator
957 3638 1011 3720 pie
1040 3635 1195 3714 curiosus,
1248 3641 1461 3706 confodimur.
1523 3577 1614 3721 (inin
1648 3640 1756 3723 potins
1787 3640 1842 3704 isti
1874 3639 1957 3706 Zoili
1990 3641 2040 3708 sui
2071 3644 2216 3726 ipsorum

226 3723 390 3811 quondam
413 3733 450 3789 ut
471 3725 535 3790 scis
556 3735 746 3808 praeceptor
768 3745 868 3801 meus,
898 3725 984 3786 inter
1008 3722 1070 3786 alio
1094 3721 1196 3786 homi·
1247 3727 1431 3803 carnifices,
1464 3726 1582 3809 quibus
1615 3725 1722 3790 visum
1751 3733 1802 3792 est
1830 3725 1973 3792 Domino
2001 3727 2037 3792 in
2066 3737 2216 3798 nostrum

225 3833 304 3884 nem
326 3811 454 3894 rogarit
476 3809 516 3876 de
538 3817 626 3876 stetu
644 3809 777 3876 Ioannis
796 3807 963 3878 Michaelis
988 3807 1195 3892 typographi,
1247 3811 1336 3878 abuti
1358 3812 1488 3890 bonnm,
1511 3811 1644 3878 taudem
1661 3809 1743 3876 nihil
1761 3807 1853 3876 aliud
1870 3832 1968 3894 quam
1985 3834 2045 3880 suc
2063 3811 2097 3879 se
2118 3815 2217 3900 iugu-

226 3899 279 3966 cui
302 3895 412 3979 nupsit
433 3904 572 3980 cognata
598 3895 700 3978 ipsius
722 3893 835 3978 Eligit.
881 3897 990 3977 Atque
1018 3903 1055 3956 ut
1082 3893 1197 3958 incidit
1247 3897 1318 3962 lant
1338 3895 1456 3981 gladio,
1480 3903 1514 3961 et
1534 3897 1629 3962 iuxta
1650 3895 1844 3980 prophetam
1865 3897 2017 3982 incidunt
2037 3900 2217 3968 inteream

226 3981 349 4050 mentio
372 3979 412 4046 de
441 3981 567 4047 iactura
595 3979 764 4045 cniusdam
791 3980 864 4044 libri
875 3979 904 4061 ¹²)
934 3998 1018 4042 anno
1046 3979 1196 4062 proximo
1247 4004 1347 4066 qnam
1368 3981 1527 4050 foderunt
1572 3981 1676 4048 Porro
1697 4002 1794 4066 quam
1816 3983 1901 4048 mals
1920 4003 1975 4048 mc
1996 3983 2114 4050 babeat
2137 3987 2218 4054 haee

227 4065 364 4134 vixdum
386 4066 427 4132 ab
449 4087 488 4130 co
511 4066 632 4140 excusi,
660 4086 759 4148 quum
782 4063 933 4129 videlicet
960 4075 993 4127 te
1014 4063 1100 4129 foras
1121 4084 1195 4146 pro·
1248 4069 1419 4148 calumnia,
1442 4069 1468 4134 si
1489 4076 1599 4134 tamen
1618 4067 1758 4150 exprimi
1775 4067 1856 4134 satis
1897 4069 1984 4148 ussit,
2007 4079 2095 4136 certe
2116 4079 2216 4143 testa·

227 4153 312 4220 fecto
333 4173 401 4218 una
422 4173 496 4217 cnm
520 4149 811 4233 Paratianensis
834 4149 1045 4233 magistratus
1066 4149 1195 4232 suppri·
1246 4155 1367 4220 bantur
1388 4161 1422 4221 et
1443 4175 1550 4218 sermo
1572 4161 1606 4218 et
1625 4153 1724 4220 iacies
1747 4153 1834 4237 apud
1898 4155 1997 4236 ipium
2018 4156 2077 4222 tibi
2098 4157 2134 4222 in
2157 4157 2218 4226 hoc

226 4245 381 4315 meretur,
399 4239 441 4304 D.
459 4237 569 4321 Elaia
585 4256 717 4304 causam
736 4235 833 4302 anxie
849 4235 1029 4303 summati
1047 4233 1197 4305 maara
1248 4240 1493 4324 patrocinantis,
1515 4239 1569 4304 cui
1590 4260 1656 4304 non
1678 4239 1843 4306 infitiabor
1871 4238 2002 4322 quidem
2032 4249 2064 4306 te
2093 4253 2130 4308 ut
2158 4243 2217 4312 hc·

510 1389 558 1453 M.
578 1388 726 1453 Buoerus
745 1385 877 1450 nomine
897 1385 1037 1450 fratrum
1059 1385 1195 1470 Argeut.

633 1473 669 1536 in
689 1469 852 1554 prioribus
873 1470 1075 1554 subscripsit.

677 1981 753 2054 518.

494 2119 682 2187 ΤΕΧΤΟΗ
704 2117 921 2186 ΟΑΙΝῙΝΟ.

316 2293 445 2374 erueit
465 2291 543 2374 qaid
563 2291 611 2355 rei
631 2292 683 2370 sit,
703 2291 840 2372 quidque
858 2289 1044 2356 credendum
1065 2292 1094 2354 et
1114 2287 1197 2352 iadi-

226 2379 359 2446 condam
386 2378 491 2460 quoad
517 2377 671 2460 nepotiane
700 2373 866 2444 Mielraetic
889 2372 1072 2458 typographi
1097 2372 1196 2438 Gene-

227 2466 345 2542 ocneis,
373 2465 463 2528 arias
492 2461 569 2528 liber
595 2461 712 2542 aliquis
728 2461 875 2542 proximo
904 2479 985 2526 eane
1006 2478 1137 2522 cerame
1159 2478 1197 2522 cc

225 2555 351 2618 maras
373 2547 536 2614 amaram
554 2565 742 2628 suppressas
763 2545 834 2627 fait,
857 2546 902 2612 ita
922 2543 1047 2627 quidem
1067 2548 1101 2608 ut
1126 2540 1197 2606 Cet

225 2637 334 2702 cinam
355 2634 461 2715 ipsam
474 2632 566 2716 facta
582 2631 793 2714 instigatores
809 2629 858 2696 cel
878 2629 987 2698 salum
1004 2629 1197 2694 lnadotmem

225 2721 317 2790 edicti
337 2721 458 2786 diceret.

385 2889 438 2954 (ux
455 2887 621 2960 autographo
639 2885 703 2941 eod.
721 2885 823 2940 Gener.
844 2881 899 2948 111,
917 2883 962 2938 iol.
983 2881 1037 2948 13.)

312 3080 344 3143 Δ
365 3076 535 3144 Monsienr
556 3073 648 3142 Oalv.

227 4409 434 4431 ’‘fi-*m

245 4509 315 4572 598,
333 4512 362 4574 1)
382 4507 426 4563 Dc
442 4509 492 4562 tce
504 4509 599 4578 Eligis
610 4507 738 4576 Vareno
755 4507 826 4562 Mem
846 4507 945 4560 Tectcr
961 4505 1017 4562 incr
1034 4511 1117 4562 antec
1133 4521 1195 4560 cam

228 4577 345 4638 &aare
363 4583 462 4646 eperat
499 4578 569 4634 Vide
586 4577 647 4646 440,
665 4583 721 4634 act.
739 4577 764 4634 3.
948 4641 954 4654 ,

331 4651 361 4702 21
382 4645 425 4702 De
442 4645 511 4700 libro
532 4647 594 4716 ipsc
617 4653 642 4701 et
658 4646 729 4700 actm
744 4649 857 4700 amatae
874 4647 899 4696 et
915 4643 1102 4699 canaonem
1119 4643 1194 4701 circa

228 4732 290 4778 ura
313 4716 403 4788 plara
418 4715 541 4770 acuam
627 4733 646 4770 a
663 4715 703 4772 N.
721 4713 779 4768 481.
811 4709 1193 4770 demonstratamque

218 4755 322 4857 ,aare
339 4783 398 4838 car.
416 4783 493 4854 sept.
513 4783 580 4836 rere
596 4784 628 4838 a
644 4789 742 4842 aaa
759 4781 841 4837 vasa
862 4779 927 4859 sear
950 4779 983 4836 a
1005 4782 1056 4838 rae
1077 4781 1146 4836 zero
1168 4787 1194 4841 er

227 4849 885 4922 uaiddnrmr'tiasiadicacitqacmeollcoe,
909 4853 950 4902 aa
972 4851 1194 4907 mmmmm

224 4921 401 4994 permitteret.
429 4921 618 4978 aaaaramea
633 4937 731 4976 acmen
748 4919 782 4978 ab
833 4919 901 4972 itere
917 4921 1012 4974 maere
1027 4923 1193 4990 amrpctam

1248 4324 1369 4388 minem
1390 4325 1456 4389 labi
1482 4345 1587 4408 posse,
1616 4324 1700 4389 mihi
1729 4331 1838 4388 tamen
1868 4346 1935 4389 non
1963 4347 2034 4392 esse
2062 4327 2218 4395 credibile

1247 4417 1285 4474 ut
1313 4410 1347 4474 in
1377 4410 1466 4475 hisce
1493 4410 1591 4475 rebus
1613 4409 1697 4486 tuis,
1730 4409 1766 4474 in
1799 4411 1916 4492 quibus
1944 4411 1990 4476 sic
2019 4413 2153 4480 excellis
2179 4424 2218 4480 ut

1246 4496 1372 4559 nemini
1393 4494 1487 4560 facile
1514 4493 1617 4574 cedas,
1646 4494 1727 4560 adeo
1754 4495 1923 4577 pueriliter
1950 4499 2111 4564 caecutire
2139 4521 2217 4566 cen-

1246 4581 1360 4664 tingat.
1405 4579 1601 4664 Quanquam
1618 4579 1704 4663 apud
1721 4581 1871 4658 amioum,
1894 4583 2073 4652 cuiusmodi
2091 4607 2126 4650 se
2144 4605 2216 4651 esse

1245 4666 1376 4750 Eltpias
1403 4674 1515 4732 noster
1541 4685 1712 4750 nunquam
1742 4666 1883 4750 negabit,
1912 4687 1978 4732 non
2006 4689 2087 4752 opus
2116 4670 2215 4738 babe-

1346 4921 1376 4984 4)
1399 4919 1473 4990 Quin
1491 4919 1564 5001 ‚tanc
1591 4921 1645 4976 abi
1669 4921 1754 4976 catat
1777 4927 1803 4976 et
1824 4939 1973 4992 quamnam
1996 4921 2123 4980 mea
2147 4927 2173 4982 b.
2195 4929 2214 4985 l.

226 4991 307 5069 apert
323 4990 442 5062 arceat.
470 4989 608 5046 Lobotiae
624 5005 686 5060 erpo
704 5005 767 5070 cero
784 4991 1045 5069 comentcmcaoa
1055 4989 1192 5044 saraam.
1244 4991 1347 5072 Morta
1364 4984 1515 5058 adamam,
1533 5006 1585 5045 aas
1596 4990 1709 5070 'podem
1726 5007 1784 5072 aaa¹
1800 4991 1981 5061 assequatur.
2009 4991 2058 5072 Ea
2075 4995 2212 5066 amiqua-

228 5195 365 5252 aanor&

1346 5197 1376 5262 t)
1396 5192 1438 5262 Os.
1455 5195 1494 5264 Ν.
1510 5197 1572 5268 498,
1584 5202 1646 5260 μοι,
1662 5196 1689 5254 8.
1960 5283 2009 5338 52·
