4910 5974
167 282 229 344 toa
287 269 290 275 ¹
752 303 754 306 ·
1051 282 1132 345 1543
1153 278 1263 347 IUNI.
2090 289 2152 350 5⁷0

165 486 320 552 moysson
353 473 403 534 est
436 466 576 553 grande,
600 491 631 552 γ,
651 488 753 534 avons
788 488 936 551 pourveu
963 487 1004 533 en
1033 474 1134 553 ayant
1185 467 1337 532 minutim
1360 465 1525 532 Oclmnam
1551 469 1659 552 ipsum
1686 469 1886 534 haereticum
1914 490 1974 553 pro
1995 479 2153 556 suggestu

166 573 371 620 souvenance
392 551 433 619 de
450 561 561 620 vostre
578 555 701 620 saincte
717 551 924 620 inhortaoion
942 561 974 619 et
993 553 1134 620 d’autres
1185 572 1315 618 vocare:
1334 551 1452 617 deinde
1469 555 1666 618 sententiam
1682 555 1886 634 arbitrorum,
1894 557 1924 633 ²)
1944 557 1998 640 qui
2010 558 2051 622 ab
2061 557 2152 624 illus·

165 638 246 705 bons
270 659 507 723 personnages,
539 639 707 706 tellement
733 643 832 722 qu'au
857 637 1030 722 iourd’huy
1058 646 1134 704 sont
1185 638 1336 704 trissimis
1368 644 1401 703 et
1427 637 1615 705 clarissimis
1651 638 1789 706 dominis
1821 641 2076 726 protestantibus
2109 641 2152 708 ad

165 723 274 790 norris
297 731 412 807 quatre
439 723 554 790 enfans
580 746 623 790 an
648 732 776 808 respect
802 745 865 808 quo
892 723 941 788 dit
962 737 1013 790 est
1034 725 1132 790 eouba
1185 724 1413 807 transigendas
1450 723 1516 790 illic
1545 727 1782 792 controversias
1814 727 1943 792 fuerant
1973 728 2150 806 constituti,

164 810 197 876 la
217 809 308 874 main
329 807 368 876 de
389 809 523 874 maistre
544 809 714 876 Methurin
729 808 905 888 Gorderius,
927 809 1071 876 Recteur
1092 809 1132 875 de
1184 810 1347 888 recitavit,
1370 809 1427 874 ubi
1448 809 1509 876 hoo
1531 810 1618 876 inter
1639 811 1703 876 alia
1724 811 1922 890 continetur,
1944 819 1981 876 ut
2004 811 2151 878 Gerulum

165 903 276 960 nostre
297 895 422 974 esculis,
446 915 526 978 pour
547 895 578 959 le
599 895 1132 962 commencementdoleurlonde·
1184 901 1304 977 cogant
1325 895 1491 962 Mstenses
1518 895 1574 962 vel
1601 903 1724 973 tacere,
1753 897 1808 962 vel
1836 898 1996 963 rationem
2018 897 2058 962 de
2079 897 2150 964 eius

164 987 264 1058 ment,
288 987 322 1044 et
343 980 400 1047 des
421 1001 458 1045 sa
480 979 545 1046 dite
567 982 656 1046 main
677 981 751 1066 plns
773 981 877 1046 oultre
895 980 1133 1046 enteudonsles
1184 979 1395 1062 blasphemiis
1426 979 1577 1080 reddere,
1613 982 1799 1048 censuimus
1829 1004 1895 1047 non
1922 982 2150 1068 negligendam

165 1086 393 1250 pomliu'bgliesb
414 1148 554 1235 pardeua
575 1171 657 1218 vous
678 1151 767 1216 salus
788 1173 829 1216 en
851 1159 962 1216 nostra
980 1152 1134 1234 seigneur
1184 1065 2151 1235 3333}pgngpggsffinsshpqlfietacfflnpptgplhagiourcigffgpd

165 1255 244 1303 avec
255 1234 342 1302 desrr
353 1236 393 1301 do
404 1238 492 1320 prior
503 1237 661 1304 l’auuteur
672 1235 795 1303 d’ieells
806 1241 903 1320 qu’en
924 1237 1015 1314 buci,
1037 1247 1132 1318 apres
1184 1236 1284 1302 etiam
1310 1243 1349 1300 ut
1376 1236 1484 1301 aditus
1512 1257 1609 1302 sanae
1635 1238 1770 1322 piaeque
1796 1235 1959 1304 doctrinae
1984 1240 2090 1322 magis
2112 1260 2150 1306 ac

163 1321 197 1386 la
217 1321 365 1407 viotoyre
386 1323 540 1401 obtenue‚
562 1345 604 1388 en
625 1324 697 1408 ioys
719 1330 752 1388 et
772 1322 973 1388 consolation
994 1323 1132 1405 puissiea
1184 1323 1288 1405 magis
1317 1323 1459 1405 patefiat.
1501 1321 1585 1386 Nam
1615 1323 1642 1388 si
1670 1323 1809 1388 obtineri
1839 1322 2005 1389 audientia
2031 1324 2151 1407 poterit

164 1413 292 1472 renuer
313 1427 355 1472 on
376 1415 486 1475 vostre
507 1408 630 1491 prestin
652 1417 747 1487 estre,
770 1427 832 1491 que
853 1428 937 1474 nous
957 1417 1008 1472 est
1035 1407 1132 1472 chose
1183 1428 1341 1491 maguum
1362 1407 1439 1472 inde
1460 1407 1604 1474 fructum
1626 1428 1802 1490 speramus.
1830 1407 1920 1492 Ergo
1942 1429 1985 1473 ns
2006 1429 2150 1476 essemus

165 1493 240 1559 bien
263 1491 437 1559 desirable:
466 1501 499 1560 et
523 1493 602 1577 qu'il
625 1514 706 1560 vous
734 1493 844 1558 doient
865 1513 960 1576 graue
982 1493 1022 1556 de
1042 1493 1131 1575 puis·
1183 1493 1218 1556 in
1238 1513 1328 1557 mora
1341 1499 1408 1558 tum
1429 1493 1482 1576 pio
1504 1493 1604 1577 operi,
1625 1515 1691 1559 non
1712 1500 1840 1558 tantum
1857 1493 2065 1577 permisimus
2078 1492 2151 1560 (lol-

164 1585 332 1643 santrnent
363 1577 515 1662 prsscher
540 1579 723 1663 l'evangille
745 1579 785 1643 de
806 1577 920 1644 Christ
941 1576 1063 1643 dedans
1084 1577 1132 1644 les
1182 1579 1295 1662 uico,⁸)
1323 1576 1380 1644 sed
1402 1580 1500 1643 otiam
1523 1587 1651 1644 autores
1672 1578 1794 1645 fuimns
1814 1585 1853 1644 ut
1873 1577 1958 1645 hano
1979 1579 2150 1662 profectio-

164 1662 258 1730 villes
281 1662 461 1748 desquelles
482 1662 1131 1748 avonsesperancesunostreSeigneur:
1182 1683 1260 1728 nem
1297 1663 1491 1748 susciperet,
1529 1672 1566 1728 ut
1603 1685 1677 1730 eum
1699 1684 1741 1729 ne
1749 1667 1779 1748 ⁴)
1818 1665 1887 1730 eius
1925 1684 2024 1747 opera
2061 1665 2150 1732 nmio

164 1769 246 1815 vous
275 1751 387 1832 priant
413 1771 496 1816 nous
525 1749 769 1814 recommandar
790 1748 830 1814 de
852 1749 926 1815 bien
948 1749 1011 1814 bon
1034 1769 1133 1814 coenr
1182 1769 1378 1833 magnopere
1405 1749 1635 1834 indigeremus.
1679 1685 1840 1833 duperest
1860 1757 1897 1814 ut
1918 1770 1993 1815 enm
2015 1749 2149 1816 oonsilio

165 1841 276 1900 atous
292 1834 342 1901 les
358 1836 460 1902 freres
478 1835 519 1900 de
540 1855 599 1918 par
620 1833 701 1912 dela,
723 1843 797 1899 tant
818 1855 861 1898 sn
882 1835 1015 1920 general
1035 1838 1133 1916 qu’en
1183 1841 1216 1898 et
1237 1834 1412 1899 autoritate
1433 1843 1541 1900 vestra
1561 1835 1598 1899 in
1615 1855 1651 1898 re
1672 1837 1836 1918 praesenti
1857 1833 2013 1900 adiuvare
2034 1833 2149 1919 digne-

129 1924 135 1936 '
163 1919 383 2002 partioullisr,
419 1942 496 1986 sans
525 1919 628 1985 oblier
655 1926 764 1985 vostre
803 1921 888 1985 frere
924 1919 1131 1996 &anubim
1182 1919 1281 1999 mini,
1309 1918 1395 2002 quod
1423 1941 1489 1984 non
1518 1919 1674 1986 audemus
1695 1939 1715 1984 a
1734 1919 1826 1985 vobis
1843 1919 2069 1986 vehementius
2091 1941 2148 2004 pe·

163 2004 256 2070 Nous
277 2027 419 2089 pensons
440 2006 515 2072 bien
537 2027 598 2088 que
619 2005 667 2071 les
687 2005 852 2070 ministres
873 2003 917 2072 du
938 2013 1032 2071 conte
1050 2025 1133 2072 vous
1183 2010 1268 2082 tere,
1298 2005 1375 2088 quia
1402 2012 1436 2070 st
1462 2025 1520 2070 vos
1546 2004 1588 2071 ad
1609 2026 1740 2072 causam
1766 2005 1896 2089 pietatis
1927 2003 2150 2071 sustinendam

165 2091 349 2173 sscripvent
369 2091 444 2175 plus
466 2089 665 2174 amplement
692 2091 749 2157 des
775 2091 912 2156 affaires.
957 2090 1025 2172 Qui
1050 2111 1132 2156 noue
1183 2089 1335 2156 novimus
1356 2089 1435 2156 satis
1453 2090 1538 2156 ultro
1555 2110 1732 2174 propensos
1748 2109 1832 2156 esse:
1850 2097 1884 2155 et
1900 2089 2066 2156 hominem
2082 2111 2149 2156 non

166 2194 260 2241 cause
287 2197 329 2242 ne
357 2197 441 2245 vous
467 2177 549 2242 faire
575 2176 649 2259 plus
676 2175 796 2260 longus
817 2177 933 2255 lettre,
960 2198 1001 2242 en
1046 2176 1133 2241 riant
1184 2173 1369 2240 dubitamus
1385 2195 1459 2240 esse
1475 2175 1567 2242 vobis
1584 2175 1853 2254 commendatum,
1875 2196 1975 2259 quum
1997 2175 2149 2242 ecclesiae

164 2257 251 2327 Dieu
273 2283 354 2328 vous
376 2283 550 2328 conserver
576 2283 619 2326 en
645 2281 683 2327 sa
703 2261 811 2346 garde.
851 2261 903 2328 De
923 2261 1015 2327 Neuf
1087 2260 1133 2326 tel
1183 2271 1313 2326 vestrae
1334 2259 1472 2326 fideliter
1493 2260 1691 2344 aliquamdiu
1711 2260 1868 2339 servierit,
1889 2267 1923 2328 et
1941 2259 1983 2326 ad
2003 2281 2150 2326 nuscum

165 2345 196 2412 le
217 2357 298 2414 nvmo
319 2347 421 2432 Iuing
445 2351 535 2412 1543.
1184 2367 1251 2411 non
1288 2345 1417 2430 vulgari
1455 2347 1639 2412 testimonio
1671 2367 1692 2412 a
1722 2346 1815 2412 vobis
1853 2345 2008 2412 remissus
2040 2345 2148 2412 fuerit

522 2431 589 2498 Les
616 2431 692 2497 bien
714 2439 838 2497 vostros
866 2432 914 2497 lss
935 2437 1049 2514 quatro
1069 2432 1131 2495 mi·
1184 2431 1327 2496 'lantum
1349 2430 1491 2514 petimus
1511 2439 1549 2496 ut
1570 2438 1716 2497 nostram
1725 2430 1812 2497 hsnc
1832 2451 1890 2514 pro
1912 2451 2014 2515 regno
2023 2429 2149 2497 Christi

521 2517 686 2584 nistraulx
718 2515 840 2582 conscil
870 2524 904 2581 et
935 2517 1132 2582 communite
1183 2515 1391 2599 propagando
1418 2515 1624 2583 sedulitatem
1650 2515 1727 2582 boni
1756 2516 1940 2584 consulatis.
1984 2515 2078 2598 Quae
2107 2533 2150 2581 ns

582 2601 629 2668 de'
643 2601 676 2667 la
695 2601 775 2668 ville
797 2600 837 2668 de
858 2600 1077 2668 Neufchastel.
1184 2600 1229 2665 sit
1249 2601 1356 2666 inanis
1378 2610 1412 2666 et
1432 2601 1634 2668 infructuosa
1654 2623 1714 2686 per
1735 2623 1793 2669 vos
1814 2603 1964 2668 effectum
1985 2601 2027 2666 iri
2049 2602 2149 2668 conli-

1184 2685 1299 2752 dimus.
1317 2685 1443 2752 Valete.
1465 2687 1628 2754 Dominus
1640 2709 1697 2754 vos
1714 2693 1747 2752 et
1763 2687 1997 2770 rempublicam
2006 2693 2150 2754 vestram

1183 2771 1426 2858 florentissimos
1447 2791 1574 2855 semper
1598 2778 1775 2839 conservet.
1822 2771 1977 2840 Generae
2001 2771 2149 2838 181unii

1488 2939 1650 3026 Sindicil)
1672 2947 1704 3006 et
1726 2937 1870 3008 Senatus
1891 2939 2105 3009 Genevensis.

614 3111 689 3183 tto.

279 3267 488 3338 SENATUS
511 3263 806 3334 ausuvuuffis
828 3263 1028 3332 sursum

432 3367 867 3438 ARGENTORATENSI.
1628 3431 1695 3503 ⁴8⁰

167 3539 708 3712 mmfflmm
728 3536 1001 3693 mmm
1026 3543 1134 3605 “mla
1311 3567 1454 3636 uranu
1474 3568 1539 3636 su
1559 3553 1711 3638 susan
1732 3566 1796 3635 nn
1818 3550 2018 3636 ananus.

1270 3735 1309 3802 u
1329 3759 1463 3806 cmm
1483 3739 1512 3806 a
1532 3739 1643 3824 acan
1663 3739 1702 3807 a
1724 3737 1836 3806 orsu
1856 3760 1941 3822 pour
1963 3736 2018 3804 sa

163 3797 339 3923 aaut.
355 3795 930 3935 :autumnalibus
942 3793 1134 3916 ἐέἐωξὶ
1184 3828 1351 3890 eruce
1370 3844 1404 3891 ce
1423 3824 1502 3908 css
1523 3846 1545 3892 a
1565 3826 1678 3908 anas
1698 3825 1720 3890 ὰ
1743 3824 1910 3893 usuca
1930 3845 1987 3892 sur
2006 3823 2091 3890 ras

404 3935 517 3989 Paulum
534 3933 662 4002 Oelinger
679 3933 897 3998 verteutsobett.)
1185 3909 1319 3992 l'affat're
1341 3907 1455 3976 Garuli.

1564 3211 1767 3227 μ

1185 4078 1385 4150 (Biblioth'squa
1396 4077 1555 4134 dedendus.
1572 4077 1933 4150 Dxposddsnsuusritrme.
1949 4077 2148 4148 subrupto.)

163 4105 352 4194 Magnifiois
378 4105 593 4190 prudentibus
614 4109 649 4168 et
669 4103 857 4170 clarissimis
878 4102 1027 4168 Dominis
1047 4099 1134 4167 (lon-

162 4193 230 4262 suli
252 4193 446 4276 senatuique
465 4189 698 4290 Argentinensi
726 4188 839 4288 amicis
865 4188 986 4254 nostris
1007 4185 1135 4254 carissi·
1726 4249 1732 4264 ι
1908 4248 1916 4263 0
2129 4218 2132 4233 .

483 4297 546 4342 ms
567 4283 601 4342 et
620 4273 826 4340 honoram,
1185 4252 1218 4318 A
1236 4271 1305 4318 mes
1321 4249 1550 4317 treshonnorss
1571 4257 1606 4315 et
1625 4249 1840 4335 magmliques
1860 4247 2041 4333 Ssrgnenrs
2058 4247 2148 4334 Mes-

252 4413 422 4513 Mggnffioi
439 4411 614 4496 prudentes
631 4418 664 4477 et
680 4407 861 4476 honorandi
871 4407 1006 4474 Domini
1038 4407 1134 4473 miei
1268 4335 1372 4403 siem
1392 4335 1441 4402 les
1462 4332 1647 4420 Syndiques
1669 4341 1703 4400 et
1722 4334 1842 4402 eonseil
1864 4333 1904 4400 de
1925 4333 2069 4400 Genava
2125 4388 2129 4399 .

160 4501 328 4570 mnsam
349 4505 382 4564 ot
403 4497 614 4582 negaram.
655 4495 819 4577 Quoniam
839 4457 1016 4560 Ioums'
1029 4491 1134 4561 οωιωι.
1270 4471 1376 4540 aas
1397 4478 1430 4537 ω
1449 4471 1528 4555 prix
1548 4491 1607 4554 p„
1627 4469 1824 4536 Imm
1843 4476 1952 4535 nome
1974 4467 2145 4556 Seignsur,

159 4607 230 4655 ms
250 4594 361 4670 postor
382 4584 535 4652 solum
560 4589 692 4649 nostrae
713 4580 863 4664 exposuit
883 4579 977 4646 nobs
997 4579 1135 4644 Porum
1185 4554 1338 4644 suyvans
1357 4557 1405 4623 10⁵
1426 4577 1542 4642 propos
1564 4577 1685 4641 suave
1697 4552 1840 4622 ananus
1861 4553 1918 4621 de
1939 4555 2084 4640 abares
2106 4553 2146 4620 de

163 4671 279 4740 Caroli
306 4669 470 4736 doctorem
496 4668 756 4745 sorbonicum,¹)
785 4672 824 4730 ut
849 4665 945 4730 initia
971 4663 1135 4748 evangelii

160 4757 319 4824 turbaret
339 4755 426 4839 apud
447 4755 629 4831 Metenses,
651 4752 764 4818 multis
784 4747 964 4816 maledictis
985 4749 1136 4815 susciter
2126 4817 2129 4830 Ι

159 4845 312 4910 lacerus
333 4861 447 4906 omnes
463 4839 589 4906 Ohristi
605 4837 741 4904 Domini
762 4836 866 4904 nostri
886 4856 1006 4914 servos,
1028 4840 1062 4900 et
1077 4853 1136 4898 nu-
1287 4845 1319 4912 2)
1335 4847 1384 4900 dor
1401 4843 1794 4926 aucharianum-Apum
1803 4843 1949 4926 conpetere
1961 4847 2045 4923 parte
2062 4841 2145 4924 dosa

1186 4913 1638 5048 &silicibdde'brlt
1652 4912 1703 5035 ⁴1⁷⁰
1723 4912 1853 4967 ''M''
1901 4911 1942 4978 α’
1967 4917 2048 4966 ⁶⁸⁰⁸
2069 4909 2145 4966 H*

1290 5025 1319 5124 si
1335 5051 1403 5120 Res·
1420 5051 1460 5104 aa
1476 5051 1584 5106 οοωιο
1600 5050 1640 5105 1e.
1657 5055 1683 5106 e
1700 5049 1740 5104 ιε.
1758 5048 1824 5104 nm

274 5135 303 5198 4)
323 5131 372 5200 qai
388 5131 454 5185 θοοὶ
469 5130 522 5184 aut
537 5127 676 5197 reJ‘os‘ndre
693 5143 744 5181 sors
760 5127 832 5193 frdrr
849 5127 868 5180 d
886 5125 1060 5192 &trudm-
1288 5122 1318 5190 4)
1334 5121 1392 5176 sic!
1407 5119 1478 5188 lupe:
1495 5127 1577 5174 uteru
1598 5136 1631 5173 uo
1650 5119 1773 5200 (obuol).
1815 5185 1821 5198 .

180 5201 255 5265 479,
275 5202 305 5269 l)
323 5217 377 5256 son
395 5203 519 5264 corbona,
538 5199 582 5252 ein
599 5197 701 5252 doctor.
1289 5189 1320 5260 b)
1337 5191 1381 5244 dis
1397 5189 1561 5243 beeobirmer
1578 5136 1627 5242 der
1643 5187 1843 5260 geroebtrgkort
