4898 5970
162 299 222 364 ⁷05
413 353 417 360 .
1063 297 1143 358 1544
1166 295 1263 362 MAI.
2098 309 2161 374 706

246 483 379 550 Literae
407 488 543 562 vestrae,
559 487 583 567 ¹)
611 490 649 550 ut
674 504 734 568 par
763 489 849 562 erat,
877 505 1013 569 gravem
1041 503 1131 550 acer-
1182 482 1271 561 bant,
1294 481 1323 547 si
1344 481 1500 548 defuisset
1520 483 1710 566 baptismus.
1746 485 1861 571 Itaque
1882 488 1917 555 in
1938 490 2058 558 scholis
2079 491 2162 562 deli-

160 570 303 652 bumque
336 567 480 634 dolorem
512 570 605 634 nobis
638 569 835 636 attulerunt:
875 568 960 652 quod
993 590 1034 634 ax
1065 568 1132 636 illis
1182 568 1324 646 aierunt,
1344 567 1385 632 de
1402 570 1596 636 necessitate
1614 569 1728 636 salutis
1746 593 1817 638 esse
1834 572 2156 645 hocsacramantnm.

160 653 392 731 intelleximus,
412 674 514 722 noras
532 653 669 720 subinde
679 654 845 724 molestias
863 655 957 720 vobis
975 655 1131 732 exhiberi,
1182 652 1285 735 Atqui
1308 673 1367 720 nos
1390 671 1503 720 eorum
1530 654 1669 721 salutem
1693 657 1813 724 seimus
1835 662 2011 728 consistere
2033 663 2068 728 in
2089 665 2157 730 foa·

161 761 275 808 eorum
307 739 516 820 hominumt)
550 741 813 822 importunitate,
844 742 898 822 qui
932 747 1060 808 tantum
1090 739 1133 804 ad
1183 735 1260 802 dere
1281 738 1434 818 Domini,
1462 760 1526 824 quo
1553 741 1758 826 recipiuntur
1779 751 1813 808 et
1833 753 2027 829 cooptantur
2047 747 2083 812 in
2105 769 2157 816 so-

161 824 357 892 turbandam
379 825 545 892 ecclesiam
568 827 636 892 nati
658 824 821 892 videntur.
849 825 976 891 Varum
997 826 1043 892 sie
1065 833 1131 890 sta·
1184 823 1334 888 eietatem
1355 824 1469 908 populi
1491 827 1569 892 eius.
1611 827 1684 892 Hoc
1705 828 1837 910 quidem
1858 831 1971 898 foedus
1993 832 2157 918 obsignari

161 913 245 976 tuite
274 932 348 976 eum
376 910 494 975 animis
523 912 654 990 vestris,
684 933 783 993 quum
814 911 903 976 aliud
932 910 1133 994 propositum
1183 907 1345 990 baptismo
1366 910 1516 990 fatemur,
1539 911 1596 976 sed
1619 913 1665 976 ita
1686 925 1725 976 ut
1745 935 1805 996 par
1826 937 1861 980 se
1883 918 1963 982 satis
1983 919 2157 984 firmitudi·
2225 931 2229 938 “

162 997 226 1080 ipsi
252 995 410 1074 habeant,
438 1005 471 1060 at
497 996 559 1062 alio
589 997 721 1063 consilio
744 1020 763 1062 a
786 995 910 1062 Satana
939 997 1132 1075 annituntur,
1185 995 1237 1058 nis
1266 993 1400 1074 habeat,
1429 996 1556 1062 ahamsi
1585 1018 1651 1062 non
1673 997 1804 1064 accedat
1824 1001 1966 1084 signum.
2011 1001 2157 1069 Gravem

161 1083 287 1150 servire
325 1087 437 1146 tamen
470 1081 629 1160 Domino,
662 1090 700 1147 ut
731 1104 789 1165 per
821 1103 875 1148 eos
911 1103 1131 1148 exerceamur.
1185 1099 1263 1163 ergo
1283 1079 1439 1146 iniuriam
1457 1081 1582 1147 faciunt
1598 1083 1804 1165 promissioni
1815 1084 1888 1166 Dei,
1908 1090 1963 1170 qui
1980 1089 2158 1156 infantibus

162 1167 332 1250 Quantum
355 1165 512 1232 hactenus
529 1169 619 1250 potui
637 1167 810 1234 aestimare
828 1189 870 1234 ex
887 1167 1027 1250 reipsa:
1049 1167 1134 1232 sieut
1183 1185 1249 1230 non
1278 1165 1390 1232 tinctis
1411 1166 1568 1232 claudunt
1595 1169 1663 1234 eius
1691 1187 1846 1252 regnum,
1874 1193 1954 1256 quos
1980 1173 2050 1255 ipse
2080 1193 2157 1240 suos

162 1276 203 1320 ex
226 1252 362 1320 ecclesia
383 1252 665 1336 Wittenbergensi
693 1255 790 1318 fluxit
811 1254 872 1319 bac
894 1261 1006 1318 nostra
1028 1260 1134 1318 aetate
1184 1251 1417 1332 pronunciavit
1448 1259 1623 1336 antequam
1655 1265 1875 1322 nascerentur.
1920 1259 1966 1322 Et
1989 1267 2075 1324 certa
2103 1260 2159 1342 qui

161 1338 383 1423 evangelium:
403 1339 450 1402 ita
467 1339 561 1402 multi
578 1339 669 1404 illinc
687 1347 859 1422 emergunt
877 1360 942 1404 non
960 1337 1134 1405 dissimiles
1185 1335 1247 1402 hac
1276 1337 1509 1422 superstitione
1537 1345 1693 1404 tenentur
1720 1342 1880 1424 magicam
1903 1343 2159 1410 incantationem

161 1425 212 1504 iis,
235 1425 292 1508 qui
310 1423 540 1508 Hierosolyma
561 1424 638 1490 clim
660 1425 804 1508 profecti,
828 1445 1017 1507 quocunque
1035 1443 1134 1488 vene·
1184 1421 1310 1487 faciunt
1339 1442 1380 1486 ex
1413 1423 1581 1506 baptismo.
1626 1425 1753 1489 Varum
1793 1425 1954 1508 Christus,
1994 1430 2158 1513 inquiunt,

163 1519 253 1587 rant,
284 1510 450 1594 negotium
479 1510 681 1575 facessebant
703 1511 790 1576 varis
813 1509 938 1576 Christi
960 1509 1079 1588 servis,
1102 1515 1136 1572 et
1184 1509 1423 1572 renascentiam
1446 1529 1487 1573 ex
1509 1509 1627 1592 spiritu
1650 1517 1684 1574 et
1705 1531 1789 1594 aqua
1810 1514 1960 1596 postulat.
1983 1515 2037 1579 Idx
2059 1515 2160 1580 simili

162 1594 388 1662 tumultuandi
407 1595 607 1660 occasionem
624 1594 804 1679 captabant.
829 1595 903 1662 Hoc
918 1595 996 1660 facit
1011 1596 1131 1673 κακοζη-
1183 1591 1370 1676 ignorantia
1397 1595 1531 1660 emersit
1559 1594 1640 1660 haec
1666 1597 1902 1680 interpretatio.
1946 1598 2089 1680 Quidam
2117 1622 2159 1668 ex

163 1685 229 1746 tta:
260 1681 339 1746 dum
368 1687 577 1762 praepostera
606 1681 809 1746 affectatione
831 1693 993 1763 quaerunt
1014 1681 1048 1744 in
1070 1701 1133 1762 quo
1183 1678 1349 1744 veteribus
1371 1681 1504 1756 nomina
1525 1701 1627 1764 aquae
1649 1683 1933 1750 mortificationem
1959 1685 2157 1769 intelligunt

163 1766 287 1834 similes
308 1765 420 1830 haberi
443 1767 569 1849 possint
590 1766 719 1849 magnis
740 1767 834 1846 viris,
864 1775 902 1830 ut
923 1766 985 1832 sibi
1006 1785 1134 1848 quoque
1184 1763 1253 1827 Alii
1274 1764 1390 1829 volunt
1411 1786 1482 1832 esse
1500 1765 1731 1850 metaphoram.
1757 1768 1827 1852 llgo
1838 1770 2030 1854 simpliciter
2040 1791 2159 1854 aquam

162 1851 424 1936 magnitudinem
446 1851 586 1934 aliquam
609 1852 788 1917 concilient.
832 1851 957 1916 Verum
978 1851 1041 1917 hoc
1063 1859 1134 1915 tan-
1185 1855 1218 1912 et
1239 1849 1391 1932 spiritum
1419 1871 1478 1933 pro
1498 1851 1611 1916 eodem
1633 1854 1769 1935 accipio,
1799 1853 1860 1918 hoc
1888 1876 2001 1934 sensu,
2029 1857 2158 1922 renasci

163 1945 236 2003 tum
269 1945 519 2020 consequuntur,
551 1945 590 2002 ut
621 1937 717 2003 sicuti
749 1945 840 2014 sunt,
872 1937 920 2002 ite
955 1943 1136 2022 appareant
1185 1954 1246 2000 nos
1264 1943 1414 2016 oportere
1435 1957 1476 2001 ex
1503 1937 1636 2020 spiritu,
1664 1939 1721 2021 qui
1748 1961 1852 2022 aquae
1881 1941 1985 2006 officio
2008 1942 2159 2025 fungitur

163 2045 274 2088 marae
294 2023 414 2086 simiae.
446 2023 520 2087 Hoc
541 2023 613 2088 ideo
634 2023 713 2101 dieo,
736 2044 778 2087 ne
799 2022 839 2086 ab
862 2022 995 2087 ecelesia
1012 2022 1134 2086 Witte·
1186 2019 1222 2082 in
1243 2021 1338 2086 nobis
1360 2020 1539 2101 abluendis,
1569 2022 1653 2087 sicut
1682 2021 1758 2088 alibi
1781 2047 1822 2089 ax
1850 2026 1970 2108 spiritu
1992 2037 2103 2092 sancto
2125 2033 2159 2092 et

162 2109 315 2194 bergensi
344 2109 534 2190 cuiusquam
563 2109 691 2173 animus
718 2107 885 2173 alienetur.
926 2107 1010 2172 Nam
1039 2106 1135 2172 aienti
1186 2105 1271 2186 igne.
1316 2104 1489 2172 (laetarum
1523 2115 1562 2172 nt
1595 2107 1709 2174 damus
1741 2111 1812 2175 fieri
1845 2131 1882 2176 eo
1914 2111 1981 2178 loeo
2004 2110 2159 2194 baptismi

163 2194 242 2259 olim
264 2194 374 2270 Petro,
396 2193 521 2271 Iacobo,
544 2193 679 2277 aliisque
700 2193 853 2276 apostolis
871 2201 927 2258 aut
944 2193 1062 2258 nesciis
1079 2198 1137 2256 aut
1186 2191 1395 2269 mentionem,
1415 2213 1456 2256 an
1473 2192 1547 2258 ideo
1566 2199 1676 2258 tamen
1688 2195 1828 2262 salutem
1839 2196 2021 2280 alligabunt
2031 2195 2157 2280 aquae?

162 2279 424 2364 repugnantibus
456 2280 657 2344 cursitabant
687 2279 823 2362 inquieti
854 2279 901 2342 illi
935 2279 1068 2362 spiritus
1094 2277 1135 2341 ad
1187 2296 1287 2358 quum
1310 2277 1391 2342 satis
1407 2285 1542 2359 constet,
1565 2279 1711 2344 nondum
1729 2281 1775 2346 ita
1791 2281 1947 2346 usitatum
1964 2290 2042 2348 tuno
2058 2283 2158 2348 fuisse

163 2365 407 2448 impediendum
440 2363 527 2429 inter
558 2371 673 2448 gentes
706 2365 868 2448 evangelii
907 2383 1055 2428 cursum:
1090 2364 1136 2426 ita
1186 2361 1402 2445 baptismum,
1428 2364 1506 2445 quin
1534 2365 1647 2444 multi,
1676 2373 1733 2430 aut
1760 2367 1863 2431 sancti
1892 2376 1949 2432 aut
1970 2376 2158 2434 sanctorum

164 2457 253 2516 certo
276 2451 379 2516 ausim
398 2470 543 2515 asserere
557 2450 688 2515 Luthero
709 2471 777 2515 non
799 2452 907 2514 minus
929 2471 1024 2531 quam
1043 2449 1135 2513 nobis
1186 2447 1261 2525 filii,
1292 2448 1415 2530 absque
1443 2469 1481 2512 eo
1508 2451 1696 2533 migrarant.
1738 2451 1785 2516 Et
1805 2453 1859 2534 qui
1882 2454 2016 2518 fuerunt
2037 2473 2078 2518 er
2099 2475 2157 2538 pa·

164 2535 336 2620 displicere
353 2536 481 2618 ineptos
497 2536 577 2602 istos
588 2535 782 2614 Thrasones,
795 2536 851 2618 qui
862 2534 1135 2618 Wittebergansis
1186 2533 1282 2614 pistis
1303 2532 1478 2612 deterrimi,
1500 2533 1585 2600 hanc
1601 2536 1827 2602 necessitatem
1843 2539 2043 2622 martyribus
2060 2539 2159 2602 rami·

164 2619 321 2688 ecclesiae
342 2628 523 2704 praetextu,
547 2620 588 2686 ad
605 2641 658 2686 res
675 2621 757 2686 bane
775 2621 969 2686 constitutas
987 2641 1026 2684 ex
1046 2627 1135 2684 statu
1186 2624 1315 2683 serunt:
1338 2638 1440 2700 quum
1458 2618 1655 2702 baptismum
1674 2622 1844 2706 sanguinis
1867 2644 1970 2705 aquae
1997 2624 2068 2689 vice
2085 2623 2159 2690 sub-

164 2705 492 2785 snoeommcvendes,
511 2707 701 2772 abutuntur.
724 2703 1135 2788 Numquidhabetcausae
1186 2704 1371 2768 stituerunt.
1416 2704 1508 2770 Haeo
1535 2726 1630 2788 porro
1659 2727 1738 2770 sana
1760 2715 1810 2772 est
1831 2707 1992 2786 doctrina,
2015 2709 2160 2793 gratuita

164 2792 227 2858 iste
248 2791 399 2878 vester,⁸)
427 2799 465 2856 ut
492 2791 589 2856 rebus
617 2789 702 2875 apud
731 2812 788 2856 vos
810 2790 995 2874 compositis
1017 2810 1055 2854 ac
1076 2811 1135 2873 pa·
1186 2789 1250 2854 Dei
1272 2789 1457 2874 acceptione
1479 2791 1515 2853 in
1535 2790 1650 2856 foedus
1678 2791 1793 2858 salutis
1821 2801 1967 2876 receptos
1988 2815 2059 2860 esse
2078 2794 2159 2859 tide-

164 2879 246 2946 catis
278 2887 444 2944 certamen
471 2877 624 2943 moveat?
670 2877 795 2961 Litigat
816 2875 857 2940 de
878 2876 1002 2942 frivolis
1029 2876 1135 2942 nescio
1186 2873 1266 2938 lium
1287 2873 1417 2953 liberos,
1439 2874 1536 2958 idque
1555 2877 1663 2941 Deum
1685 2877 1776 2943 nobis
1793 2885 1949 2943 testatum
1966 2879 2080 2945 fecisse
2098 2878 2159 2946 hae

164 2961 281 3046 quibus
311 2983 348 3030 ac
365 2962 471 3044 ,nihili
498 2962 717 3028 caeremoniis.
763 2963 835 3028 Hoc
863 2962 993 3026 tametsi
1014 2962 1079 3026 iam
1102 2969 1136 3025 et
1186 2960 1412 3042 promissione:
1443 2961 1515 3044 Ege
1543 2981 1617 3026 sum
1644 2961 1736 3026 Deus
1764 2964 1898 3028 seminis
1924 2965 1981 3028 tui.
2025 2964 2067 3028 In
2095 2965 2158 3030 hae

163 3048 313 3131 iniquum
334 3056 368 3114 at
389 3049 531 3114 alienum
553 3069 573 3113 a
593 3049 772 3114 christiano
794 3047 926 3133 spiritu,
948 3055 1061 3111 temen
1082 3055 1135 3111 ut·
1187 3065 1265 3130 ergo
1292 3046 1504 3128 promissione
1531 3047 1798 3130 adquiescendum
1828 3049 1921 3114 nobis
1942 3057 2001 3114 est.
2045 3049 2158 3115 Huius

165 3155 294 3216 cunque
315 3143 401 3200 esset
422 3133 604 3200 tolerabile:
627 3155 743 3200 varum
764 3133 899 3198 ulterius
920 3131 1134 3216 progreditur.
1187 3131 1317 3214 quidem
1338 3132 1560 3214 promissionis
1582 3131 1726 3218 sigillum
1748 3141 1798 3198 cst
1819 3133 2012 3216 baptismus:
2036 3133 2094 3199 sed
2110 3135 2158 3200 ita

164 3219 252 3285 Nam
280 3219 410 3304 adigere
437 3241 496 3284 vos
523 3227 662 3284 conatur
689 3218 730 3284 ad
757 3240 810 3284 res
831 3239 965 3302 prorsus
993 3218 1135 3284 vitiosas.
1187 3224 1227 3282 ut
1246 3215 1304 3282 illa
1326 3238 1385 3299 par
1406 3238 1440 3282 se
1462 3217 1618 3296 sufficiat,
1640 3219 1667 3282 si
1689 3218 1864 3368 contigerit
1883 3219 1962 3284 huic
1982 3219 2158 3284 accessioni

164 3304 230 3370 Hic
252 3305 344 3371 vobis
365 3305 491 3370 sortiter
513 3305 730 3370 resistendum
752 3313 809 3370 est.
847 3301 1013 3369 Obteudat
1033 3324 1136 3386 quan·
1187 3323 1254 3367 non
1276 3302 1347 3366 dari
1368 3311 1498 3386 tempus
1519 3309 1552 3368 et
1573 3303 1688 3370 locum.
1733 3301 1778 3368 Se
1822 3303 1883 3370 hoe
1910 3324 2037 3387 quoque
2058 3304 2158 3370 simul

164 3399 237 3456 tum
259 3391 347 3456 volet
372 3411 566 3475 magnorum
586 3392 733 3456 virorum
754 3390 901 3455 nomina:
924 3391 1038 3454 scitote
1060 3410 1135 3454 eum
1187 3387 1426 3454 observandum
1449 3395 1507 3464 est,
1529 3389 1719 3454 mandatum
1742 3409 1812 3456 essa
1834 3389 2032 3472 baptismum
2054 3389 2157 3456 eccle·

164 3477 275 3542 meum
297 3477 411 3542 tacere.
445 3477 531 3541 Nam
553 3498 591 3541 ea
612 3475 784 3559 prudentia
805 3484 838 3540 et
859 3475 1022 3559 gravitate
1041 3495 1135 3557 prae·
1186 3473 1263 3552 siae,
1283 3474 1417 3556 eiusque
1438 3471 1751 3542 administrationem
1780 3474 1948 3558 alligatam
1974 3496 2044 3540 esse
2065 3476 2159 3542 verbi

166 3559 253 3628 ditus
281 3571 330 3625 est
352 3561 526 3638 Lasthenes,
554 3584 592 3627 eo
613 3563 737 3646 ingenii
759 3561 924 3638 acumina,
947 3581 984 3624 ec
1005 3559 1135 3638 iudicio,
1187 3558 1380 3624 ministerio:
1403 3559 1450 3623 ita
1466 3565 1505 3624 ιιι
1525 3570 1654 3644 separet
1674 3580 1757 3642 quae
1779 3560 1870 3626 Deus
1892 3561 2078 3641 coniunxit,
2101 3561 2157 3644 qui

165 3668 268 3730 eaque
289 3647 510 3712 moderatione
532 3648 714 3729 praeditum
738 3648 815 3712 novi
839 3645 1075 3730 Saephpiamff)
1098 3654 1136 3710 ut
1188 3664 1259 3708 cam
1288 3644 1329 3708 ad
1350 3644 1503 3710 mulieres
1530 3645 1694 3711 transfert.
1735 3645 1863 3726 Quibus
1884 3647 1987 3726 enim,
2015 3647 2157 3728 obsecro,

164 3753 233 3798 non
256 3732 401 3798 dubitem
423 3754 557 3798 manum
575 3733 668 3798 vobis
688 3733 829 3798 libenter
846 3743 1059 3814 porrecturos,
1080 3731 1135 3796 ubi
1188 3728 1311 3796 dictum
1333 3739 1395 3796 est:
1418 3731 1478 3808 Ita,
1500 3731 1674 3814 baptizate:
1698 3731 1759 3796 nisi
1782 3731 1835 3796 his
1856 3732 1972 3814 quibus
1994 3731 2070 3798 data
2091 3733 2157 3798 iam

164 3839 236 3884 rem
257 3818 340 3884 bene
362 3839 399 3884 ae
420 3819 553 3903 penitus
575 3819 738 3902 cognitam
761 3817 942 3882 habuerint.
987 3817 1136 3881 Primum
1188 3823 1260 3880 erat
1281 3813 1415 3881 docendi
1436 3823 1579 3899 potestas
1601 3825 1634 3882 et
1654 3837 1775 3881 munus
1800 3817 2027 3882 commissum?
2071 3818 2158 3882 Nam

165 3909 278 3968 tamen
301 3903 340 3968 de
362 3904 460 3970 rebus
480 3903 561 3986 ipsis
582 3905 701 3968 iterum
724 3901 839 3980 dicam,
861 3901 946 3985 quod
963 3900 1134 3968 videbitur.
1189 3899 1282 3984 quod,
1306 3908 1344 3965 ut
1365 3899 1476 3978 audio,
1503 3909 1664 3968 conantur
1684 3901 1742 3966 illa
1763 3901 1959 3984 discerpere,
1987 3901 2084 3966 nimis
2106 3909 2157 3967 est

165 3987 254 4055 Nam
276 3989 378 4054 semel
397 3991 463 4054 iam
485 3989 577 4054 vobis
599 3999 742 4052 mentem
764 4009 869 4052 meam
892 3988 1038 4071 exposui.
1187 3985 1312 4070 puerile
1333 3993 1367 4050 at
1385 3985 1565 4052 ridiculum.
1588 3985 1644 4052 Sic
1655 3987 1764 4070 itaque
1775 3990 1944 4064 constituo,
1959 3987 2156 4070 baptismum

252 4074 401 4140 Infantes
422 4098 442 4141 a
462 4074 654 4139 mulieribus
675 4073 841 4154 baptizari,
864 4093 907 4138 ex
928 4073 1068 4156 pessimo
1086 4093 1138 4137 ar·
1189 4072 1414 4151 obstetricum,
1440 4072 1574 4154 impiam
1604 4093 1674 4138 esse
1696 4073 1824 4138 variae
1845 4071 1979 4155 legitimi
2003 4070 2155 4153 baptismi

166 4180 243 4226 rore
264 4167 381 4224 natum
402 4169 459 4238 est,
481 4159 568 4242 quod
590 4159 629 4224 de
651 4179 763 4223 eorum
785 4158 890 4223 salute
913 4164 1021 4224 aetum
1042 4165 1136 4242 puta·
1187 4158 1455 4240 profanationem.
1500 4155 1597 4237 Quod
1624 4157 1652 4224 si
1673 4158 1794 4222 veteris
1822 4157 1973 4222 ecelesiae
2000 4157 2155 4222 autoritas

1189 4243 1365 4326 quaeritur,
1386 4243 1489 4307 fateor
1510 4242 1669 4326 equidem,
1693 4241 1933 4324 debaptismoa
1955 4241 2155 4324 virispriva·

1187 4329 1230 4393 tis
1248 4326 1473 4393 administrato
1484 4329 1709 4410 Augustinum
1727 4327 1930 4407 haesitarefi)
1964 4325 2156 4393 Invaluerat

191 4451 256 4514 547,
274 4451 305 4517 1)
325 4449 402 4520 Quae
418 4451 476 4504 qm,
492 4466 550 4506 ,m
567 4453 687 4515 am,
706 4446 761 4501 ,oq
773 4445 957 4500 Hermam
968 4445 1136 4501 mm„
1189 4413 1276 4480 enim
1304 4413 1370 4513 iam
1397 4413 1612 4494 consuetudo,
1639 4433 1703 4496 qua
1728 4413 1802 4495 pius
1830 4412 1891 4489 vir,
1918 4432 1990 4511 nqn·
2003 4432 2095 4478 sacua
2116 4433 2155 4480 ao

168 4521 296 4582 sanam
312 4522 369 4576 telo
386 4516 766 4588 montemtremitum
782 4515 1000 4584 amarescente
1018 4531 1083 4569 aaa
1100 4515 1138 4570 cd
1188 4500 1292 4564 bonus
1324 4496 1490 4562 interdum
1520 4505 1620 4564 nauta
1652 4505 1861 4580 tempestate,
1888 4497 2108 4580 abrrprebatur
2134 4517 2155 4564 a

169 4607 205 4648 ω
222 4605 293 4660 Μ
313 4590 455 4644 T⁰⁸⁸m⁹
472 4605 507 4643 m·
525 4588 663 4644 Im
679 4585 829 4654 tatami
842 4585 886 4648 (N.
899 4583 1138 4654 baltrammus
1188 4592 1276 4650 recto
1293 4605 1399 4650 eursu.
1422 4583 1537 4667 Neque
1554 4593 1662 4648 tamen
1683 4581 1781 4648 audet
1796 4603 1925 4665 negare,
1944 4582 2023 4666 quin
2040 4601 2154 4666 pecca·

168 4658 534 4794 Noata‘lpossnadboedfam
548 4652 943 4790 ξιπῦἑξῐᾶὦῦξῶθὲῧω
971 4721 1137 4789 mmm
1188 4677 1258 4735 tum
1276 4670 1326 4749 sit,
1346 4675 1510 4752 utcunque
1527 4675 1689 4734 extenuet.
1712 4667 1885 4734 Caeterum
1904 4666 1944 4732 de
1955 4665 2153 4747 mulieribus,

167 4796 290 4856 mm·
305 4796 417 4851 pm
433 4795 551 4851 mm,
568 4795 750 4849 abactam
772 4797 798 4846 ,q
820 4791 860 4845 ,40
881 4789 1068 4857 mm,
1090 4789 1136 4844 de-
1188 4756 1307 4838 absque
1335 4754 1402 4819 ulla
1423 4754 1612 4839 exceptione
1633 4754 1843 4819 consumtum
1871 4753 1933 4817 fuit
1953 4752 1988 4816 in
2018 4751 2153 4818 concilio

166 4866 269 4924 uacat
284 4864 428 4922 meant.
464 4863 507 4932 Gt.
527 4864 586 4920 eiua
602 4863 733 4934 ιριιιοιαι
748 4877 796 4931 ap.
814 4859 976 4916 Neadectcr
992 4859 1081 4914 Beier.
1098 4860 1136 4914 IL
1188 4839 1456 4925 Carthaginensi,
1485 4861 1527 4904 ne
1548 4839 1679 4904 omnino
1707 4838 1869 4922 baptizare
1897 4843 2113 4920 praesumant
2123 4838 2154 4915 ο)

166 4935 206 4991 ⁹⁰
221 4949 304 5068 Mb)
322 5003 382 5058 ree
399 4978 622 5071 meamea
636 4999 739 5068 amaa,
758 5003 808 5054 aaa
818 4997 969 5052 aemma
996 4993 1038 5062 ot.
1056 4995 1137 5050 ecee
1189 5014 1390 5024 ffl—

168 5074 211 5132 N'
229 5071 422 5205 wilni'brssea
440 5135 799 5219 Calciai'adflclmepfiam
815 5135 910 5190 literae
929 5133 962 5188 de
972 5132 1137 5201 munatio
1289 5129 1320 5198 b)
1336 5131 1407 5184 libro
1423 5128 1441 5182 2
1458 5133 1552 5182 contra
1569 5127 1683 5208 Epifiwl·
1701 5123 1881 5191 Parmenioni,
1899 5140 1956 5194 cap.
1975 5121 2015 5178 13.

171 5211 296 5281 scriptae
311 5211 484 5266 interimat.
522 5205 592 5262 Vade
607 5205 686 5272 mlta
702 5205 741 5260 ad
757 5204 798 5260 10.
813 5203 871 5262 oet.
888 5201 964 5260 1544.
1291 5197 1321 5264 6)
1339 5199 1448 5252 Oenone
1466 5195 1517 5252 100
1533 5195 1638 5250 ooncrlrr
1657 5195 1782 5266 Oartbag.
1799 5193 1825 5248 4.
1914 5257 1950 5314 ὦ

279 5295 387 5350 Galatas·
401 5308 493 5364 opera.
534 5291 592 5348 Vol.
608 5290 663 5344 XI.
