4898 5970
168 261 229 322 789
1011 261 1091 324 1544
1113 255 1318 330 DHOEMB.
2099 269 2162 334 790

167 447 237 530 ipse
258 465 337 510 esse.
382 441 478 525 Quod
495 444 524 510 si
541 445 662 523 lecerit,
683 444 870 529 videatque
887 445 931 511 sit
952 444 1026 512 dolo
1048 465 1137 512 rum·
1188 465 1267 528 pere
1294 465 1378 529 quae
1404 446 1446 512 ab
1475 467 1513 514 eo
1539 447 1735 514 naturaliter
1756 449 1864 528 habet,
1893 457 1934 516 ιιι
1952 471 2054 534 quum
2075 453 2162 522 alter

167 551 253 596 mam
275 530 488 614 ignominiam
511 551 679 596 erasurus.
1189 531 1260 607 det,
1293 532 1376 596 alter
1404 533 1551 612 accipiat.
1598 533 1692 598 Adde
1724 535 1809 617 quod
1832 539 2040 619 Augustinus
2074 539 2158 606 libre

252 617 442 682 Praeterea:
470 615 590 680 Nullus
619 615 744 681 habens
772 616 874 682 vitam
904 622 939 680 et
962 616 1135 682 essentiam
1188 623 1306 700 quarte
1327 617 1368 681 dc
1390 617 1551 684 Trinitatc
1572 619 1633 683 ait:
1655 620 1755 684 Pater
1771 629 1821 686 est
1842 622 2037 705 principium
2060 625 2160 691 totius

167 704 208 769 ab
230 701 294 767 alio
316 702 588 768 communicatam
609 722 647 766 ae
668 699 788 779 datam,
811 722 831 766 a
852 722 887 768 se
903 702 974 784 ipae
995 722 1066 766 esee
1088 701 1136 766 di·
1188 701 1327 768 deitatis.
1370 701 1411 768 Id
1434 715 1542 768 auteur
1565 725 1637 770 esse
1659 714 1786 788 oportet
1806 716 1865 770 aut
1885 708 2072 791 generando
2101 717 2159 775 aut

166 796 267 856 cetur.
311 786 472 862 Christus,
495 788 706 868 inquantum
726 788 828 864 Deus,
851 787 1007 852 vitamet
1027 808 1136 854 cesen-
1188 786 1351 870 spirando.
1394 788 1499 854 Nemo
1521 810 1608 864 sane,
1631 801 1760 872 praeter
1778 794 2019 875 generationem
2037 803 2071 859 et
2091 796 2159 878 spi·

166 875 246 938 tiam
273 871 314 937 ab
340 873 405 938 alio
432 873 704 937 communicatam
733 891 771 938 ao
792 870 901 937 datam
924 872 1030 948 hahet,
1060 893 1136 938 aso
1187 874 1358 952 rationem,
1380 874 1482 940 alium
1510 876 1542 939 in
1573 883 1664 958 patre
1686 877 1882 942 notionulem
1905 889 2014 944 aetum
2037 881 2158 946 consti·

166 960 236 1042 ipse
254 959 356 1042 igitur
383 979 449 1023 non
477 960 546 1023 erit
591 958 664 1023 Hoc
685 965 926 1042 argumentum,
955 957 1050 1041 quale
1078 967 1135 1038 est,
1187 967 1267 1024 tuet.
1312 957 1480 1044 Quidquid
1501 961 1602 1044 igitur
1624 962 1665 1026 ad
1686 963 1773 1026 intra
1791 972 1940 1044 poterut
1960 965 2157 1048 principium

167 1065 208 1110 ex
219 1051 278 1109 tua
291 1045 468 1128 posteriore
486 1043 676 1126 epistolaw)
694 1064 714 1108 a
733 1043 867 1110 Coruus
886 1043 944 1108 tibi
962 1043 1136 1125 aliquando
1187 1055 1347 1126 oporatur,
1367 1045 1418 1110 vel
1437 1046 1601 1130 gignendo
1617 1047 1670 1113 rel
1688 1046 1840 1130 spirando
1859 1050 1941 1131 agit:
1960 1060 1995 1114 at
2011 1050 2159 1118 divinam

166 1131 267 1196 inisse
299 1130 468 1194 obtrusum
501 1128 665 1212 intelligo,
697 1129 883 1212 ipsumque,
916 1127 974 1196 sed
1004 1131 1135 1208 frustra,
1187 1137 1337 1194 naturam
1355 1137 1448 1212 pater
1467 1152 1570 1216 nequo
1587 1143 1723 1216 generat
1742 1153 1847 1215 neque
1864 1136 1974 1218 spirat,
1997 1157 2032 1201 se
2049 1136 2158 1219 ipsum

166 1215 258 1281 nisus
286 1235 322 1280 es
348 1215 488 1280 eludere.
545 1213 699 1280 Admisso
725 1217 844 1297 quippe
873 1215 993 1280 maiore
1023 1219 1135 1297 (quatu
1186 1215 1305 1298 quippe
1328 1227 1508 1300 generaret.
1552 1217 1653 1282 Nulla
1680 1229 1787 1282 eutem
1816 1239 1869 1284 res
1898 1222 1952 1302 (ut
1979 1221 2066 1286 idem
2087 1223 2157 1288 Διι-

165 1321 263 1366 nemc
284 1302 366 1366 eitra
386 1311 499 1366 notam
516 1300 687 1366 haereseos
704 1299 877 1377 reiecerit),
899 1300 1018 1366 minori
1043 1311 1136 1366 auto·
1187 1303 1338 1385 gostinus
1360 1301 1442 1366 libro
1464 1303 1569 1385 primo
1591 1302 1632 1368 de
1654 1304 1813 1368 Trinitute
1835 1305 1896 1386 ait)
1919 1327 1953 1370 se
1974 1306 2079 1389 ipsam
2101 1327 2157 1391 ge-

164 1388 264 1452 ritote
293 1386 427 1452 Ioannis
448 1387 605 1462 firmatae,
630 1405 694 1468 qua
715 1387 775 1450 ait:
798 1383 892 1452 Sicut
917 1395 1011 1469 pater
1037 1385 1136 1451 habet
1186 1393 1287 1450 uerat
1331 1387 1432 1451 Pater
1452 1388 1555 1470 igitur
1576 1389 1642 1454 filio
1663 1399 1798 1453 aeterna
1820 1392 2038 1472 generatione,
2061 1393 2158 1475 spiri·

164 1474 268 1538 vitam
289 1472 325 1536 in
347 1479 450 1536 semet
471 1471 550 1554 ipso,
572 1473 619 1537 sie
641 1470 730 1536 dedit
748 1471 816 1536 filie
833 1472 937 1538 vitam
958 1470 1079 1536 habere
1100 1473 1134 1536 in
1186 1473 1236 1536 tui
1257 1491 1337 1536 vero
1359 1474 1536 1555 spiratione
1554 1475 1656 1540 vitam
1680 1477 1903 1540 communicat
1948 1477 2012 1541 His
2034 1479 2158 1561 astipu-

165 1565 268 1626 semu
295 1558 366 1640 ipso
395 1557 470 1634 (He.
495 1561 523 1634 5,
553 1561 617 1634 26),
640 1555 830 1640 respondes:
853 1558 1002 1622 Primum
1030 1577 1136 1639 neque
1187 1555 1273 1621 latur
1300 1558 1493 1624 Ambrosius
1521 1561 1555 1624 in
1584 1559 1764 1626 secuudum
1792 1569 1889 1642 eaput
1915 1561 1956 1626 ad
1986 1562 2156 1645 Ephesios.

164 1643 201 1708 in
234 1643 379 1709 divinam
412 1662 517 1724 neque
549 1643 583 1706 ia
616 1641 793 1706 humanam
825 1641 949 1708 Christi
982 1649 1135 1707 naturum
1186 1641 1356 1725 Voluptas,
1375 1644 1462 1708 enim
1474 1645 1587 1727 iuquit,
1606 1645 1714 1710 earnis
1732 1655 1783 1710 est
1802 1645 1983 1712 visibilibus
1993 1647 2157 1720 oblectari.

165 1728 356 1812 simpliciter
372 1736 562 1810 competere,
582 1727 638 1792 sed
656 1727 691 1791 in
710 1737 811 1792 totam
829 1747 1010 1811 personam.
1040 1727 1137 1792 Bella
1187 1736 1226 1792 ιιι
1247 1729 1406 1793 elementa
1431 1750 1514 1812 quae
1543 1731 1634 1796 Deus
1662 1731 1881 1814 gubernacula
1911 1733 2058 1798 instituit
2079 1734 2157 1800 deos

165 1815 307 1900 quidem,
330 1813 473 1878 sednon
490 1833 720 1896 usquequaque
737 1821 817 1890 tuta,
839 1834 944 1895 neque
961 1811 1136 1878 admodum
1186 1813 1335 1896 appellet,
1357 1836 1456 1898 quum
1475 1815 1536 1880 hoc
1553 1835 1671 1880 nomen
1693 1818 1751 1880 uni
1769 1815 1841 1881 Deo
1860 1816 2016 1883 debeatur
2034 1839 2156 1902 exque

165 1901 314 1986 apposita
337 1900 510 1982 responsio.
553 1899 618 1964 Hic
647 1900 734 1963 enim
757 1900 898 1982 ingenue
918 1899 978 1962 tibi
999 1899 1136 1974 fatebor,
1187 1909 1266 1963 sunt
1292 1901 1410 1976 omnia,
1441 1909 1478 1965 ιιι
1505 1902 1591 1967 sieut
1619 1901 1745 1966 nullum
1774 1902 1965 1985 participem
1995 1903 2094 1970 habet
2115 1925 2158 1970 ex
2217 1943 2221 1956 ι

165 1997 302 2070 patrem,
325 1985 500 2068 quiritem
521 2004 541 2048 a
563 1983 877 2066 semetipsohubet,
898 1985 1038 2067 quinon
1060 2003 1135 2066 par·
1187 1984 1239 2048 his
1260 1985 1295 2049 in
1318 1987 1451 2062 virtute,
1475 1987 1522 2050 ita
1543 1986 1671 2051 nullum
1694 1987 1812 2052 habeat
1834 1997 2016 2054 consortem
2038 1989 2075 2054 in
2098 2011 2157 2055 ne-

164 2073 353 2155 ticipatiene
375 2071 470 2144 vivit,
493 2069 548 2135 sed
571 2070 880 2136 incommutabiliter
908 2071 990 2136 vivit
1011 2079 1045 2135 et
1066 2090 1135 2134 om·
1187 2071 1284 2135 mine.
1336 2070 1468 2137 Christe
1498 2081 1608 2137 autem
1636 2071 1756 2138 ideirco
1783 2073 1843 2138 hoc
1869 2093 1987 2138 nomen
2009 2095 2076 2138 non
2098 2096 2158 2140 ne·

164 2158 244 2224 uino
272 2157 343 2222 vita
369 2165 427 2231 est,
455 2154 581 2221 dedisse
609 2155 676 2220 tilio
704 2157 806 2221 vitam
836 2155 955 2221 habere
976 2155 1010 2220 in
1033 2162 1138 2220 semet
1187 2164 1294 2239 gutur,
1323 2157 1401 2238 quia
1428 2157 1513 2222 sieut
1540 2159 1587 2222 eis
1616 2159 1795 2224 communis
1816 2169 1935 2224 natura
1955 2169 2006 2224 est
2027 2161 2075 2224 ita
2094 2161 2159 2226 erit

166 2243 254 2327 ipso:
277 2243 361 2307 sicut
382 2239 489 2318 habet,
512 2243 559 2307 sie
588 2251 621 2306 et
643 2240 739 2305 dedit.
764 2239 873 2322 ¹Quid
896 2243 1049 2319 interest,
1073 2241 1135 2306 nisi
1188 2249 1222 2305 et
1247 2261 1375 2306 nomen.
1418 2243 1492 2308 Hoe
1519 2252 1630 2308 tamen
1659 2243 1745 2308 inter
1770 2253 1896 2326 putrem
1926 2253 1959 2309 et
1979 2245 2083 2310 filium
2105 2247 2157 2310 in-

188 2329 250 2393 uod
273 2327 363 2393 dedit
383 2335 484 2409 pater,
506 2326 594 2392 filius
612 2325 757 2409 acecpit?
792 2325 961 2406 Quomodo
977 2328 1064 2392 enim
1083 2323 1136 2390 de·
1188 2335 1295 2406 terest,
1318 2328 1395 2410 quia
1415 2338 1509 2412 pater
1530 2349 1550 2392 a
1571 2327 1663 2392 nullo
1685 2331 1817 2410 accepit,
1847 2329 1933 2396 filius
1962 2339 2070 2396 autem
2097 2351 2157 2416 per

165 2349 215 2478 lit
241 2422 279 2479 ut
306 2420 393 2478 esset
420 2412 476 2488 sic,
505 2411 593 2476 dedit
621 2421 659 2476 ιιι
680 2411 748 2476 vita
769 2423 854 2476 esset
875 2412 909 2475 in
932 2420 1034 2477 semet
1053 2412 1134 2494 ipso.
1186 2414 1426 2494 generationem
1449 2415 1558 2478 omnia
1579 2415 1681 2497 putris
1703 2416 1834 2496 accepit,
1865 2423 1901 2477 ut
1922 2415 1957 2480 iu
1979 2417 2102 2482 virtute
2124 2425 2158 2481 et

166 2498 280 2581 Quum
298 2497 552 2568 autemdicitur:
576 2497 665 2562 dedit
681 2497 748 2561 filio
765 2497 867 2562 ritum
883 2497 917 2560 in
940 2504 1044 2562 semet
1064 2497 1134 2579 ipso
1186 2497 1369 2562 substant-ia
1390 2507 1424 2562 et
1445 2501 1577 2564 nomine
1599 2500 1681 2564 nibil
1705 2499 1805 2564 distet·
1825 2501 1913 2565 lilius
1931 2511 2068 2583 epatre.
2103 2500 2157 2568 nd

166 2585 296 2662 habere,
324 2584 389 2649 tale
417 2595 466 2648 est
487 2604 526 2648 ac
544 2583 573 2648 si
595 2583 769 2646 diceretur:
792 2582 907 2666 genuit
934 2583 975 2648 ab
1003 2589 1134 2648 aeterne
1186 2579 1266 2648 haec
1287 2603 1417 2648 rursum
1439 2584 1577 2666 quaein
1599 2585 1741 2667 primum
1764 2599 1863 2668 caput
1878 2586 1965 2650 idem
1983 2588 2158 2670 scripserat

165 2672 280 2748 filium,
300 2669 484 2754 generando
501 2671 588 2733 enim
606 2667 704 2746 dedit,
723 2667 864 2750 dumque
882 2667 1029 2751 gignitur
1046 2667 1133 2734 lilius
1186 2667 1379 2733 Ambrosius
1406 2669 1512 2734 facere
1539 2667 1702 2734 videntur.
1753 2671 1922 2736 Claritutis
1950 2683 2076 2752 tamon,
2105 2673 2158 2738 in·

166 2757 292 2839 accipit.
341 2756 430 2821 Hinc
457 2756 680 2838 Augustinus:
709 2753 810 2818 Pater
841 2753 945 2818 vitam
974 2752 1072 2818 habet
1098 2755 1134 2818 iu
1185 2753 1266 2834 quit,
1295 2765 1420 2834 patrem
1450 2763 1544 2818 vocat
1571 2763 1604 2817 et
1631 2755 1756 2820 Christi
1786 2755 1899 2834 derrm,
1927 2779 2028 2839 quum
2057 2777 2157 2826 verus

164 2851 269 2908 semet
290 2842 360 2924 ipso
381 2861 480 2924 quam
501 2839 648 2905 nemesi
670 2837 768 2912 dedit,
793 2838 1009 2904 filiusautem
1033 2840 1135 2905 vitam
1187 2838 1323 2918 Christi
1339 2848 1433 2922 pater
1461 2839 1505 2903 sit
1525 2839 1618 2904 Deus
1644 2850 1677 2905 ct
1705 2839 1785 2904 deus
1807 2851 1983 2907 creaturae.
2027 2842 2158 2910 Deinde

164 2929 200 2994 in
218 2936 322 2993 semet
339 2928 410 3009 ipso
427 2926 527 2992 habet
542 2946 640 3008 quam
657 2937 749 3008 pater
763 2921 861 2989 dedit.
897 2925 1014 3008 Itaque
1033 2945 1134 3008 quum
1186 2923 1283 3006 paule
1305 2934 1393 3006 pest:
1417 2925 1529 2988 Totius
1551 2945 1629 3008 ergo
1651 2923 1810 2990 claritatis
1831 2937 1924 3006 pater
1941 2937 2000 3004 cst,
2022 2929 2100 3009 quie
2116 2929 2156 2994 ah

164 3015 303 3081 verbum
336 3034 356 3077 a
387 3023 480 3094 patre
513 3013 659 3095 genitum
693 3010 833 3075 haesitet
859 3029 970 3087 nemo,
1003 3010 1135 3076 fatearis
1185 3011 1257 3092 ipse
1279 3019 1329 3074 est
1349 3009 1455 3074 omnis
1477 3009 1608 3075 claritas
1629 3018 1663 3075 et
1684 3019 1827 3092 potestas
1854 3021 1887 3073 et
1908 3010 2061 3094 dignitas,
2090 3035 2157 3078 nen

165 3107 303 3184 oportet,
332 3099 460 3164 seclusa
489 3097 634 3162 humana
662 3105 780 3160 natura
806 3096 915 3177 ipsum
943 3095 1007 3160 Dei
1029 3095 1134 3160 filium
1186 3094 1372 3178 generando
1401 3104 1459 3158 aut
1485 3093 1638 3178 spirando
1671 3095 1727 3160 sed
1758 3105 1856 3158 totam
1889 3097 2157 3163 communicando

164 3185 205 3250 ab
223 3193 356 3249 aeterno
374 3186 475 3248 vitem
493 3205 514 3248 a
530 3191 624 3266 petre
635 3181 830 3246 naturaliter
843 3181 1012 3263 accepisse.
1046 3181 1134 3248 Huic
1186 3191 1348 3244 naturam.
1404 3181 1509 3245 Nemo
1543 3183 1630 3245 enim
1662 3182 1792 3264 proprie
1824 3189 1975 3246 naturam
2008 3181 2155 3249 divinem

165 3279 297 3336 nostrae
324 3269 503 3334 sententiae
531 3266 760 3351 subscribtam)
783 3266 930 3331 Hilarius
958 3275 1072 3331 octavo
1095 3265 1135 3332 de
1186 3268 1330 3350 genitam
1362 3275 1420 3330 aut
1451 3266 1606 3348 spiratum
1637 3266 1766 3331 dixerit
1816 3267 1869 3331 Ex
1900 3267 1960 3346 his,
1986 3269 2019 3332 ni
2051 3268 2155 3348 fallor,

165 3356 326 3420 'Prinitate
345 3355 509 3436 inquiens:
532 3354 694 3419 Donautis
716 3352 890 3417 autoritate
918 3363 1010 3434 pater
1032 3354 1135 3418 maior
1186 3351 1366 3436 syllogismi
1388 3353 1495 3416 minor
1516 3352 1597 3417 adeo
1619 3365 1733 3434 aperta
1753 3361 1812 3430 cst,
1836 3363 1872 3416 ut
1889 3353 2054 3418 neminem
2067 3361 2156 3438 post·

165 3449 224 3520 est,
253 3440 310 3506 sed
338 3441 447 3504 minor
474 3461 542 3503 non
564 3447 615 3504 est
634 3439 721 3504 filius
742 3439 795 3503 cui
818 3457 920 3502 unum
943 3458 1013 3502 osse
1035 3436 1134 3503 dona·
1186 3437 1248 3503 hac
1259 3437 1332 3502 sine
1342 3458 1470 3502 summa
1482 3438 1679 3521 ignominiae
1690 3447 1767 3502 uota
1780 3447 1892 3521 putem
1904 3441 2154 3522 refragaturum.

164 3533 228 3592 tur.
273 3526 419 3590 Alienum
438 3524 685 3610 ethieCyrilli,
707 3525 762 3606 qui
780 3521 929 3588 utvideo
950 3523 1008 3588 tibi
1026 3524 1134 3588 minus
1271 3521 1338 3588 Sed
1360 3533 1397 3587 ut
1418 3543 1486 3588 rem
1505 3523 1610 3606 magis
1626 3523 1795 3600 illustrem,
1819 3545 1839 3588 a
1860 3537 1892 3587 te
1913 3524 1995 3588 mihi
2012 3524 2045 3588 iu
2064 3535 2156 3591 tuam

165 3626 215 3678 eet
227 3613 461 3694 suspectus22),
476 3611 672 3674 seutentiam
684 3631 724 3674 ex
738 3608 819 3674 libro
831 3609 990 3674 Thesauri
1003 3617 1132 3691 quarto:
1185 3607 1429 3690 responsionem
1453 3607 1701 3672 examinandam
1727 3629 1802 3672 mox
1833 3606 2028 3674 descensuro
2052 3631 2157 3676 unum

163 3697 281 3775 Filius,
299 3698 414 3779 inquit,
433 3695 531 3760 dante
550 3703 652 3777 patre,
673 3695 727 3778 qui
739 3696 845 3778 ipsum
859 3715 929 3760 esse
947 3693 1011 3771 dat,
1031 3693 1132 3758 vitam
1183 3715 1375 3776 responsum
1386 3695 1533 3777 optarim.
1562 3693 1672 3774 Quum
1683 3695 1807 3777 inquis:
1825 3694 1987 3774 Christus,
2005 3697 2039 3760 in
2058 3716 2157 3780 quan·

162 3781 306 3848 hebetia
324 3790 428 3848 semet
446 3782 526 3862 ipso.
559 3780 661 3845 Libro
678 3781 945 3864 quoquedecimc
962 3782 1023 3845 ait:
1042 3781 1132 3844 Dum
1184 3787 1254 3842 tum
1277 3781 1377 3856 Deus,
1399 3801 1420 3843 u
1440 3801 1476 3844 se
1493 3780 1565 3862 ipso
1582 3787 1641 3858 cst,
1662 3789 1719 3844 aut
1737 3781 1828 3845 Deus
1846 3801 1904 3862 pro
1926 3781 1998 3862 ipsa
2014 3781 2157 3847 essentia

163 3869 252 3935 lilius
284 3889 304 3932 a
336 3879 427 3954 patre
460 3867 611 3942 nascitur,
645 3867 756 3931 omnia
787 3865 990 3942 naturaliter,
1024 3867 1130 3948 ipsum
1184 3865 1328 3930 absolute
1356 3863 1567 3941 considerata,
1597 3867 1666 3930 sive
1695 3887 1760 3930 non
1783 3866 1992 3948 suppositam,
2015 3876 2073 3931 aut
2093 3886 2154 3949 pro

163 3956 262 4019 etiam
290 3975 370 4030 ease,
401 3961 538 4035 epatre
565 3950 663 4016 habet
691 3961 725 4015 ct
752 3951 825 4016 ideo
854 3951 974 4016 dicitur
998 3961 1131 4033 epatre
1184 3951 1274 4016 verbi
1303 3971 1442 4033 persona
1468 3951 1569 4032 accipi
1595 3950 1760 4034 intelligis.
1804 3950 1924 4016 Utrum
1947 3951 2036 4016 voles
2058 3951 2152 4036 elige.

162 4041 319 4124 accipere.
361 4038 435 4103 Non
457 4037 559 4120 igitur
578 4057 677 4118 quum
698 4057 763 4100 non
788 4035 885 4101 habet
905 4038 1051 4118 accipere
1072 4037 1130 4101 eli·
1183 4035 1221 4102 lii
1243 4055 1302 4119 pro
1323 4045 1442 4101 natura
1464 4056 1532 4100 nou
1553 4037 1763 4118 suppositata,
1790 4035 1865 4102 ride
1894 4057 1977 4120 quae
2003 4036 2079 4103 hine
2101 4058 2151 4103 ee-

162 4125 241 4208 quid
263 4145 284 4189 a
304 4131 395 4207 patre
417 4123 577 4189 scribitur.
622 4121 732 4186 Habet
753 4122 840 4186 enim
866 4122 976 4186 onmia
998 4129 1131 4186 natura·
1183 4130 1326 4204 queutur
1343 4121 1606 4186 inconvenientia
1617 4131 1713 4204 atque
1726 4122 1803 4204 quid
1823 4121 1899 4186 hinc
1916 4123 2028 4187 inferri
2040 4125 2150 4206 possit.

162 4209 247 4288 liter,
270 4231 370 4293 quum
392 4209 529 4274 verbum
561 4216 595 4271 et
616 4205 769 4289 splendor
798 4207 878 4272 lueis
899 4217 1056 4290 paternae
1078 4208 1129 4284 sit,
1183 4210 1230 4272 At
1258 4208 1284 4272 si
1308 4205 1416 4272 Deum
1444 4227 1503 4290 pro
1533 4207 1623 4272 verbi
1650 4227 1789 4290 pareone
1810 4206 2094 4292 (quemadmodum
2118 4221 2152 4274 et

162 4316 229 4361 uno
251 4295 319 4362 solo
340 4305 482 4377 excepto,
506 4291 590 4376 qued
612 4303 706 4376 pater
726 4313 793 4357 uon
816 4301 878 4356 est:
907 4294 1052 4373 accipere
1073 4313 1130 4357 au·
1184 4293 1306 4357 veritas
1317 4297 1427 4377 urget)
1440 4293 1540 4375 accipi
1553 4291 1678 4366 tuleris,
1691 4292 1871 4368 Christum,
1890 4302 2049 4376 quatenus
2060 4295 2152 4361 Deus

167 4387 235 4446 mm
261 4403 283 4446 a
302 4389 396 4464 patre
423 4379 567 4457 sedicit,
596 4389 634 4444 ut
654 4379 781 4443 futuras
802 4375 1039 4443 haeretieorum
1061 4378 1130 4460 opi·
1183 4389 1329 4455 estnon
1350 4400 1421 4443 esse
1441 4399 1461 4442 a
1481 4399 1517 4442 se
1538 4379 1609 4461 ipsc
1630 4377 1759 4444 fatearis
1776 4386 1913 4460 opertet
1956 4377 2051 4459 Quod
2074 4400 2152 4446 rere

165 4468 281 4532 aiones
301 4465 458 4530 radicitus
479 4471 649 4530 everteret
694 4463 777 4528 Nam
796 4462 868 4544 quis
885 4463 995 4528 emnia
1011 4464 1044 4527 iu
1063 4463 1131 4530 filie
1183 4463 1274 4529 Deus
1295 4483 1353 4545 pro
1374 4483 1514 4546 persona
1533 4463 1633 4542 verbi,
1661 4483 1760 4546 quum
1783 4461 1913 4528 dicitur:
1940 4462 2094 4530 Christus
2114 4465 2151 4532 in

165 4551 365 4636 prespiciens
397 4560 529 4634 propter
560 4547 856 4616 incommutabilem
885 4547 1130 4614 similitudinem
1182 4561 1340 4632 qnantum
1364 4549 1455 4614 Deus
1477 4569 1497 4612 a
1516 4570 1551 4614 se
1570 4549 1641 4631 ipso
1662 4561 1721 4624 cst,
1751 4549 1938 4630 accipiatur,
1965 4571 2061 4614 nemo
2083 4571 2151 4616 non

164 4645 264 4721 atque
289 4636 503 4708 identitatem.
532 4636 670 4702 eundem
698 4643 789 4718 putet
817 4644 943 4718 patrem
972 4635 1131 4700 etlilium
1183 4633 1280 4713 videt,
1299 4634 1361 4698 nisi
1374 4635 1428 4716 qui
1440 4634 1538 4698 nimie
1554 4635 1589 4698 in
1610 4633 1774 4718 theologia
1802 4644 1950 4700 versatus
1973 4645 2024 4700 est
2041 4635 2150 4702 inteli-

164 4741 236 4790 eese
259 4722 357 4806 (quod
376 4721 520 4789 Sabellio
537 4721 677 4803 accidit),
700 4721 882 4787 necessaria
899 4740 918 4783 a
935 4729 1027 4803 patre
1048 4722 1130 4784 aeci·
1182 4720 1271 4786 citer.
1316 4719 1387 4784 Hoc
1405 4721 1523 4802 quippe
1551 4728 1739 4785 concretum
1762 4721 1852 4785 Deus
1881 4741 1922 4785 ex
1944 4742 2002 4786 suo
2024 4721 2149 4806 signiti-

1181 4805 1275 4870 candi
1297 4803 1393 4868 modo
1415 4813 1468 4882 (ut
1489 4803 1632 4887 theologi
1655 4804 1763 4876 aiunt)
1786 4815 1823 4870 ut
1840 4825 1899 4888 pro
1917 4826 2054 4888 persona
2071 4827 2108 4871 su

1181 4897 1280 4973 ponat
1308 4889 1415 4968 habet,
1445 4891 1530 4955 sicut
1557 4899 1591 4954 et
1618 4889 1680 4956 hoc
1709 4891 1842 4954 nominc
1865 4889 2010 4954 hebetur.
2053 4829 2149 4958 Unde

264 5029 308 5090 20)
326 5028 468 5098 W,
1181 4995 1259 5075 vere
1280 4976 1314 5038 iu
1337 4975 1638 5075 symboloudieitur:
1668 4973 1776 5040 Deum
1805 4974 1845 5040 de
1866 4973 1947 5051 Dco,
1975 4975 2085 5074 lumen
2103 4975 2148 5079 'de'

264 5099 312 5162 2¹)
331 5101 443 5153 ascribit
462 5102 513 5166 ur).
1180 5059 1313 5159 lumine.
1358 5061 1501 5126 numeru
1529 5081 1763 5160 nonnunquam
1792 5082 1850 5144 pre
1877 5071 2019 5126 essentia
2045 5081 2148 5147 accipi

263 5165 310 5227 aa)
332 5166 418 5224 Μ,
434 5166 583 5222 „uam
599 5181 619 5218 e
634 5163 750 5218 celem
767 5165 798 5217 e„
811 5163 878 5222 aas.
895 5180 983 5235 ..μα
998 5163 1128 5218 muare.
1179 5145 1359 5226 rideamus,
1382 5155 1419 5211 ut
1439 5167 1537 5231 quum
1560 5143 1692 5212 dieitur:
1715 5143 1807 5214 Deus
1833 5157 1930 5223 creet,
1957 5145 2041 5230 qued
2069 5149 2149 5216 suh·
