4898 5970
284 282 346 346 roe
627 257 628 262 '
1109 267 1370 338 arrsrousu
1392 273 1455 336 see
2213 277 2275 341 ree
2330 348 2334 356 ,

284 468 335 532 ita
363 463 613 550 argutabantur:
644 459 683 527 si
710 481 787 544 ergo
816 465 908 544 pater
941 458 1158 526 essentialiter
1186 459 1255 524 vita
1305 465 1439 540 epatre
1468 460 1572 525 vitam
1602 460 1747 544 aeeipere
1776 466 1883 544 negat,
1906 482 1971 526 nen
1994 459 2034 527 de
2055 461 2196 526 naturali
2217 461 2276 528 sed

286 559 346 630 est,
369 559 403 616 et
421 550 487 615 filio
509 548 611 614 vitam
632 545 730 624 dedit,
753 566 821 611 non
850 545 948 610 habet
976 565 1053 629 ergo
1082 544 1254 627 aliquando
1305 545 1447 628 gratuita
1467 543 1642 612 donatione
1663 546 1830 630 intelligit:
1859 546 1977 629 alioqui
1999 547 2205 630 apertissime
2223 568 2276 612 se·

284 637 374 705 filius
396 636 512 700 vitem:
535 631 693 715 quomodo
715 653 792 716 erge
815 631 929 695 similis
952 631 1014 694 erit
1035 631 1119 712 petri
1142 631 1195 712 qui
1214 629 1254 694 ab
1305 651 1381 696 eum
1409 631 1591 713 pugnantia
1616 633 1780 710 scriberet,
1810 640 1906 714 atque
1927 633 2123 698 sententiam
2144 632 2274 714 Hilarii,

286 745 324 791 eo
346 721 479 804 reeipiat
505 717 589 802 quod
607 719 677 800 ipse
694 739 760 782 non
779 716 920 782 habeat?
954 713 1158 798 Respondet:
1182 715 1255 781 Heu
1306 716 1486 800 Augustini
1508 738 1545 782 ao
1567 718 1732 783 Ambrosii
1755 725 1868 800 (quam
1890 717 2007 783 ubido
2030 717 2151 784 divinis
2174 716 2275 784 disse·

286 815 404 886 autern,
434 807 468 870 in
491 825 526 870 se
547 806 617 886 ipso
639 803 742 867 vitam
765 803 894 878 habere,
922 801 1005 866 nihil
1034 800 1123 865 aliud
1153 800 1255 883 signi·
1306 799 1443 866 rendum
1466 810 1517 867 est
1537 822 1633 866 nemo
1655 823 1723 868 non
1745 801 1948 888 praetulerit)
1971 810 2141 868 everteret.

285 895 363 960 fieat
382 912 478 975 quam
501 889 725 954 essentialiter.
769 889 843 952 Hoo
870 885 910 951 de
937 887 1067 951 homine
1089 895 1255 969 assumpte
1391 887 1483 953 Haeo
1515 889 1659 952 animum
1692 898 1784 953 tuum
1820 887 1976 954 adeatura
2005 887 2047 952 ad
2078 889 2277 954 sententiam

285 999 382 1046 nemo
404 985 492 1042 reete
512 974 718 1039 intellexerit.
763 971 926 1039 Scribitur
947 981 1072 1036 autem:
1096 971 1194 1047 dedit,
1217 979 1256 1036 ut
1307 971 1497 1036 mutandam
1526 973 1606 1038 satis
1632 993 1703 1039 esse
1731 983 1889 1056 putarem,
1923 974 1952 1040 si
1979 995 2052 1038 eam
2082 973 2276 1058 gladiatorie

285 1061 481 1130 naturaliter
502 1081 539 1126 ao
561 1059 779 1126 essentialiter
805 1080 846 1124 ex
868 1066 962 1141 patre
983 1059 1070 1122 filius
1091 1058 1266 1140 signifiea'
1308 1057 1410 1139 (qued
1438 1059 1546 1140 aiunt)
1574 1060 1683 1124 animo
1710 1060 1795 1124 tueri
1825 1081 1890 1124 nen
1923 1060 2042 1143 pergis.
2087 1059 2207 1138 Porro,
2240 1067 2277 1125 ut

285 1159 386 1216 retur.
430 1147 505 1213 Non
533 1147 619 1210 enim
647 1154 740 1228 pater
767 1144 889 1227 aliquid
917 1143 1007 1208 dedit
1033 1144 1099 1207 filie
1120 1143 1256 1225 quasia
1307 1143 1391 1208 nihil
1419 1163 1531 1208 eorum
1558 1165 1641 1227 quae
1670 1165 1690 1209 a
1716 1152 1749 1210 te
1775 1145 1811 1210 in
1838 1146 2017 1210 novissima
2050 1153 2109 1209 tua
2140 1145 2277 1228 epistole

285 1256 322 1304 se
343 1236 414 1317 ipso
432 1233 581 1298 auferens
601 1229 778 1296 seeundum
795 1229 913 1294 leeales
935 1251 973 1295 ae
991 1228 1168 1294 divisibiles
1186 1250 1255 1294 eor·
1307 1227 1463 1312 produeta
1475 1231 1752 1296 suntiueenoussa
1763 1231 1993 1313 relinquamus,
2012 1230 2147 1296 adverte
2164 1251 2277 1312 quem·

286 1321 374 1405 poris
396 1319 578 1394 incisiones,
606 1314 662 1382 sed
691 1314 962 1398 quemadmodum
992 1315 1105 1398 planta
1126 1314 1255 1392 fruetui,
1307 1312 1481 1380 admodum
1503 1317 1552 1380 tui
1574 1316 1693 1382 oblitus
1714 1314 1888 1381 adversum
1910 1327 1943 1380 te
1964 1337 2100 1400 pugnes.
2146 1315 2277 1382 Fateris

286 1407 344 1490 qui
372 1427 413 1470 ex
440 1405 511 1486 ipsa
539 1409 597 1479 est,
624 1401 817 1466 naturaliter
849 1421 941 1466 suam
969 1401 1160 1482 qualitatem
1190 1399 1255 1476 dat,
1307 1400 1441 1466 Ioannis
1461 1403 1683 1482 autoritatem,
1704 1423 1768 1484 qua
1789 1401 1922 1467 dieitur:
1946 1401 2040 1467 Siout
2063 1408 2157 1484 pater
2177 1401 2278 1467 habet

287 1493 334 1558 sie
356 1500 389 1555 et
411 1489 477 1554 filie
499 1495 592 1570 pater
609 1487 718 1553 omnia
736 1509 795 1551 sua
813 1485 877 1550 dat.
911 1485 1038 1551 Deinde
1055 1485 1152 1568 paulo
1170 1493 1254 1568 post:
1308 1486 1409 1552 vitam
1431 1487 1466 1551 iu
1487 1495 1591 1552 semet
1611 1488 1681 1571 ipso
1703 1489 1749 1553 sio
1770 1487 1859 1553 dedit
1886 1487 1953 1552 tilio
1974 1487 2076 1553 vitam
2100 1486 2222 1552 habere
2242 1488 2278 1553 in

287 1575 394 1652 Solus,
418 1575 533 1658 inquit,
563 1595 602 1639 ea
623 1581 715 1655 pater
737 1573 857 1637 habere
879 1569 1005 1649 dieitur,
1034 1573 1070 1636 in
1098 1579 1256 1653 quantum
1307 1579 1412 1638 semet
1432 1573 1511 1655 ipse,
1534 1574 1568 1636 iu
1590 1571 1767 1638 humanam
1786 1593 1992 1657 nequaquam
2013 1583 2197 1655 eompatere
2219 1592 2278 1637 na·

287 1685 309 1729 a
329 1660 419 1727 nulle
441 1658 549 1736 habet,
578 1658 635 1725 sed
663 1659 772 1723 omnia
798 1677 881 1740 quae
902 1657 965 1723 sibi
986 1657 1179 1722 naturaliter
1206 1658 1257 1721 in·
1308 1666 1425 1734 turam,
1455 1657 1539 1741 quod
1567 1657 1688 1723 nedum
1716 1658 1830 1736 alieno,
1860 1680 1974 1726 verum
1996 1665 2029 1723 et
2049 1667 2105 1724 tue
2127 1657 2278 1741 probavi·

287 1755 365 1816 sunt
386 1746 472 1814 filius
495 1767 583 1822 suus,
614 1766 655 1809 ex
677 1765 714 1809 eo
735 1743 898 1826 prodiens,
927 1745 1135 1824 eensequitur
1161 1751 1257 1807 natu·
1308 1765 1382 1808 mus
1399 1743 1517 1808 falsum
1539 1763 1610 1810 esse
1632 1745 1825 1810 testimonio.
1869 1744 1999 1809 Deinde
2026 1745 2144 1808 rimam
2166 1763 2277 1826 reper-

205 1875 209 1881 ·
286 1833 409 1899 raliter.
453 1832 588 1896 Possem
609 1831 644 1894 in
666 1829 765 1894 huius
786 1828 969 1895 sententiae
990 1829 1183 1912 suffragium
1205 1829 1257 1892 in·
1307 1835 1402 1894 turus
1424 1827 1569 1894 affirmas
1587 1831 1623 1894 in
1640 1837 1741 1895 tetam
1759 1837 1942 1914 oempetere
1959 1850 2140 1913 personam.
2177 1827 2276 1910 Quid,

286 1919 398 1984 finitos
430 1937 534 2000 paene
566 1915 653 1982 leeos
685 1915 876 1998 produeere,
913 1935 1027 1981 verum
1064 1914 1144 1980 haee
1175 1913 1258 1977 mihi
1308 1913 1448 1991 obseero,
1471 1922 1521 1978 est
1541 1935 1682 1996 persona
1702 1915 1759 1979 illa
1781 1913 1820 1980 de
1843 1935 1908 1999 qua
1928 1916 2080 1996 loqueris,
2103 1915 2168 1980 nisi
2190 1933 2278 1980 unus

288 2005 437 2072 sufficere
458 2001 620 2068 videntur.
1309 1998 1482 2064 Christus?
1534 1999 1659 2082 Nempe
1681 2008 1754 2082 post
1774 2001 2032 2066 incarnationem
2055 2022 2141 2066 nnus
2168 2008 2221 2066 est
2247 2006 2279 2064 et

373 2088 510 2153 Homini
532 2107 611 2152 vero
639 2093 805 2169 assumpto
832 2087 887 2168 qui
909 2093 1057 2152 ereatura
1084 2091 1142 2162 est,
1171 2083 1257 2150 unde
1309 2105 1394 2149 unus
1433 2091 1559 2163 manet,
1592 2086 1713 2168 absque
1745 2085 1904 2152 divisione
1936 2087 2019 2163 nlla,
2051 2093 2279 2169 praeterquam

287 2182 322 2242 et
342 2175 446 2240 vitam
468 2173 662 2238 naturaliter
683 2171 802 2236 habere
820 2193 885 2236 non
902 2172 1018 2256 potuit,
1041 2172 1185 2255 gratuita
1202 2168 1258 2234 do·
1309 2168 1395 2253 quod
1432 2169 1495 2235 Dei
1535 2171 1638 2252 patris
1669 2171 1807 2237 verbum
1839 2178 1873 2236 et
1904 2171 2064 2254 templum
2097 2193 2117 2238 a
2148 2171 2280 2255 virgine

286 2262 420 2328 natione
448 2261 548 2324 vitem
576 2257 685 2322 datam
713 2258 858 2339 aeoipere
885 2257 996 2322 seribit
1018 2255 1171 2341 cyrillus.
1215 2255 1257 2320 In
1309 2261 1476 2339 sumptum
1502 2255 1590 2321 idem
1618 2265 1736 2322 natura
1772 2278 1838 2322 non
1866 2265 1952 2323 sunt
2007 2258 2082 2322 Non
2110 2257 2200 2322 enim
2229 2261 2280 2323 est

286 2348 437 2430 quintum
459 2345 592 2410 Ioannis
611 2343 651 2408 de
669 2343 803 2408 Christe
820 2342 955 2424 loquens
972 2341 1028 2419 ait,
1050 2341 1161 2406 omnia
1182 2339 1259 2406 data
1309 2341 1455 2407 eiusdem
1487 2342 1692 2408 substantiae
1724 2343 1824 2409 verbe
1861 2343 1925 2409 Dei
1955 2343 2050 2408 home
2079 2351 2277 2425 assumptus,

286 2433 388 2500 fuisse
409 2438 448 2495 ut
464 2429 599 2506 bomini,
623 2428 678 2510 qui
696 2448 796 2510 quum
814 2435 964 2492 ereatura
981 2427 1032 2507 sit,
1055 2427 1138 2491 nihil
1159 2425 1259 2492 habet
1309 2448 1395 2492 unus
1406 2435 1515 2490 tamen
1531 2436 1582 2493 est
1598 2448 1672 2493 eum
1690 2428 1746 2492 ille
1763 2429 1990 2494 eeniunotione
2007 2429 2177 2506 ineffabili,
2196 2427 2277 2492 ratio

287 2540 309 2584 a
329 2539 365 2584 se
386 2517 473 2600 ipso:
496 2514 685 2598 unigenitus
702 2533 781 2577 roro
799 2513 864 2578 Dei
880 2513 967 2578 filius
985 2532 1051 2577 non
1072 2513 1160 2578 vitae
1182 2533 1258 2596 par·
1281 2535 1286 2606 Ι
1309 2520 1420 2578 tamen
1442 2533 1599 2596 personae
1622 2514 1684 2588 (sie
1704 2515 1792 2580 euim
1814 2513 1902 2597 loqui
1923 2524 2035 2598 ooger)
2058 2514 2200 2592 Christo,
2224 2532 2277 2576 ra·

286 2604 400 2684 tieeps,
423 2598 480 2666 sed
501 2602 571 2664 vita
598 2597 790 2663 naturaliter
816 2605 855 2663 ut
881 2605 974 2680 pater
995 2605 1053 2664 est
1103 2597 1195 2663 Idem
1222 2598 1259 2662 in
1309 2597 1399 2663 tione
1427 2598 1517 2664 verbi
1544 2609 1694 2664 naturam
1721 2600 1926 2678 assumentis,
1958 2621 2024 2664 non
2057 2607 2196 2664 naturae
2227 2617 2279 2664 as·

286 2687 370 2753 illud
391 2686 541 2752 Ioannis:
565 2683 650 2750 (lero
672 2705 738 2748 non
759 2683 892 2767 prodest
913 2683 1097 2767 quidquam,
1121 2683 1257 2760 Natura,
1309 2690 1460 2768 sumptae
1486 2685 1647 2768 eompetit.
1690 2685 1834 2750 Proinde
1860 2685 1960 2752 hano:
1989 2685 2142 2752 Christus
2163 2704 2279 2750 seeun-

287 2773 403 2856 inquit,
425 2771 532 2836 earnis
550 2771 621 2853 ipsa
637 2789 697 2853 per
713 2789 748 2834 se
765 2769 933 2834 vivifieere
952 2790 1016 2836 non
1038 2777 1160 2852 potest:
1181 2768 1258 2852 quid
1310 2769 1388 2834 dum
1410 2769 1496 2852 qued
1515 2771 1606 2836 Deus
1635 2790 1774 2852 persona
1797 2779 1856 2848 est,
1884 2793 1980 2837 nemo
2008 2792 2074 2835 nen
2101 2769 2278 2847 admiserit,

288 2859 377 2926 enim
400 2857 504 2921 maius
523 2865 642 2922 natura
659 2852 844 2921 divinitatis
861 2854 1075 2930 haberet?³⁴)
1102 2855 1172 2921 Nee
1189 2854 1259 2920 sela
1310 2856 1440 2921 tametsi
1461 2855 1560 2920 hano:
1592 2855 1744 2922 Christus
1771 2857 1951 2922 seeundum
1976 2855 2064 2939 quod
2086 2857 2184 2921 home
2207 2875 2280 2938 per·

287 2945 325 3012 in
352 2943 485 3010 Christo
512 2963 583 3007 esse
610 2941 821 3025 intelligitur,
854 2939 913 3006 sed
939 2941 1036 3007 habet
1063 2941 1166 3007 fllium
1194 2939 1258 3006 Dei
1309 2961 1389 3006 sena
1410 2948 1468 3018 est,
1491 2941 1670 3008 oethelious
1691 2943 1773 3008 eitra
1793 2943 1992 3024 impietatem
2014 2962 2077 3006 neu
2096 2943 2140 3007 sit
2158 2940 2279 3006 admis-

287 3029 350 3099 sibi
389 3027 617 3106 eoniunetum,
657 3028 711 3110 qui
744 3026 1065 3092 eonsubstantialiter
1100 3027 1169 3092 vita
1199 3035 1257 3090 est
1309 3047 1416 3092 surus.
1461 3025 1528 3108 Qui
1545 3027 1646 3112 igitur
1662 3029 1700 3092 fit
1715 3035 1754 3093 ut
1769 3027 1905 3092 Ioannis
1922 3027 2129 3093 autoritatem
2150 3027 2187 3090 in
2205 3047 2279 3092 ver-

288 3113 429 3197 Quande
461 3113 565 3196 igitur
597 3113 762 3178 vivifieam
789 3113 941 3178 ttlrristus
972 3114 1076 3196 ipsam
1108 3111 1258 3196 appellat,
1309 3111 1388 3176 bum
1415 3120 1606 3195 oempetere,
1634 3111 1675 3178 ad
1704 3113 1788 3196 qued
1810 3121 1937 3196 speetat
1957 3113 2065 3178 earnis
2086 3111 2279 3194 assumptio,

287 3221 354 3266 non
375 3200 423 3264 ita
444 3199 492 3263 illi
514 3207 552 3264 ut
572 3197 632 3265 sibi
655 3199 724 3264 sive
751 3199 883 3282 proprie
904 3198 1033 3283 spiritui
1060 3199 1128 3264 vim
1153 3197 1257 3264 viviti-
1308 3197 1404 3263 fateri
1430 3197 1599 3275 detreetes,
1626 3220 1694 3264 non
1721 3199 1801 3264 satis
1822 3219 1986 3282 assequor,
2014 3219 2114 3282 quum
2136 3197 2170 3262 id
2193 3194 2280 3280 apud

287 3283 386 3352 naudi
408 3283 530 3349 tribuit
575 3282 630 3350 Ad
649 3281 729 3349 haee
750 3282 909 3350 aeeedunt
931 3303 1013 3366 quae
1032 3284 1068 3348 in
1097 3283 1258 3348 decimum
1309 3291 1436 3350 veteres
1457 3283 1571 3349 rideas
1593 3305 1663 3349 esse
1684 3293 1848 3350 testatum.

288 3371 466 3454 septimum
494 3369 628 3434 Ioannis
656 3379 753 3452 eaput
782 3368 956 3435 abeodem
979 3369 1174 3447 seribuntur,
1202 3369 1258 3434 ubi
1396 3367 1518 3434 Videor
1539 3370 1592 3434 hie
1613 3390 1686 3436 meo
1707 3369 1826 3436 iudieio
1847 3369 1975 3436 abunde
2001 3369 2081 3434 satis
2102 3367 2279 3433 adversum

288 3456 329 3524 de
357 3456 491 3522 Obriste
518 3455 652 3536 loquens
678 3453 781 3519 multe
810 3455 1032 3538 apertissimae
1059 3453 1258 3522 distinetioni
1308 3463 1398 3519 tuam
1420 3456 1662 3538 responsionem
1684 3455 1893 3522 evertendam
1916 3455 2049 3523 sudasse
2073 3450 2194 3540 [satis].
2225 3450 2280 3517 Ad

288 3549 422 3608 nostrae
444 3541 676 3624 patrocinatur.
721 3539 815 3620 Quae
836 3549 874 3605 ut
894 3542 996 3620 Deus,
1025 3541 1139 3624 inquit,
1162 3549 1257 3606 natu·
1308 3540 1433 3623 reliqua
1454 3541 1502 3605 tui
1530 3541 1689 3623 paradoxi
1710 3541 1870 3606 eludenda
1891 3539 2053 3624 praesidia
2075 3537 2281 3605 redeundum

287 3627 401 3694 raliter
422 3626 521 3693 habet
542 3645 679 3708 semper,
702 3633 739 3690 ut
761 3625 858 3690 homo
879 3627 913 3690 in
932 3626 1118 3694 novissimis
1136 3626 1259 3709 aeoepit
1309 3633 1367 3704 est,
1390 3647 1453 3709 que
1475 3626 1607 3692 tandem
1628 3627 1712 3692 nihil
1734 3628 1874 3710 supersit
1903 3626 1988 3709 qnod
2012 3627 2088 3690 hine
2113 3625 2149 3690 in
2171 3634 2280 3708 poste·

288 3711 497 3795 temporibus.
547 3713 632 3776 Tum
660 3710 772 3793 pausis
800 3712 979 3778 interieotis
1006 3713 1127 3796 inquit:
1162 3711 1258 3794 Quod
1309 3733 1382 3776 rum
1410 3720 1444 3776 te
1471 3711 1605 3777 haerere
1630 3725 1826 3794 permoveat.
1870 3712 2039 3778 Protulisti
2061 3721 2172 3776 autem
2193 3711 2280 3774 inter

287 3799 356 3866 filio
385 3797 498 3864 adesse
528 3795 665 3862 dieimus
693 3797 888 3863 naturaliter
915 3797 1045 3881 quidem
1073 3807 1111 3864 ut
1137 3818 1178 3863 ex
1200 3819 1258 3881 pa-
1309 3805 1438 3864 oaetere
1460 3796 1579 3880 Oyrilli
1600 3799 1792 3864 sententiam
1821 3819 1885 3882 qua
1907 3800 1966 3863 ait:
1996 3796 2092 3878 Quod
2113 3817 2188 3864 ase
2209 3796 2279 3877 ipso

287 3891 340 3950 trs
362 3891 421 3961 est,
444 3883 557 3948 datum
579 3889 687 3947 autem
710 3891 746 3946 ut
767 3882 863 3948 hemo
885 3895 948 3950 est:
973 3883 1069 3949 home
1090 3885 1176 3949 enim
1200 3905 1258 3948 na-
1309 3884 1413 3949 vitam
1440 3903 1507 3948 non
1535 3883 1634 3949 habet
1660 3905 1725 3968 quo
1754 3883 1849 3950 medo
1876 3883 2085 3966 eorreptibile
2114 3901 2181 3947 non
2207 3881 2280 3946 erit.

288 3976 365 4036 tura
391 3969 472 4034 deus
499 3987 567 4033 non
596 3974 661 4045 est,
694 3965 848 4034 Obristus
882 3977 992 4036 autem
1019 3981 1139 4034 natura
1166 3969 1258 4034 Deus
1309 3969 1475 4034 Tamais:
1496 3967 2281 4053 argumentatore)abatsurdqutohristum

288 4063 348 4133 est,
376 4054 453 4121 lieet
481 4055 580 4118 etiam
609 4053 705 4118 home
733 4073 803 4119 esse
831 4055 1034 4140 intelligatur
1065 4061 1198 4138 propter
1224 4053 1259 4118 id
1310 4075 1385 4120 ase
1405 4054 1477 4136 ipso
1505 4075 1576 4120 esse
1598 4064 1796 4138 extorqueat
1840 4055 1978 4129 Deinde,
2007 4055 2099 4137 quasi
2127 4055 2197 4119 iam
2226 4051 2280 4116 hie

288 4139 375 4225 quod
397 4161 416 4206 a
436 4139 530 4205 nobis
550 4139 733 4221 assumpsit
779 4137 938 4224 Denique,
967 4149 1004 4206 nt
1025 4149 1093 4205 tam
1113 4139 1258 4223 prolixae
1310 4140 1429 4205 fessam
1457 4147 1491 4204 st
1518 4140 1643 4205 vallum
1664 4142 1885 4223 eemperisses,
1907 4139 2067 4206 adieeisti:
2091 4141 2202 4205 Loous
2230 4142 2281 4202 ost

288 4233 366 4292 tuae
388 4224 607 4308 responsionis
627 4224 867 4308 impugnationi
894 4225 1013 4292 addam
1033 4225 1257 4308 eolophonom,
1309 4223 1425 4290 elarus.
1470 4225 1527 4290 Me
1544 4226 1678 4292 miseret
1701 4227 1757 4300 tui,
1788 4226 1923 4304 θαιιίιιε,
1946 4227 2000 4307 qui
2030 4225 2071 4291 ob
2092 4227 2281 4310 ignoratam

288 4309 421 4378 attende
448 4308 533 4393 quod
559 4309 642 4375 libro
670 4316 690 4374 4
713 4309 874 4376 Thesauri
901 4310 988 4378 idem
1014 4311 1142 4378 seribit:
1171 4311 1258 4392 Quia
1309 4308 1482 4394 eolligendi
1499 4311 1659 4376 rationem
1676 4311 1848 4398 Oyrillum,
1871 4313 1926 4395 qui
1944 4311 2005 4377 tibi
2027 4331 2123 4394 prora
2144 4320 2178 4377 et
2198 4328 2282 4392 pup-

288 4398 360 4464 vita
380 4394 560 4463 seeundum
581 4405 733 4461 naturam
755 4397 843 4462 tilius
870 4405 929 4476 est,
958 4397 1102 4480 aeeipere
1123 4417 1143 4462 a
1163 4403 1258 4479 patre
1308 4396 1360 4479 pis
1377 4404 1436 4476 est,
1455 4395 1624 4462 haereseos
1641 4409 1720 4462 nota
1736 4398 1943 4482 impudenter
1959 4397 2070 4482 pergis
2080 4395 2284 4462 insimulare.

289 4481 417 4560 dieitur,
443 4502 510 4548 non
537 4481 571 4546 in
598 4487 757 4564 qnantum
778 4481 917 4548 verbum
938 4491 996 4548 aut
1015 4485 1123 4567 imago
1144 4482 1257 4566 patris,
1309 4479 1407 4563 Quid,
1434 4481 1577 4561 obseero,
1608 4491 1657 4547 est
1679 4483 1849 4549 Christum
1875 4503 1896 4547 a
1921 4504 1956 4548 se
1984 4485 2055 4565 ipse
2077 4503 2149 4548 esse
2170 4489 2284 4548 exter·

289 4569 337 4635 sio
365 4569 453 4634 enim
482 4587 608 4650 quoque
635 4567 705 4651 ipse
732 4568 927 4634 naturaliter
955 4569 1024 4634 vita
1052 4577 1111 4647 est,
1143 4567 1257 4634 sedin
1308 4587 1416 4650 quere,
1445 4587 1543 4650 quam
1571 4576 1660 4634 oerta
1686 4567 1859 4653 eolligendi
1887 4567 1969 4652 lege,
1998 4568 2171 4634 Christum
2199 4589 2220 4634 a
2248 4585 2284 4632 se

289 4663 449 4737 quantum
470 4653 567 4718 home
589 4653 694 4719 faetus
715 4661 775 4720 est
818 4653 872 4720 Ita
892 4654 979 4721 snim
1008 4660 1102 4738 pater
1128 4661 1163 4719 et
1189 4661 1258 4719 tota
1307 4653 1378 4736 ipse
1395 4673 1475 4730 esse,
1497 4661 1554 4719 tan
1578 4675 1654 4719 uam
1672 4675 1785 4720 verum
1801 4653 1945 4720 inferre?
1981 4656 2028 4719 At
2044 4654 2117 4737 quis
2134 4673 2283 4736 pronun-

289 4740 421 4806 trinitas
454 4739 557 4804 vitam
589 4738 657 4804 filio
686 4749 720 4804 et
746 4740 871 4806 homini
898 4746 1051 4824 praestat
1096 4740 1181 4805 Doee
1203 4739 1258 4806 hie
1308 4739 1430 4804 oiatum
1453 4738 1527 4804 hoo:
1551 4675 1701 4805 duratus
1722 4748 1772 4806 est
1792 4760 1812 4804 e
1833 4761 1869 4806 se
1889 4740 1969 4823 ipso,
1993 4739 2056 4806 nisi
2073 4761 2203 4806 summe
2220 4741 2284 4804 im·

290 4825 436 4908 (tyrillus
447 4825 548 4890 vitam
560 4832 727 4908 assumpto
738 4825 863 4891 bomini
880 4846 901 4890 a
917 4834 985 4891 teta
1001 4825 1147 4890 trinitate
1164 4845 1257 4907 prae·
1308 4825 1390 4907 pius,
1411 4845 1471 4908 pre
1492 4845 1571 4890 vere
1592 4825 1745 4890 duxerit?
1784 4825 1873 4907 Quid
1900 4834 1959 4899 est.
1989 4845 2078 4910 rego,
2105 4825 2282 4892 Obrismm

290 4909 401 4975 stitam
423 4911 542 4976 fatetur
562 4911 712 4994 ingenue,
735 4911 831 4993 idque
852 4912 997 4995 gratuita
1018 4907 1190 4976 donatione
1208 4911 1258 4976 in·
1309 4930 1387 4975 ase
1413 4911 1483 4992 ipso
1511 4931 1582 4976 esse
1609 4931 1763 4988 asserere,
1792 4933 1887 4994 quam
1917 4909 2042 4978 (lhristi
2069 4918 2240 4978 aeternam
2262 4932 2284 4978 a

291 4993 419 5076 telligit,
441 4995 526 5078 qued
548 5016 644 5061 neme
664 4995 866 5062 initiabitur.
910 4997 1002 5062 Dum
1023 5015 1101 5061 vero
1120 4995 1257 5063 verbum
1308 5003 1402 5079 patre
1429 4996 1674 5080 generationem
1700 4995 1843 5081 negare?
1887 4997 1934 5064 Et
1960 5004 1999 5063 ut
2026 4996 2160 5064 tandem
2192 4999 2281 5084 quod

394 5177 440 5242 34)
459 5180 528 5246 Quid
547 5183 616 5234 enim
633 5189 745 5236 naturas
764 5183 914 5238 divinitatis
932 5184 1066 5239 haberat?
1085 5187 1137 5249 (α).
1281 5147 1285 5209 i
1412 5179 1458 5246 35)
1477 5183 1692 5250 Argumtnissbm'
1708 5186 1759 5252 (“)¹
