4870 5978
1083 247 1344 318 EPISTOLAE
1367 253 1536 316 tet-468

313 259 374 322 539
2243 253 2301 314 540

311 445 346 509 in
375 459 546 509 commune
574 445 613 504 ut
638 438 789 505 consulas
818 459 905 523 rogo.
949 438 1040 503 Dum
1066 445 1174 504 autem
1201 437 1283 503 lauti
1335 439 1390 504 (ΕΧ
1408 438 1495 492 Rem
1512 435 1742 492 tfflffi‘wtfflflt'·
1758 454 1784 506 t>-
1797 433 1857 502 2⁷9.
1876 437 1954 490 Iem-
1973 453 1999 506 p.
2018 434 2059 502 89,
2077 435 2183 490 Hw-
2201 443 2229 506 p.
2244 433 2300 506 1⁰⁰.

310 529 360 594 illi
380 526 483 592 nostri
511 525 685 607 epicureoli
707 523 886 610 dequibus
914 523 1108 608 scripseram
1130 523 1283 589 desinunt
1352 535 1355 540 “
1430 505 1535 560 ⁰¹¹⁰¹¹⁰l
1553 521 1579 575 P·
1597 503 1656 570 ³⁸⁴2
1675 506 1763 559 ml·
1782 522 1809 574 Ρ·
1828 503 1886 572 ¹⁷4·
1906 505 1986 574 ⁰⁰¹9·
2004 505 2063 559 Μ
2082 503 2116 558 V·
2136 503 2208 570 ¹⁰⁷³

310 613 404 679 nobis
430 609 598 696 negotium
624 609 792 690 facessere,
825 609 932 676 subito
961 609 1075 674 oborta
1107 617 1157 674 est
1188 609 1283 674 nobis

310 719 397 764 nora
418 695 577 780 quaedam
597 697 805 778 persequutio
831 704 928 778 atque
949 695 1125 761 calamitas.
1169 694 1283 760 Nostri
1419 693 1472 758 Ex
1494 691 1651 758 nundinis
1672 691 1999 759 Francfordiensibus
2025 693 2161 776 epistola
2189 691 2231 758 ad
2253 714 2303 758 me

311 781 573 868 Χριστομιὶστιγες
602 779 733 845 tandem
755 782 899 846 furorem
928 799 1025 846 suum
1046 779 1082 844 in
1103 779 1283 863 parochum
1334 785 1393 844 tna
1410 778 1603 844 transmissa
1624 785 1683 856 est,
1706 779 1855 862 exempla
1872 799 1950 844 vero
1968 777 2046 842 editi
2067 778 2179 862 scripti
2196 779 2220 863 ¹)
2240 800 2304 844 non

310 869 472 952 quendam
494 874 625 931 nostrae
646 865 745 945 urbis,
758 870 787 942 ⁴)
813 867 923 930 virum
943 863 1066 930 bonum
1087 875 1122 930 et
1141 865 1282 943 fidelem,
1335 873 1412 930 aunt
1433 863 1541 940 allata,
1571 863 1697 928 tardius
1725 864 1812 928 euim
1834 863 2084 929 Francfordiam
2112 863 2215 928 allata
2235 865 2303 930 fue-

310 954 403 1021 verbi
415 953 552 1018 Domini
569 951 672 1017 fidum
689 971 727 1016 ao
748 957 1011 1034 perseverantem
1028 950 1283 1034 praedicatorem
1334 959 1418 1016 rant.
1462 949 1582 1014 Postea
1608 949 1786 1032 Bounae²)
1815 949 1902 1032 apud
1930 949 1972 1014 D.
2002 947 2162 1014 Baceram
2190 959 2305 1016 neotus

311 1047 530 1106 excreuerunt
550 1057 689 1120 eumque
710 1037 832 1103 carceri
853 1037 1095 1119 manciparunt,
1124 1057 1192 1100 non
1214 1037 1283 1100 sine
1335 1035 1530 1118 exemplum,
1562 1032 1629 1100 vidi
1655 1032 1705 1110 nir
1732 1033 1943 1118 npoapa‘nqcn
1970 1033 2106 1112 adme,
2135 1045 2169 1100 et
2198 1036 2304 1100 subito

311 1146 434 1209 magna
455 1123 552 1208 (mihi
579 1121 687 1198 crede)
715 1130 934 1204 κατηχουμένων
960 1123 1094 1187 iactura
1137 1121 1284 1187 Ecclesia
1334 1121 1453 1186 bonam
1485 1125 1611 1202 partem
1644 1119 1874 1203 disputationis
1906 1119 2022 1186 evolvi.
2068 1119 2165 1200 Quod
2197 1128 2305 1188 autem

311 1213 384 1278 sine
405 1209 645 1274 intermissione
666 1215 747 1287 orat,
774 1207 915 1274 necdum
943 1208 1014 1291 quis
1042 1207 1090 1272 rei
1111 1207 1220 1272 exitus
1241 1206 1284 1272 sit
1335 1206 1511 1272 honorifico
1529 1205 1713 1270 testimonio
1736 1207 1872 1283 ornaris,
1894 1204 1984 1270 etde
2006 1211 2077 1270 tota
2097 1227 2143 1284 re,
2165 1227 2234 1270 non
2255 1229 2304 1272 so·

311 1295 444 1361 futurus
473 1295 631 1360 eoniicere
658 1293 742 1358 lieet.
787 1293 879 1358 Haeo
908 1314 961 1358 res
986 1293 1074 1359 enim
1100 1292 1142 1357 ad
1163 1291 1284 1356 multos
1334 1291 1404 1356 lum
1424 1291 1489 1374 pie,
1517 1290 1574 1356 sed
1596 1291 1694 1356 etiam
1716 1290 1904 1374 eloquenter
1925 1289 2126 1368 disserueris,
2155 1289 2196 1356 de
2218 1302 2303 1358 utra·

312 1389 434 1447 manat.
478 1379 540 1444 Ille
567 1385 695 1462 praeter
723 1378 758 1445 id
786 1376 871 1462 quod
897 1377 983 1443 fidus
1011 1387 1081 1442 erat
1101 1377 1195 1442 verbi
1216 1377 1283 1442 Do·
1335 1398 1398 1460 que
1423 1398 1468 1456 re,
1502 1375 1653 1442 videlicet
1684 1375 1724 1442 de
1751 1398 1824 1442 mea
1856 1375 2065 1460 gratitudine,
2098 1387 2133 1442 et
2163 1375 2205 1442 de
2236 1379 2304 1460 ipsa

313 1467 394 1532 mini
423 1465 593 1548 interpres,
625 1485 773 1529 summus
802 1463 885 1528 mihi
913 1471 1010 1546 atque
1042 1464 1176 1528 intimus
1204 1471 1283 1540 erat,
1336 1461 1553 1544 disputatione
1574 1481 1684 1526 coram
1706 1483 1774 1540 uos,
1797 1471 1840 1548 ιιι,
1856 1462 1941 1528 soliti
1963 1483 2076 1527 sumus
2093 1462 2222 1545 quoties
2243 1486 2303 1528 una

313 1550 500 1634 dudumque
530 1549 627 1614 simul
656 1539 832 1616 amicitiam
860 1549 1052 1626 inieramus,
1080 1568 1163 1631 quae
1192 1547 1285 1613 bonis
1336 1549 1470 1626 fuimus,
1498 1547 1623 1628 prolixe
1655 1547 1791 1630 colloqui
1820 1568 1913 1631 posse
1941 1548 2095 1630 optarim:
2129 1549 2190 1614 etsi
2219 1551 2303 1614 enim

312 1637 480 1720 auspicata
501 1635 604 1699 initiis
626 1655 744 1718 nempe
766 1640 898 1718 propter
914 1635 1050 1699 verbum
1071 1633 1187 1699 iisdem
1209 1633 1285 1699 hae·
1336 1641 1464 1698 tantum
1486 1631 1539 1697 vel
1565 1633 1689 1714 ingenii
1719 1633 1773 1698 vel
1801 1631 1967 1700 doetrinae
1988 1633 2069 1696 mihi
2095 1654 2162 1698 uon
2192 1655 2302 1718 arrogo

312 1730 410 1788 tenus
431 1720 603 1788 coaluerat.
616 1721 645 1798 ⁶)
688 1721 829 1802 Propter
854 1720 947 1784 illum
975 1719 1188 1785 vehementer
1213 1739 1286 1784 sum
1337 1729 1497 1802 quantum
1520 1717 1647 1796 tribuis,
1671 1728 1704 1784 et
1721 1739 1780 1784 nos
1801 1718 1963 1801 imprimis
1983 1719 2019 1782 in
2037 1717 2172 1784 ecclesia
2189 1741 2302 1804 agnos-

313 1815 494 1874 commotus
516 1815 614 1888 atque
634 1806 682 1869 ita
703 1804 914 1890 defatigatus,
942 1805 1055 1871 utrix
1078 1805 1223 1870 animum
1245 1804 1286 1868 ad
1337 1824 1410 1870 cere
1438 1802 1692 1870 imbecillitatem
1720 1811 1868 1870 nostram
1895 1803 2000 1870 decet:
2029 1811 2140 1870 tamen
2168 1803 2302 1872 benevo-

314 1892 524 1958 soribendum
554 1891 717 1974 potuerim
749 1891 936 1956 instituere:
969 1889 1026 1956 sed
1055 1891 1116 1955 boo
1144 1889 1287 1953 maxime
1338 1887 1439 1954 lentie
1459 1909 1537 1972 erga
1558 1909 1610 1952 me
1632 1897 1691 1954 tua
1707 1888 1920 1956 vehementer
1937 1889 2078 1955 delector
2095 1888 2216 1972 tibique
2234 1911 2304 1974 gre-

315 1977 358 2044 ad
375 1976 583 2044 scribendum
600 1977 806 2042 confirmavit
822 1975 907 2058 quod
925 1983 958 2041 te
974 1974 1129 2040 idoneum
1146 1976 1287 2040 amioum
1338 1975 1420 2040 tiam
1441 1974 1558 2050 habeo,
1586 1974 1672 2057 quod
1699 1975 1735 2040 in
1757 1975 1878 2057 scripto
1906 1975 2072 2040 luculento
2095 1984 2253 2058 tanquam
2272 1977 2303 2040 iu

315 2062 513 2137 existimavi,
532 2063 566 2125 in
584 2062 676 2127 euius
692 2061 801 2126 sinum
812 2081 922 2126 meum
934 2061 1022 2126 hunc
1034 2060 1177 2126 dolorem
1189 2059 1287 2144 depo·
1337 2059 1459 2125 illustri
1485 2061 1622 2142 positam
1650 2059 1721 2126 loco
1742 2069 1873 2126 exstare
1900 2061 2171 2144 significationem
2191 2063 2304 2126 amoris

314 2169 438 2214 nerem.
469 2147 543 2211 Hao
559 2165 658 2212 eausa
674 2148 720 2210 ita
739 2146 914 2229 derepente
930 2145 1092 2212 obturbati
1109 2166 1233 2224 sumus,
1249 2153 1288 2210 ut
1338 2166 1418 2229 erga
1437 2165 1491 2210 me
1518 2145 1569 2208 tui
1596 2145 1741 2212 voluisti.
1786 2146 1929 2211 Gratum
1951 2146 2033 2210 mihi
2056 2155 2090 2211 et
2116 2144 2199 2210 illud
2219 2147 2304 2212 testi·

315 2237 416 2299 etiam
433 2233 527 2299 nobis
548 2231 628 2314 ipsis
649 2229 855 2297 defuerimus.
891 2229 959 2296 Sed
976 2251 1043 2295 non
1060 2230 1287 2296 deiuitDomi-
1338 2231 1485 2296 monium
1518 2237 1613 2295 tuum
1652 2252 1723 2298 esse
1754 2231 1896 2314 ingenue
1927 2232 2039 2308 fateor,
2072 2230 2159 2314 quod
2191 2253 2244 2297 me
2274 2239 2304 2296 et

314 2341 388 2399 nus,
410 2339 471 2384 nee
493 2317 605 2382 deerit.
649 2317 787 2382 Interim
808 2315 1030 2382 indesinenter
1045 2315 1234 2400 rogabimus
1251 2323 1289 2381 ut
1338 2337 1449 2382 amare
1470 2323 1504 2381 et
1524 2337 1680 2398 quaerere
1709 2317 1952 2400 simplieitatem
1974 2315 2062 2382 dicia
2107 2315 2194 2382 Nam
2215 2337 2304 2400 prae-

316 2410 472 2488 exsurgat
489 2403 560 2487 ipse
577 2401 1032 2468 oausamsuamiudieatums.
1068 2401 1145 2466 Non
1156 2421 1287 2485 possum
1339 2401 1448 2468 dicare
1479 2402 1565 2466 bona
1597 2403 1794 2470 conscientia
1820 2423 1953 2486 possum
1980 2401 2082 2468 fuisse
2110 2401 2172 2467 hoc
2198 2423 2304 2468 meum

315 2509 404 2554 nuno
432 2488 504 2554 aliis
531 2486 571 2552 de
598 2488 695 2553 rebus
724 2488 764 2552 ad
793 2495 826 2551 te
854 2487 1003 2554 scribere.
1047 2486 1146 2566 Vale,
1173 2495 1207 2552 et
1234 2509 1287 2552 me
1338 2487 1492 2566 studium,
1522 2507 1623 2570 quum
1651 2489 1746 2554 initio
1774 2489 1892 2554 harum
1927 2487 2171 2554 contentionum
2204 2487 2307 2552 multa

317 2594 455 2658 semper,
477 2581 514 2638 nt
534 2572 623 2651 iacis,
644 2593 726 2638 ama.
763 2573 850 2638 Tuas
868 2593 926 2657 pro
947 2573 1041 2640 nobis
1058 2593 1171 2658 preces
1188 2573 1286 2640 vehe-
1338 2573 1502 2639 horridius
1519 2581 1553 2638 et
1569 2573 1754 2640 intricetius
1771 2571 2024 2656 disputarentur,
2047 2581 2085 2637 ut
2100 2593 2306 2656 excerperem

317 2665 445 2725 menter
466 2659 565 2724 etiam
585 2665 682 2744 atque
703 2658 803 2724 etiam
825 2679 914 2743 rogo.
927 2659 958 2736 θ)
1338 2679 1392 2724 res
1413 2657 1521 2736 utiles,
1543 2678 1664 2742 easque
1684 2681 1726 2724 ex
1747 2659 1805 2724 illa
1827 2657 1967 2757 ealigine
1984 2658 2133 2724 evolutas
2150 2667 2308 2758 quantum

933 2789 1023 2862 ΜΒ
1045 2794 1199 2878 0²P¹²i¹²²
1337 2743 1798 2914 liiilul'ldii‘lslilll
1820 2743 2308 2912 fildlsstliia‘ilefflll

1337 2923 1372 2980 et
1392 2913 1503 2998 ἄσοφον
1530 2915 1564 2978 τὸ
1586 2914 1627 2996 μὴ
1649 2914 1759 2999 capis:
1793 2936 1853 2981 nee
1879 2913 1962 2980 nihil
1983 2915 2120 2997 periculi
2141 2915 2209 2980 adil
2231 2913 2309 2980 (lum

1337 2999 1497 3084 quaedam
1535 3000 1677 3083 praecidi
1717 3001 1971 3084 confragosiora:
2012 3001 2133 3066 retinui
2166 3021 2245 3066 vero
2277 3007 2308 3066 et

1336 3085 1502 3152 illustravi
1519 3087 1620 3165 utilia
1643 3087 1730 3170 qnod
1748 3095 1858 3151 tamen
1877 3085 2061 3152 verecunde
2077 3087 2149 3165 feei,
2172 3107 2215 3152 ne
2237 3085 2310 3151 irri-

1336 3172 1415 3238 tetis
1436 3171 1734 3250 vehementioribus
1754 3171 1906 3256 ingeniis,
1934 3169 2109 3238 discordias
2132 3173 2240 3256 magis
2260 3169 2310 3236 in·

1336 3258 1548 3322 flammarem.
1600 3258 1682 3323 Fuit
1714 3258 1803 3322 enim
1835 3256 1898 3324 hoo
1930 3277 2057 3340 qnoque
2088 3255 2170 3324 mihi
2202 3277 2310 3334 curae,

1337 3350 1495 3422 nostrum,
1517 3341 1580 3410 hoo
1601 3349 1660 3422 est,
1683 3343 1837 3410 ecelesiae
1858 3362 2053 3408 consensum
2074 3342 2110 3408 in
2130 3343 2310 3410 maioribus

1337 3429 1445 3496 causis
1471 3433 1510 3492 ut
1537 3435 1657 3494 tuerer.
1702 3427 1800 3495 Vides
1827 3429 1916 3492 enim
1945 3449 2045 3510 quam
2073 3427 2198 3494 multae
2231 3428 2310 3496 aliae

1338 3533 1454 3579 causae
1474 3513 1667 3580 utilissimae
1688 3520 1795 3580 motae
1817 3514 1899 3579 sint:
1921 3519 1958 3578 ut
1980 3521 2091 3578 autem
2113 3513 2239 3580 ducum
2261 3534 2312 3578 ars

1338 3607 1389 3664 est
1414 3598 1538 3666 leviora
1559 3605 1593 3664 et
1615 3600 1749 3684 πάρεργα
1776 3598 1943 3664 interdum
1964 3598 2158 3683 relinquere,
2186 3621 2230 3664 ne
2250 3599 2312 3664 im·

1337 3682 1511 3766 pediautur
1532 3685 1568 3748 in
1590 3684 1823 3769 persequendis
1843 3685 2049 3764 necessariis,
2078 3685 2126 3750 ita
2145 3684 2240 3751 nobis
2262 3683 2313 3746 vi·

1338 3768 1482 3919 gendum
1520 3779 1571 3836 est
1609 3769 1649 3836 de
1687 3772 1805 3854 quibua
1842 3771 1940 3836 rebus
1971 3771 2114 3836 maxime
2154 3769 2314 3836 dimican-

1361 3875 1417 3919 um
1438 3855 1490 3920 sit

402 2965 501 3066 Minq
518 2965 560 3030 ad
576 2972 610 3030 te
626 2963 821 3117 aapdpsacn
838 2966 1068 3067 nonnullorum
1082 2967 1285 3066 psalmorum

317 3071 415 3135 quam
436 3051 516 3118 lunt
531 3072 625 3118 meus
646 3072 732 3136 quon
754 3071 808 3117 am
830 3051 948 3119 sodalis
970 3059 1005 3118 et
1025 3073 1157 3119 am1ous.

764 3629 839 3702 ld'l.

508 3781 864 3850 rmnnncfluflort
887 3783 1101 3852 GALVINO.

407 3952 571 4019 Occasione
598 3951 672 4018 ten·
703 3960 809 4020 contra
838 3953 989 4040 Piptinm
1023 3955 1134 4038 scripti
1160 3957 1198 4023 de
1226 3977 1286 4040 qno

318 4035 381 4106 etti
401 4039 502 4105 dicato
555 4039 638 4104 atine
654 4039 719 4121 epit
736 4041 846 4120 anteri
867 4041 948 4106 banc
963 4041 1050 4108 tane
1066 4041 1192 4108 obscure
1212 4041 1285 4107 bor·

318 4127 405 4190 tatur
430 4129 465 4188 ut
550 4124 678 4190 reme
704 4144 761 4190 sao
795 4126 838 4191 ad
865 4147 902 4191 eo
930 4127 1067 4192 menime
1095 4127 1287 4210 perficienda

318 4213 426 4274 atatm
446 4228 526 4292 qnae
542 4209 671 4290 optimos
688 4210 828 4276 caterine
842 4211 965 4293 tractae
975 4217 1149 4294 procurent.
1187 4212 1286 4280 Suam

318 4294 424 4374 ipseo
449 4295 486 4360 dc
508 4293 792 4376 praedestinatione
819 4299 999 4364 sedetiam
1022 4299 1184 4380 proponit,
1212 4301 1286 4365 sine

315 4379 431 4462 plicam
449 4383 477 4444 et
496 4379 571 4446 noui
590 4381 854 4447 accomnsodatam.

424 4668 455 4726 et
477 4665 546 4734 Quen
570 4667 615 4722 bio
638 4667 724 4734 {nent
819 4674 936 4738 ternpore
960 4672 1103 4726 nescim
1144 4673 1287 4729 Fortaeeic

323 4735 426 4805 aliquia
442 4740 561 4802 coartare
576 4737 707 4803 poeaetde
749 4739 874 4794 ranciaco
886 4741 932 4795 La
1005 4781 1013 4806 ,
1032 4741 1064 4795 de
1082 4757 1135 4810 quo
1152 4744 1288 4798 mares

323 4805 446 4862 dicimus
461 4803 494 4856 in
528 4803 626 4874 rolcpp.
647 4807 677 4860 T.
694 4805 765 4861 VII.
780 4823 812 4876 p.
830 4807 871 4860 14.
907 4807 950 4874 Of.
999 4811 1043 4864 tet.
1062 4811 1122 4866 ecet.
1141 4811 1167 4866 Ι.
1187 4829 1218 4880 p.
1242 4811 1285 4880 30,

323 4875 372 4928 abi
388 4877 479 4928 tantm
515 4887 652 4927 coarcere
667 4875 745 4928 neira.

319 5014 413 5066 'mm
425 4943 455 5008 b)
472 4939 552 4994 Haec
574 4957 678 5011 quoqne
699 4943 885 5014 mepictonnn
907 4949 1023 5014 monent,
1046 4963 1066 5000 a
1086 4947 1201 5003 tetrarte
1220 4963 1286 5018 pcc·

429 5025 494 5064 cese.

426 5079 457 5140 6)
474 5077 588 5134 haam
608 5083 635 5134 ct
656 5093 786 5149 macen,
815 5081 892 5135 evam
919 5081 990 5136 aaa
1012 5083 1187 5154 haccitam
1213 5085 1287 5140 banc

325 5159 401 5202 atera
416 5145 571 5203 contectam
587 5161 621 5203 ca
636 5147 771 5204 mentione
788 5147 884 5220 prii
900 5151 1052 5220 definimaa.

1422 3939 1598 4006 Pontifices
1619 3941 1736 4006 maiori
1761 3962 1819 4024 spe
1840 3963 1939 4024 quam
1960 3961 2105 4024 uuquam
2126 3961 2208 4007 suas
2229 3939 2317 4004 etde·

1338 4027 1480 4104 λομανίας
1517 4033 1737 4110 propugnant
1788 4029 2002 4093 Arbitrantur
2042 4027 2132 4092 enim
2170 4027 2320 4092 stultitia

1337 4119 1523 4176 nostrorum
1549 4112 1735 4196 principum
1762 4121 1876 4179 nostra
1903 4112 2057 4196 dogmata
2077 4111 2216 4178 muttire
2238 4133 2319 4188 esse,

1337 4217 1417 4278 quos
1449 4195 1564 4262 vident
1594 4197 1756 4282 implicari
1789 4198 1881 4265 bellis
1913 4195 2079 4274 civilibus,
2114 4205 2149 4262 et
2180 4199 2321 4265 irritare

1340 4279 1486 4348 carorum
1516 4282 1676 4350 hactenus
1707 4291 1886 4350 cessantem
1921 4291 1954 4349 et
1988 4283 2081 4366 quasi
2113 4283 2324 4367 fugitantem

1337 4366 1423 4432 bella
1444 4369 1638 4451 germaniae.
1674 4371 1747 4436 Etsi
1764 4370 1827 4436 hoo
1844 4377 1936 4434 tanto
1952 4367 2037 4434 malo
2058 4388 2211 4448 moveor,
2235 4369 2325 4456 quod

1338 4450 1469 4534 quidem
1495 4473 1591 4536 saepe
1618 4455 1767 4539 praedixi
1794 4456 1985 4533 vaticinans,
2011 4452 2046 4518 oi
2074 4457 2223 4539 μαντικῇ,
2248 4455 2325 4520 ἀλλὰ

1338 4543 1501 4629 φιλοσοφίᾳ
1522 4545 1579 4602 τινι
1601 4541 1734 4622 εἰκάζων,
1760 4561 1861 4624 quum
1883 4540 2075 4622 Principum
2096 4547 2205 4604 uolam
2252 4567 2325 4624 ppo-

1338 4622 1425 4701 oieqn
1454 4632 1488 4687 et
1515 4625 1595 4692 alios
1622 4627 1751 4692 morbos
1777 4625 1939 4692 viderem:
1972 4633 2084 4691 tamen
2110 4627 2182 4692 scio
2250 4649 2328 4694 eum

1338 4709 1425 4774 inter
1451 4709 1565 4776 fatales
1590 4713 1804 4796 imperiorum
1833 4711 1994 4776 tumultus
2023 4710 2203 4778 ecelesiam
2229 4733 2328 4780 suam

1338 4815 1469 4860 servare
1491 4797 1692 4863 mirabiliter.
1736 4797 1811 4862 Non
1839 4798 1941 4881 igitur
1968 4797 2163 4880 frnngamur
2190 4800 2328 4878 animis,

1338 4879 1404 4960 sed,
1427 4880 1507 4944 dum
1528 4903 1710 4964 possumus,
1733 4903 1886 4949 sonemus
1907 4889 1946 4947 ut
1967 4901 2146 4948 conversus
2173 4883 2273 4952 latro
2295 4887 2330 4950 in

1340 5021 1541 5030 ———--

1355 5085 1422 5147 ibt.
1441 5087 1469 5150 1)
1488 5091 1584 5140 arina
1602 5085 1740 5155 Pipbinnt.

1440 5155 1470 5222 2)
1489 5171 1542 5225 qno
1559 5155 1672 5212 adem
1689 5157 1770 5214 Mic
1788 5155 1872 5212 Maii.
