4910 5974
1052 305 1312 374 EPISroLsu
1335 309 1504 372 sea-463
2215 311 2276 376 528

735 493 812 565 462.

508 648 743 719 GALVINUS
765 648 1041 716 PELLIGANO.

1308 513 1399 645 lili
1420 493 1725 658 ttfltftttfilj'
1741 499 2161 662 qf’vttfdl'ttft
2177 498 2277 663 lili

1307 685 1346 728 ea
1363 664 1483 746 probra
1499 665 1604 730 invos
1615 665 1799 730 evomuisse
1820 687 1903 748 quae
1922 667 2009 732 inter
2029 668 2276 750 oapitalissimos

1000 820 1007 833 ,
1307 749 1418 815 hostes
1439 759 1587 815 extrema
1607 750 1737 816 forent?
1781 751 1891 816 Tuum
1912 753 2014 836 igitur
2035 753 2111 832 erit,
2139 755 2274 821 sanetis-

374 820 547 904 Rssfptmdd
563 821 606 886 “d
621 821 785 902 fPsslOlflm
801 841 902 902 ΜΡΝ
917 839 1054 885 Μιιιθ
1073 819 1110 886 df
1128 819 1256 919 Forello
1306 834 1389 899 sime
1417 835 1485 914 vir,
1516 836 1683 900 sinistram
1714 835 1801 902 hano
1831 837 2048 920 suspicionem
2076 859 2118 904 ex
2139 839 2274 906 fratrum

287 909 445 990 effipiam,
465 907 612 1006 qumfle
636 907 857 1006 thjiwnsilw
876 926 1015 1004 unquam
1038 906 1256 1006 ”¹⁰14qu
1306 928 1489 986 nostrorum
1519 919 1668 986 sordibus
1694 923 1825 1004 penitus
1846 925 1998 989 eximere.
2041 925 2274 1010 Praeterquam

287 994 410 1058 ormino
431 991 536 1073 stlido
557 997 738 1074 marpoao
765 996 861 1091 rsepot
897 991 988 1056 Iobrt
1015 1011 1092 1090 quot
1109 991 1174 1092 ‘vlle’
1194 1012 1256 1057 em
1306 1006 1394 1070 enim
1427 1004 1513 1090 quod
1545 1007 1764 1072 inhumanum
1795 1015 1846 1072 est
1873 1015 1906 1074 et
1938 1008 2081 1074 alionum
2114 1011 2154 1076 ab
2186 1012 2274 1076 omni

286 1080 444 1161 sapharat
472 1077 609 1142 mam
640 1079 787 1158 impresse
817 1081 903 1156 ιιιιι,
935 1075 1116 1176 Ilallsaperv⁴
1149 1077 1256 1176 ltitrat
1306 1091 1431 1157 ratione
1453 1092 1619 1157 hominem
1636 1091 1820 1157 inauditum
1832 1093 1989 1174 damnari,
2012 1095 2166 1162 iniuriam
2189 1103 2276 1163 oerte

282 1166 461 1247 P'Omlffflf
498 1163 602 1228 ”ullae
639 1163 837 1228 “dvm-
896 1161 1010 1228 0⁰l⁸m⁰
1046 1167 1255 1262 mammeam
1305 1177 1432 1242 faoiunt
1443 1175 1578 1257 Perelio,
1599 1175 1678 1242 dum
1700 1177 1797 1243 telem
1819 1199 1895 1244 eum
1916 1201 1982 1245 non
2003 1189 2276 1266 agnoseuntqua·

287 1249 485 1316 massalae
521 1247 687 1314 tthbelur·
736 1247 994 1314 Commattlur
1031 1247 1093 1314 duo
1130 1269 1255 1314 iuvenes
1305 1262 1370 1326 lem
1391 1282 1520 1346 semper
1540 1271 1619 1328 sunt
1639 1264 1773 1346 experti.
1813 1264 1902 1348 Ergo
1924 1265 2010 1332 hano
2031 1265 2071 1333 de
2092 1267 2196 1332 nihilo
2218 1287 2277 1332 na·

287 1335 428 1401 ausast
905 1437 908 1444 .
1305 1355 1373 1412 tam
1394 1347 1642 1413 malevolentiae
1664 1347 1823 1428 radioem,
1851 1357 2025 1434 antequam
2045 1351 2182 1418 ulterius
2203 1353 2277 1436 pul-

1036 1506 1042 1518 ·
1305 1433 1402 1510 lulet,
1431 1433 1523 1498 omni
1550 1433 1658 1499 studio
1685 1443 1719 1500 et
1739 1443 1858 1500 oonatu
1879 1437 2039 1520 exstirpa,
2069 1458 2111 1503 ne
2133 1437 2276 1505 Satanae

287 1503 536 1628 ffliffilli
559 1502 837 1627 libidini&
850 1503 1255 1643 ttlltp⁰1²¹tfvtt⁸¹ttt
1306 1518 1403 1584 ‘¹⁰⁸1st
1435 1520 1560 1618 ⁰⁰⁰³⁸lt
1590 1541 1688 1602 qum
1719 1527 1835 1602 ⁰³1³&
1880 1519 1919 1620 ΒΕ
1942 1521 2089 1588 lem
2120 1525 2276 1624 Nt⁰⁰t¹¹31

539 1615 546 1642 '
994 1591 1016 1696 f
1164 1591 1182 1644 Ρ
1306 1613 1400 1684 ιιιιι,
1423 1625 1488 1669 non
1511 1605 1645 1670 fuissem
1667 1627 1782 1688 passus
1804 1605 1929 1672 tamdiu
1949 1627 2085 1688 eessare,
2108 1631 2189 1693 qum
2205 1609 2275 1674 dih·

396 1649 425 1695 0‘
442 1657 484 1711 ⁸¹³·
503 1641 608 1695 Sim
626 1641 686 1694 Μ’
703 1639 745 1694 ⁵²·
764 1671 797 1680 “
815 1643 928 1712 mum
946 1643 975 1696 Ἦ
1010 1660 1060 1712 .p.
1079 1641 1153 1710 ΒΜ)
1306 1698 1421 1774 genter
1442 1711 1477 1756 se
1498 1699 1665 1774 purgaret,
1688 1711 1789 1774 usque
1811 1691 2000 1758 adsolidam
2012 1689 2283 1761 satisfactionem.‘

372 1810 407 1877 S.
430 1811 608 1894 Aliquanto
630 1811 735 1877 serius
756 1813 815 1879 tibi
837 1813 1029 1898 respondeo:
1057 1815 1135 1896 quia
1165 1815 1256 1896 prius

287 1897 328 1964 de
349 1896 440 1963 libris
462 1917 542 1980 quos
563 1897 695 1980 petebas
716 1897 866 1964 volebam
890 1900 971 1966 eerti
988 1899 1110 1983 aliquid
1128 1901 1255 1976 resoire,

287 1981 372 2066 qnod
393 1983 453 2047 tibi
474 1983 638 2082 referrem.
681 1982 778 2082 Nune
799 1985 962 2085 intellexi,
988 1985 1136 2086 nondum
1157 1986 1256 2050 fuisse

286 2064 1256 2239 tigit?„fittfftqttttttttttttttt

286 2241 338 2307 oia
358 2260 445 2318 mea,
475 2259 667 2321 quoeunque
694 2239 729 2304 in
751 2261 787 2304 re
808 2240 868 2305 tibi
897 2243 972 2306 usui
1001 2261 1075 2308 esse
1093 2249 1256 2324 poterunt,

285 2324 435 2408 pluribus
457 2323 565 2389 verbis
592 2344 657 2389 non
679 2325 794 2404 offero,
823 2327 900 2408 quia
927 2334 1006 2410 puto
1029 2335 1061 2392 te
1082 2328 1161 2393 satis
1183 2348 1256 2410 per·

287 2430 420 2475 suasum
447 2429 536 2487 esse,
565 2407 647 2473 nihil
670 2410 738 2475 fore
759 2410 841 2474 mihi
863 2413 1004 2494 gratius,
1029 2434 1127 2496 quam
1154 2412 1256 2479 sieubi

285 2495 382 2560 lioeat
403 2514 509 2559 meam
530 2513 610 2578 erga
630 2503 663 2559 te
686 2493 946 2564 benevolentiam
963 2507 997 2563 et
1015 2499 1257 2564 observantiam
1345 2545 1352 2558 .

286 2579 376 2646 veris
398 2580 629 2662 experimentis
647 2582 768 2646 testari.
790 2579 965 2648 (laetorum
987 2584 1064 2667 quia
1085 2584 1256 2660 seribehas‚

286 2665 508 2750 Ballbrperam
528 2684 657 2732 meeum
675 2668 810 2750 exsequi
828 2667 930 2733 literis
947 2689 1029 2752 quae
1050 2668 1092 2734 ad
1109 2669 1257 2753 publioas

286 2749 441 2817 eoelesiae
463 2751 604 2816 rationes
626 2753 836 2834 pertinerent,
858 2754 997 2820 miratus
1019 2777 1092 2821 sum
1114 2756 1170 2839 qui
1191 2753 1256 2824 fue·

286 2845 358 2902 tum
383 2843 481 2914 esset,
512 2843 549 2900 ut
576 2855 632 2902 eae
658 2858 725 2902 non
752 2838 851 2903 simul
878 2839 995 2906 allatae
1022 2849 1139 2907 essent
1183 2841 1255 2906 Iam

285 2941 478 3005 verequum
488 2920 567 2987 satis
578 2922 692 2987 multis
712 2923 826 2991 diebus
848 2923 966 3009 elapsis
977 2925 1088 2992 nuhaa
1099 2935 1256 3010 sequutae

285 3007 362 3088 sint,
384 3013 442 3072 aut
461 3027 543 3090 quas
562 3007 916 3090 seripsit'intereidisse
936 3019 1077 3096 oportet,
1100 3023 1158 3077 aut
1179 3033 1254 3078 oon-

284 3092 395 3160 silium
416 3103 570 3158 mutasse.
592 3093 726 3160 Utinam
749 3116 828 3160 vero
849 3095 1074 3180 feoiesetquod
1086 3105 1254 3176 statuerat,

284 3200 327 3244 ne
353 3179 474 3244 eximio
502 3177 682 3262 voluptatis
713 3181 821 3246 fruotu
852 3203 948 3265 quem
981 3183 1058 3248 inde
1090 3184 1255 3266 peroipere

284 3272 433 3348 poteram
454 3265 601 3346 privatus
623 3285 738 3331 essem.
771 3267 917 3351 Rogabis
937 3275 1050 3334 mmen
1070 3290 1145 3334 oum
1157 3268 1255 3334 vehe-

283 3357 413 3415 menter
443 3369 516 3414 meo
548 3351 688 3431 nomine,
717 3359 756 3415 ut
777 3352 955 3435 siquando
987 3353 1035 3418 illi
1067 3374 1127 3436 per
1158 3376 1254 3420 suum

284 3433 490 3501 eommodum
516 3434 660 3512 liouerit,
690 3436 751 3501 hoo
779 3437 862 3502 mihi
883 3438 1075 3504 benefieium
1096 3449 1253 3523 praestet:

283 3519 385 3585 habet
405 3521 494 3586 enim
514 3521 624 3586 forsan
646 3519 687 3585 de
707 3521 824 3604 quibus
846 3544 899 3588 me
916 3523 1084 3590 admoneri
1094 3523 1254 3609 expediat

283 3605 338 3670 De
361 3604 485 3670 Farello
513 3605 598 3687 quod
621 3606 711 3672 vobis
732 3607 873 3673 relatum
895 3617 960 3690 est,
983 3609 1063 3676 adeo
1085 3611 1168 3676 mihi
1189 3633 1256 3677 non

285 3699 336 3756 est
356 3689 525 3768 eredibile‚
554 3697 593 3754 ut
613 3691 668 3756 vel
687 3693 802 3775 eapitis
831 3696 896 3760 mei
925 3695 1069 3778 perieulo
1096 3697 1256 3779 spondere

284 3777 390 3842 ausim
411 3795 580 3858 nunquam
601 3775 666 3842 tale
687 3777 852 3862 quidpiam
874 3780 923 3845 illi
940 3780 1106 3848 exoidisse.
1131 3779 1256 3868 [Quam

283 3862 374 3928 enim
403 3869 483 3926 sunt
509 3859 567 3926 illa
595 3861 739 3950 atronis]
753 3867 779 3947 ¹)
823 3863 899 3932 Soio
920 3867 1007 3932 enim
1030 3873 1068 3932 ut
1088 3889 1148 3933 vos
1169 3877 1257 3934 emet

284 3969 322 4014 ao
343 3954 539 4015 revereatur.
563 3947 608 4012 Et
629 3956 717 4013 oerte
738 3949 810 4032 ipsa
827 3951 1000 4018 verborum
1012 3953 1165 4020 atrooitas
1175 3955 1255 4019 satis

282 4033 368 4099 bono
390 4038 584 4117 argumento
607 4051 678 4099 esse
700 4043 808 4117 potest
828 4057 927 4120 quam
949 4058 1033 4104 vana
1055 4039 1098 4104 sit
1119 4037 1178 4104 illa
1199 4038 1254 4105 de·

282 4117 370 4184 latio.
394 4117 502 4185 Sivos
523 4117 640 4184 leviter
661 4127 694 4184 et
713 4120 796 4187 eitra
817 4125 1001 4207 graviorem
1023 4124 1255 4190 oontumeliam

282 4203 514 4288 perstrinxisse
525 4203 696 4284 dioeretur,
714 4207 937 4290 permitterem
948 4217 1004 4274 aut
1014 4208 1113 4274 fidem
1124 4209 1254 4290 habere,

284 4297 344 4354 aut
375 4287 498 4373 aliquid
530 4290 706 4374 suspioari,
737 4291 840 4360 donee
867 4315 903 4361 se
930 4301 1113 4380 purgasset.
1157 4296 1255 4363 Nune

284 4591 355 4646 pour
372 4575 400 4628 la
415 4575 531 4646 religion
548 4579 701 4649 eatholiqne
725 4597 778 4652 qne
800 4597 850 4637 son
873 4585 1065 4654 predeoesseur
1087 4587 1169 4641 estoit
1213 4603 1253 4641 as·

285 4643 380 4768 Eion&
398 4660 468 4713 pour
484 4645 524 4768 isla
543 4663 650 4771 egressi-s
668 4649 702 4702 de
720 4650 831 4716 Luther,
856 4652 883 4734 la
900 4653 1007 4709 deffeite
1025 4654 1073 4708 des
1091 4655 1253 4736 Lethenens

285 4729 553 4864 staffello}
570 4719 768 4866 {trifidis
782 4721 822 4842 t:
837 4723 1253 4860 ἓὲὲἻιιξιῗιοῖιΨῗιι-ιῗ

284 4856 359 4905 tuone
376 4850 424 4904 des
442 4851 666 4924 eeelesrastrques,
683 4860 712 4908 st
729 4856 755 4909 le
772 4857 914 4926 desplaisir
934 4859 1002 4913 dont
1018 4861 1058 4913 les
1075 4862 1143 4914 bons
1160 4863 1252 4917 ostho-

285 4919 374 4989 liqnes
391 4919 509 4974 estoient
527 4921 639 4975 tonehex
656 4923 692 4976 du
709 4925 806 4978 traiete
829 4933 858 4979 et
880 4927 914 4980 de
937 4928 1051 4982 l’aeoerd
1092 4929 1151 4984 esse
1173 4937 1251 4986 entre

285 4987 326 5040 ies
343 4987 458 5069 deputer
476 4987 510 5042 de
526 4987 600 5042 Men
618 4995 646 5071 et
663 5005 730 5045 eenx
747 4993 795 5048 des
806 4995 917 5050 Prinos·
934 5003 963 5050 ιι
972 4997 1049 5051 villas
1059 4945 1250 5070 ultrumque,

286 5055 498 5110 rallentrssarent
521 5057 682 5112 l'exeentron
704 5061 739 5114 de
765 5067 837 5118 oette
859 5064 1019 5134 deputation
1039 5103 1249 5122 .........

287 5127 317 5176 et
332 5123 361 5175 le
375 5123 436 5176 Reli
457 5125 499 5178 'on
518 5125 679 5196 Ostholiqns
696 5145 725 5182 re
746 5131 825 5185 ritis
842 5133 943 5188 dessus.

304 5189 370 5250 tta.
389 5189 418 5258 1)
466 5208 515 5248 ere
530 5194 566 5249 ob
582 5199 678 5250 metere
694 5147 789 5253 deba

1307 1775 1403 1840 Nune
1414 1783 1524 1840 autem
1546 1776 1648 1842 donee
1666 1777 1760 1841 nobis
1777 1783 1865 1842 oerto
1882 1780 2064 1844 eonstiterit
2080 1780 2276 1846 ineolumem

1306 1860 1491 1926 efauoibus
1513 1863 1628 1927 mortis
1650 1863 1801 1940 evasisse,
1826 1861 2006 1928 Dominum
2028 1865 2216 1950 rogabimus
2239 1875 2276 1931 ut

1307 1966 1384 2011 eum
1405 1949 1644 2030 quamprimum
1666 1947 1828 2026 restituat,
1850 1949 2071 2033 utaliquando
2083 1951 2277 2036 faeiatquod

1307 2041 1377 2096 erat
1396 2032 1501 2114 primo
1523 2031 1575 2096 die
1597 2032 1742 2097 faoturus
1763 2033 1791 2097 si
1813 2031 1976 2100 adfuisset.

1392 2117 1454 2182 Est
1475 2117 1573 2182 etiam
1592 2117 1681 2183 aliud
1703 2117 1744 2182 de
1766 2139 1830 2201 quo
1852 2119 1893 2184 ad
1915 2127 1948 2186 te
1970 2129 2007 2186 ιιι
2029 2122 2205 2188 seriberem
2226 2144 2276 2188 re·

1308 2209 1405 2288 gatus
1429 2223 1502 2267 sum
1531 2223 1551 2267 a
1578 2201 1780 2270 Beraordiao
1807 2213 1928 2271 nostro.
1971 2207 2074 2273 Nobis
2102 2211 2191 2274 enim
2218 2208 2277 2274 fuit

1307 2286 1495 2368 indieatum,
1529 2287 1698 2355 cuiusdam
1725 2288 1844 2368 fratris,
1874 2291 1930 2374 qui
1958 2314 1999 2358 ex
2029 2294 2099 2359 eius
2128 2292 2276 2359 sodalitio

1307 2375 1423 2452 fuerat,
1464 2373 1604 2440 stultitia
1636 2374 1735 2440 fuisse
1766 2375 1898 2455 foetum,
1937 2387 1976 2442 ut
2014 2379 2087 2445 istie
2125 2379 2275 2444 nonnihil

1308 2465 1480 2542 suspeotus
1501 2460 1553 2538 sit,
1578 2460 1671 2543 quasi
1693 2467 1750 2525 aut
1771 2459 1811 2526 de
1833 2462 1980 2528 trinitate
2002 2473 2061 2530 aut
2082 2463 2122 2530 de
2145 2464 2273 2530 Christe

1308 2565 1419 2609 mmus
1440 2553 1527 2611 reete
1549 2547 1675 2610 sentiat
1720 2545 1796 2610 Non
1818 2545 1907 2612 aliud
1934 2549 1969 2614 in
1997 2549 2067 2616 eius
2096 2551 2273 2616 exeusatio-

1308 2651 1384 2694 nem
1402 2630 1546 2709 afferam,
1569 2631 1633 2696 nisi
1651 2631 1842 2714 simplieiter
1862 2634 2031 2700 referendo
2052 2635 2138 2719 quod
2159 2655 2273 2700 verum

1308 2723 1367 2782 est.
1413 2714 1579 2796 Quoniam
1600 2716 1717 2781 italieis
1738 2717 1900 2800 plerisque
1929 2721 2069 2805 ingeniis
2097 2742 2165 2786 non
2192 2720 2274 2786 mul·

1307 2808 1379 2866 tum
1400 2801 1476 2880 fido,
1498 2809 1671 2884 postquam
1695 2804 1846 2886 exposuit
1873 2805 1955 2870 mihi
1981 2827 2076 2872 suum
2104 2807 2275 2872 eonsilium

1308 2885 1348 2952 de
1370 2885 1524 2952 diuturna
1545 2885 1632 2971 apud
1659 2908 1717 2952 nos
1744 2888 1954 2971 habitatione,
1984 2892 2108 2958 eontuli
2134 2913 2210 2958 eum
2238 2911 2274 2957 eo

1308 2971 1482 3057 diligenter
1506 2972 1549 3054 ¹de
1578 2973 1715 3057 sing-udis
1742 2972 1817 3038 fidei
1845 2977 2012 3059 capitibus,
2041 2986 2140 3128 atque
2166 2978 2214 3044 ita
2239 2985 2275 3042 ut

1307 3059 1365 3124 vix
1397 3063 1508 3140 posset
1535 3067 1645 3157 tegere
1677 3060 1705 3124 si
1738 3059 1773 3123 in
1804 3060 1871 3125 ullo
1904 3084 1924 3126 a
1954 3063 2048 3130 nobis
2102 3063 2272 3130 issentiret

1307 3141 1514 3226 Comperisse
1540 3143 1622 3208 nnhi
1651 3143 1776 3224 videor,
1810 3155 1843 3211 et
1870 3148 1898 3212 si
1928 3148 2006 3230 quid
2033 3148 2144 3216 iudieii
2173 3149 2275 3214 habeo

1306 3229 1420 3295 testari
1442 3237 1512 3294 tuto
1534 3249 1675 3312 possum,
1701 3251 1800 3312 quum
1821 3232 1857 3296 in
1878 3232 1951 3300 aliis
1965 3234 2125 3300 omnibus
2148 3243 2217 3300 tum
2238 3236 2275 3299 in

1306 3313 1368 3380 hoo
1387 3315 1555 3380 nobiseum
1577 3335 1712 3398 prorsus
1729 3319 1912 3383 eonvenire.
1952 3319 2026 3386 Hoo
2053 3329 2182 3386 tantum
2204 3321 2274 3386 eni·

1307 3399 1486 3479 madverti,
1512 3399 1600 3482 quod
1631 3400 1729 3465 nimis
1750 3403 1893 3470 annosas
1914 3405 2054 3471 istarum
2076 3426 2186 3472 rerum
2209 3406 2275 3472 dis-

1307 3485 1481 3565 oussiones,
1509 3484 1621 3568 quales
1643 3488 1774 3552 suntin
1796 3488 2006 3567 soholastiois,
2028 3491 2186 3574 repudiet
2229 3493 2276 3559 llt

1307 3577 1394 3636 eerte
1432 3569 1461 3636 si
1500 3569 1714 3653 expendimus
1745 3581 1904 3655 quantum
1937 3575 2091 3641 differant
2122 3579 2275 3662 aereael)

1307 3656 1390 3721 istae
1407 3655 1627 3740 sophistarum
1645 3657 1880 3739 speoulationes
1902 3661 2041 3728 asobria
2057 3669 2091 3728 et
2107 3663 2275 3730 moderata

1309 3749 1456 3806 veterum
1477 3741 1634 3821 doetrina,
1657 3763 1723 3808 non
1745 3743 1840 3810 ahter
1861 3747 2048 3814 sentiemus.
2092 3749 2167 3816 Hoo
2183 3750 2274 3815 tesh‘·

1309 3827 1453 3892 monium
1475 3828 1529 3911 pio
1550 3835 1585 3892 et
1611 3835 1722 3894 saneto
1750 3830 1821 3895 viro
1849 3831 1986 3897 reddere
2013 3835 2122 3900 visum
2147 3843 2205 3912 est,
2230 3855 2274 3900 ne

1308 3931 1373 3995 qua
1399 3913 1452 3978 vel
1478 3914 1616 3996 exiguae
1643 3915 1836 3998 suspitionis
1864 3919 1978 4005 nota⁸)
2011 3918 2098 4002 apud
2127 3941 2186 3986 vos
2211 3921 2276 3985 im·

1307 3998 1425 4063 merito
1448 4005 1646 4083 aspergatur.
1691 3999 1754 4064 Est
1775 4001 1863 4067 enim
1886 4005 2067 4086 praestanti
2087 4013 2121 4070 et
2141 4007 2276 4091 ingenio

1306 4091 1341 4148 ιι
1362 4083 1510 4150 doetrina
1531 4092 1565 4149 et
1580 4084 1761 4152 sanetitate.

1391 4169 1439 4236 Ut
1461 4171 1560 4234 finem
1581 4171 1708 4250 faoiam,
1731 4172 1866 4239 iuvenes
1888 4175 1942 4240 isti
1964 4175 2028 4241 duo
2050 4177 2092 4243 ad
2120 4197 2178 4244 vos
2205 4185 2278 4243 stu·

1307 4253 1434 4320 diorum
1466 4274 1564 4321 eausa
1595 4258 1852 4339 profioisountur.
1906 4259 2072 4342 Quoniam
2098 4261 2187 4345 apud
2215 4285 2280 4330 nos

1307 4339 1363 4404 diu
1391 4340 1545 4406 vixertmt
1572 4341 1679 4406 etita
1710 4363 1745 4408 so
1776 4353 1956 4428 gesserunt,
1988 4357 2025 4412 ut
2057 4347 2097 4413 de
2128 4349 2279 4432 ipsorum

1305 4425 1466 4508 probitate
1498 4425 1612 4490 testari
1644 4427 1835 4510 audeamus,
1868 4440 1901 4496 et
1934 4431 2050 4517 dignos
2082 4454 2281 4506 oenseamus

1305 4518 1417 4576 nostra
1433 4511 1723 4592 eommendatione,
1745 4523 1820 4597 peto
1841 4514 1899 4582 abs
1917 4525 1959 4597 te,
1982 4519 2028 4583 mi
2048 4517 2214 4600 Pellieaae,
2237 4529 2282 4586 ut

1193 4605 1211 4670 P
1305 4617 1403 4678 quam
1428 4595 1522 4662 bonis
1548 4597 1699 4664 omnibus
1729 4599 1967 4668 humanitatem
1995 4604 2151 4671 exhibere
2178 4605 2281 4686 soles,

1304 4681 1370 4747 illis
1388 4681 1598 4749 demonstres.
1641 4683 1776 4750 Habent
1793 4685 1880 4752 unde
1897 4709 1932 4754 se
1949 4690 2134 4756 sustineant
2150 4689 2282 4757 medio-

1304 4767 1352 4832 eri
1373 4777 1514 4852 sumptu,
1536 4766 1594 4834 sed
1615 4768 1677 4834 hoo
1698 4777 1826 4836 tuntum
1847 4774 2014 4856 postulant
2035 4777 2130 4841 utin
2151 4777 2283 4860 reperi-

1304 4853 1388 4918 endo
1409 4852 1575 4920 eommodo
1597 4853 1738 4937 hospitio
1760 4854 1817 4923 abs
1839 4866 1873 4923 te
1894 4859 2055 4927 inventur.

1405 5141 1436 5206 2)
1455 5157 1537 5206 ιιιιι,
1557 5140 1621 5196 cort
1642 5142 1690 5196 111
1710 5146 1794 5201 Bora.
1812 5152 1838 5202 et
1855 5146 1886 5203 S.
1904 5151 2026 5217 (subtis).

1405 5209 1435 5272 3)
1458 5208 1519 5264 Vos
1536 5208 1628 5266 dabra
1648 5212 1839 5285 ,Apopropbu
1852 5217 2002 5286 praebeat:
2019 5221 2285 5292 umbrslshsdovv).
