4888 5966
309 287 374 352 283
1003 274 1265 343 EPIS'I'OLAE
1287 277 1456 340 tte-scs

309 471 372 540 etei
393 491 446 537 res
466 471 537 552 ipsa
558 467 651 533 illum
671 465 749 532 satis
771 461 1027 540 commendebat,
1049 460 1108 526 tibi
1129 481 1276 544 praescr·
1299 477 1304 554 q
1773 463 1848 538 851,

310 559 371 623 tim
402 555 528 620 homini
559 561 594 620 et
620 553 748 617 literato
775 558 811 616 et
836 569 914 614 vare
941 547 1118 614 christiano
1143 557 1179 612 et
1205 547 1276 612 eius

309 642 520 718 amicissimo,
547 647 658 703 tamen
684 637 793 702 visum
820 641 873 700 est
898 633 980 698 mihi
1007 633 1043 697 in
1071 639 1277 698 1611166666-
1441 614 1646 686 ΒΕΝᾹΤΠΒ
1667 617 1963 687 GENEVENSIS
1985 619 2187 688 Sensum

308 728 399 794 sione
432 723 554 808 aliquid
585 724 683 788 etiam
716 719 1003 788 commendationis
1040 720 1111 782 eius
1144 719 1276 782 nomine
1596 720 2029 790 ARGENTORATENSL

308 810 455 878 adiicere.
500 812 547 876 'Pe
568 809 670 894 igitur
689 827 745 873 cro
770 815 867 890 atque
889 803 1041 882 obtestor,
1068 815 1106 868 ut
1126 803 1195 869 eius
1218 824 1276 867 ne·

308 897 434 983 gotium
455 895 592 977 perinde
613 893 771 976 suscipias
792 913 830 957 ac
851 891 878 956 si
900 901 957 956 tua
977 910 1031 955 res
1049 889 1183 954 omnino
1200 907 1276 972 age·
1417 889 1550 958 Gratius
1571 898 1667 976 aquai
1687 894 1725 958 da
1747 894 1884 959 retecto
1905 895 1966 960 sibi
1990 892 2127 961 06111116.

308 989 411 1048 retur.
455 979 599 1047 Difficile
621 987 686 1057 ost,
715 979 832 1055 fateor,
860 976 922 1042 hoo
947 975 1091 1040 maxime
1120 982 1275 1056 tempore,

309 1089 410 1151 quum
437 1065 478 1132 de
505 1067 599 1132 istius
627 1063 781 1130 ecelesiae
810 1075 885 1128 tuae
911 1061 1147 1127 instauratione
1169 1067 1276 1124 tanto-
1347 1059 1508 1130 (Exemplar
1524 1063 1708 1116 authenticum
1724 1064 1753 1118 in
1771 1065 1896 1120 archivis
1914 1065 2061 1119 Thamnus
2080 1068 2281 1135 regenerati.)

308 1173 388 1238 pere
409 1151 622 1218 laborandum
648 1158 713 1226 est,
741 1149 813 1214 istis
840 1147 939 1213 rebus
960 1155 992 1212 te
1013 1146 1198 1224 immisceri,
1220 1145 1277 1211 sed

309 1247 421 1304 tamen
433 1259 490 1321 pro
512 1237 607 1302 solita
627 1235 763 1301 caritate
783 1241 841 1299 tua
862 1233 904 1299 ad
925 1234 1072 1298 amiciet
1092 1233 1203 1298 fratris
1224 1253 1278 1314 cp-

310 1323 384 1390 timi
415 1344 485 1389 rem
523 1321 679 1387 tuendam
711 1317 835 1402 aliquid
872 1319 1030 1401 temporis
1064 1318 1276 1383 suffurabere.

310 1409 424 1474 Habes
450 1408 524 1474 istic
551 1407 714 1472 adiutores
748 1406 954 1488 fautoresque
985 1405 1142 1487 optimos,
1175 1423 1276 1486 quum

318 1493 458 1560 Virrium
484 1502 648 1570 nostrum,
682 1501 753 1556 tum
780 1493 887 1574 ipsum
917 1489 1106 1555 Grdielmum
1134 1489 1190 1572 qui
1215 1489 1278 1552 fuit

310 1578 619 1657 Midaeensium)
640 1598 704 1642 non
715 1575 771 1641 ille
782 1574 912 1659 quidem
930 1577 964 1640 in
987 1575 1083 1640 rebus
1098 1573 1276 1651 turbandis,

309 1664 367 1732 sed
399 1664 504 1747 quoad
535 1663 641 1746 potuit
669 1659 874 1726 adiuvandis.
928 1661 993 1726 Hic
1025 1669 1135 1725 autem
1167 1669 1279 1725 noster
1414 1657 1683 1726 Prudentissimis
1722 1668 1756 1726 et
1787 1659 1975 1728 clarissimis
2006 1661 2086 1728 viris
2120 1663 2235 1729 vicinis
2268 1673 2300 1730 et

311 1749 462 1828 01616661,
490 1749 546 1833 qui
573 1749 633 1814 tibi
659 1749 720 1812 hus
747 1747 859 1812 literas
880 1744 1030 1823 reddidit,
1058 1745 1159 1811 isest
1180 1766 1277 1829 quem
1329 1743 1440 1808 amicis
1468 1743 1648 1826 plurimum
1682 1745 1894 1812 observandis
1920 1747 2080 1830 Magistro
2109 1759 2144 1814 61
2172 1750 2300 1814 senatui

310 1833 465 1903 Rebet‘lue
485 1834 565 1900 udeo
591 1835 683 1915 cupit
704 1832 814 1897 domui
835 1841 869 1897 et
889 1831 986 1898 rebus
1007 1831 1176 1896 servandis
1205 1851 1277 1896 ous-
1329 1829 1565 1912 Argentinensi
1587 1829 1621 1896 S.
1651 1838 1686 1896 et
1713 1831 1904 1914 obsequium
1930 1833 2217 1916 promptissimum
2261 1833 2300 1902 Si

309 1921 418 1988 tedam
440 1941 603 2002 praeesse,
630 1920 658 1983 si
680 1919 771 1983 vobis
792 1917 997 1983 commodum
1018 1917 1194 1982 videbitur:
1227 1917 1278 1982 sin
1329 1914 1417 1980 iusta
1437 1915 1531 1980 nobis
1552 1916 1643 1998 prius
1664 1917 1772 1995 fuerit,
1794 1917 1991 1984 ornatissimi
2014 1919 2086 1998 viri,
2109 1917 2202 1985 vobis
2223 1941 2299 2004 gra·

309 2009 428 2082 minus,
451 2006 616 2070 hominem
637 2003 678 2069 ad
700 2023 753 2069 me
774 2003 940 2068 remittite.
985 2001 1052 2069 Sed
1070 2002 1110 2067 de
1129 2003 1179 2067 his
1202 2002 1278 2066 hoe-
1330 1999 1393 2065 tias
1414 1998 1532 2083 agendi
1553 2002 1693 2078 occasio,
1723 2023 1763 2068 aa
1783 2022 1871 2067 nunc
1892 2024 1927 2068 se
1949 2004 2045 2068 offert
2066 2005 2168 2070 multo
2189 2005 2298 2074 iustis·

309 2101 415 2158 tanus.
503 2091 553 2156 De
576 2089 697 2155 Furelli
717 2089 849 2170 negotio
870 2090 983 2172 paucis
1005 2088 1121 2170 accipe.
1166 2086 1279 2152 Pridie
1330 2084 1427 2162 sima,
1461 2095 1633 2168 postquam
1661 2087 1849 2166 declaratis,
1882 2108 1949 2154 non
1976 2089 2086 2155 verbis
2114 2090 2220 2156 solum
2241 2091 2297 2156 sed

309 2199 409 2261 quarn
430 2176 510 2242 haec
530 2175 572 2240 ed
599 2186 633 2241 te
661 2175 876 2256 scripsissem,
906 2174 987 2238 hora
1007 2173 1115 2237 lerea
1143 2171 1279 2236 meridie
1330 2169 1430 2234 etiam
1451 2191 1487 2236 re
1508 2171 1589 2254 ipsa,
1611 2192 1710 2254 quam
1731 2194 1892 2256 propensa
1911 2183 2022 2240 vestra
2042 2175 2087 2240 sit
2106 2176 2141 2240 in
2163 2197 2222 2242 nos
2245 2177 2298 2242 bc-

309 2263 424 2341 tertia,
452 2271 588 2326 venerat
614 2281 634 2325 a
654 2269 769 2326 senatu
792 2259 952 2324 Beruensi
973 2258 1123 2343 publicus
1144 2257 1279 2323 tabella·
1330 2253 1523 2333 nevolentia,
1541 2264 1684 2340 atquem
1701 2267 1813 2326 saneto
1830 2258 1937 2325 studio
1954 2261 2092 2342 cupiatis
2110 2259 2208 2327 rebus
2225 2283 2299 2327 166-

310 2350 381 2414 rius
403 2369 478 2413 cum
499 2347 619 2423 literis,
652 2353 803 2411 senatum
825 2343 919 2408 illum
942 2343 1132 2420 decrevisse,
1155 2353 1194 2408 ut
1215 2342 1279 2408 Fu·
1330 2341 1390 2406 tris
1411 2341 1532 2423 optime
1558 2343 1758 2420 consultum,
1786 2344 1849 2410 hae
1877 2353 1989 2410 restra
2010 2367 2076 2429 qua
2096 2347 2131 2410 in
2154 2348 2300 2412 166111-

310 2433 418 2510 relisae,
445 2433 472 2496 si
495 2431 589 2497 medo
610 2432 674 2516 ipsi
695 2431 742 2495 ita
763 2429 939 2508 rideretur,
961 2429 1022 2496 hac
1041 2430 1122 2494 urbe
1143 2429 1278 2494 excede·
1329 2426 1411 2490 mini
1433 2426 1635 2494 humanitate
1656 2430 1690 2493 in
1721 2430 1922 2496 restituendo
1945 2429 2072 2498 0616166
2099 2452 2177 2498 suae
2198 2432 2302 2500 eccle·

310 2527 371 2596 ret,
398 2524 571 2601 propterea
597 2513 697 2599 quod,
720 2524 759 2581 ut
785 2515 885 2599 legati
911 2517 1161 2594 renunciarent,
1195 2515 1279 2580 bona
1330 2511 1407 2591 siae,
1428 2532 1527 2594 quam
1548 2512 1578 2578 61
1589 2513 1636 2578 ita
1646 2515 1807 2582 Dominus
1823 2517 2039 2596 commiserat,
2061 2525 2100 2583 ut
2119 2539 2186 2584 non
2206 2519 2303 2586 facile

310 2625 388 2689 pars
409 2602 507 2668 huius
533 2602 636 2685 plebis
662 2622 737 2667 oum
763 2601 875 2666 abasse
903 2601 1115 2666 vehementer
1136 2609 1276 2684 cuperet
1329 2597 1476 2681 potuerit
1502 2597 1571 2664 eius
1599 2619 1711 2666 euram
1740 2601 1826 2666 bona
1854 2603 2050 2668 commentia
2081 2603 2236 2682 abiicere,
2263 2623 2304 2669 ao

312 2687 403 2770 Quid
424 2689 568 2754 facturus
589 2697 674 2753 esset
695 2687 842 2752 nondum
862 2687 942 2752 satis
962 2686 1151 2752 sciebamus.
1197 2685 1278 2750 Om·
1330 2703 1368 2748 eo
1395 2703 1431 2748 se
1456 2684 1587 2765 penitus
1614 2705 1712 2750 onere
1740 2707 1918 2752 exonerare
1944 2686 2031 2770 quod
2063 2689 2164 2754 semel
2195 2689 2304 2756 iuerat

310 2794 370 2840 nes
392 2781 501 2838 161161
518 2774 643 2851 iratres,
667 2772 828 2837 duntaxat
845 2772 901 2855 qui
923 2772 977 2836 hic
997 2779 1157 2855 praesunt
1180 2769 1278 2836 verbo
1330 2769 1402 2834 eius
1422 2767 1567 2836 humeris
1595 2791 1616 2834 a
1636 2769 1779 2836 Domino
1808 2773 2005 2854 impositum.
2057 2773 2185 2841 Vestris
2212 2773 2305 2842 haud

310 2857 385 2936 Dei,
408 2860 442 2923 in
463 2857 525 2924 hec
545 2857 708 2924 sententia
728 2858 907 2941 persistunt
930 2865 967 2922 ut
987 2855 1144 2938 Fareliua,
1166 2857 1194 2922 si
1215 2878 1278 2940 quo
1330 2851 1427 2920 dubie
1447 2853 1551 2920 literis
1572 2856 1652 2922 satis
1673 2856 1896 2924 intelleximus
1917 2879 2016 2940 quam
2036 2869 2173 2943 parate
2195 2860 2304 2927 homi·

310 2944 406 3010 modo
423 2953 534 3027 posset
547 2944 732 3023 consistere,
751 2942 804 3010 hic
821 2951 1009 3026 permaneat
1024 2945 1059 3008 in
1070 2941 1278 3008 administra·
1329 2960 1405 3004 nem
1421 2940 1603 3019 amiseritis,
1637 2953 1756 3024 etque
1778 2943 1887 3008 animo
1909 2943 2303 3014 bonacumveuiavee-

310 3031 399 3096 tione
416 3029 578 3095 eeclesiae.
614 3029 695 3094 Eius
714 3030 761 3094 rei
778 3049 892 3094 causas
909 3037 980 3094 tute
998 3029 1069 3112 ipse
1086 3029 1165 3094 satis
1182 3029 1276 3094 nosti.
1330 3033 1383 3093 tra
1414 3027 1628 3107 permiseritis
1663 3037 1701 3092 ut
1728 3027 1818 3093 hune
1844 3050 1940 3094 suum
1968 3050 2102 3113 gregem
2130 3032 2304 3098 reviseret:

309 3114 381 3180 Vos
401 3123 510 3180 autern
532 3113 611 3198 qnid
632 3114 780 3180 sentiatis
797 3115 917 3180 mribus
936 3114 978 3179 ad
995 3135 1055 3180 nos
1071 3115 1178 3197 primo
1198 3135 1277 3197 quo·
1329 3131 1396 3176 non
1416 3109 1503 3194 qnod
1518 3113 1737 3194 gravmemini
1757 3112 1791 3178 id
1813 3115 1906 3180 nobis
1927 3125 2093 3197 praestare
2113 3117 2219 3194 officii,
2242 3115 2304 3184 sed

309 3221 373 3285 que
394 3209 547 3283 tempore.
590 3200 678 3266 Nam
699 3209 733 3265 et
753 3201 892 3266 fratrum
908 3199 1054 3266 concioni
1075 3221 1112 3264 eo
1133 3201 1203 3283 ipsc
1225 3199 1278 3264 die
1329 3193 1415 3277 qued
1437 3195 1529 3261 vobis
1550 3195 1640 3262 ahud
1658 3219 1723 3263 non
1744 3207 1874 3264 vestrae
1901 3199 2006 3266 solum
2026 3199 2084 3266 scd
2111 3209 2145 3266 et
2165 3203 2303 3269 univer·

309 3287 477 3438 placuerat
497 3293 535 3350 ut
562 3283 602 3350 da
623 3285 685 3351 hac
706 3307 743 3350 re
764 3285 1011 3350 consulerentur
1033 3285 1189 3352 ccclesiae
1211 3285 1279 3370 gul·
1329 3301 1386 3346 sae
1407 3279 1563 3347 ecelesiae
1584 3283 1761 3348 necessitas
1790 3283 1926 3350 suadere
1955 3285 2134 3352 rideretur.
2188 3289 2304 3370 Argu·

326 3371 434 3450 'cae,²)
455 3377 551 3454 atque
569 3369 651 3436 adeo
667 3371 881 3454 germanicae,
904 3370 1278 3454 sicommodefieripos·
1329 3375 1448 3444 menta,
1470 3365 1587 3448 quibus
1609 3368 1806 3450 persuadere
1833 3371 1996 3435 conamini
2024 3393 2124 3456 quam
2151 3371 2185 3437 id
2213 3373 2304 3439 lutu-

312 3463 372 3523 set
416 3453 468 3520 De
499 3455 661 3538 legatione
694 3455 929 3536 Bernensium‚
963 3465 995 3520 et
1027 3457 1164 3522 caeteris
1196 3477 1278 3538 quae
1328 3471 1403 3515 rum
1424 3451 1523 3516 sitin
1546 3473 1616 3516 rem
1638 3453 1850 3520 ccclesiaeut
1871 3455 1955 3538 apud
1977 3477 2036 3522 vos
2058 3465 2204 3536 maneat,
2232 3481 2305 3525 non

310 3549 385 3626 post
415 3539 591 3605 discessum
624 3549 718 3605 tuum
747 3540 947 3618 acciderunt,
984 3543 1103 3625 partim
1135 3542 1278 3608 scribent
1329 3543 1450 3601 temere
1476 3535 1669 3603 damnamus
1698 3547 1756 3603 aut
1790 3559 1877 3604 rana
1909 3561 1979 3606 csse
2011 3543 2208 3610 iudicamus:
2244 3544 2306 3610 sed

311 3625 383 3702 alii,
398 3625 529 3724 ‘partim
557 3625 766 3691 nunciabant,
810 3626 895 3692 Mihi
924 3637 1012 3692 certe
1037 3627 1073 3692 in
1101 3633 1194 3693 tanta
1221 3628 1277 3693 do-
1329 3642 1393 3704 que
1414 3622 1518 3706 mugis
1536 3623 1606 3688 eius
1623 3625 1841 3706 praesentiam
1860 3625 1954 3692 vobis
1971 3631 2188 3694 necessariam
2211 3631 2305 3696 affir-

311 3709 408 3776 condr
434 3710 641 3792 occupatione
666 3711 723 3776 vix
745 3712 825 3779 haec
850 3711 922 3795 ipsa
949 3712 1085 3779 licuerat
1110 3713 1277 3780 celerrime
1328 3707 1434 3785 matis,
1457 3727 1495 3774 ec
1513 3709 1617 3792 magis
1635 3719 1781 3775 nostram
1798 3711 1892 3777 nohis
1914 3714 2140 3780 necessitatem
2162 3713 2203 3780 eb
2224 3735 2306 3782 oeu-

312 3795 481 3894 scribere.¹
496 3793 549 3860 De
565 3815 618 3859 ma
635 3793 796 3861 nihildum
814 3796 934 3881 placuit
948 3799 1103 3864 fratribus
1125 3805 1276 3876 statuere,
1328 3792 1377 3857 1⁰⁸
1394 3792 1676 3876 1101111111111111111111111
1694 3796 1823 3878 ponitis,
1841 3806 1875 3861 et
1891 3799 1997 3883 magis
2014 3807 2164 3866 nostrum
2185 3821 2306 3868 aceen-

314 3880 417 3948 donee
438 3879 560 3946 sedicet
586 3878 772 3962 expeditum
797 3881 931 3950 videant
957 3885 1018 3950 hoc
1044 3891 1156 3950 tantm
1184 3884 1278 3950 molis
1329 3875 1406 3943 ditis
1428 3877 1497 3944 eius
1525 3879 1688 3945 retinendi
1715 3879 1920 3946 desiderium.
1969 3883 2061 3949 Nihil
2089 3885 2178 3950 enim
2204 3886 2307 3953 isthic

313 3966 511 4066 negotium..
543 3965 644 4030 Vireto
670 3969 848 4066 abnostris
876 3969 1027 4036 omnibus
1055 3991 1127 4035 mec
1154 3981 1187 4036 et
1212 3971 1277 4036 fra-
1329 3971 1494 4112 praestare
1514 3974 1635 4048 potest,
1662 3965 1748 4048 quod
1778 3966 1830 4034 hic
1851 3989 1918 4032 non
1939 3970 2041 4050 possit
2060 3971 2165 4036 multo
2185 3993 2308 4040 cumu-

312 4057 403 4117 trum
425 4071 556 4116 nomme
583 4049 720 4116 salutem
743 4049 846 4118 drertc.
891 4054 1164 4121 Commendamus
1186 4055 1278 4122 vobis
1342 4057 1436 4114 11111111.
1490 4049 1577 4114 Nem
1609 4061 1837 4135 praeterquam
1869 4053 1955 4136 quod
1989 4074 2098 4121 sacras
2128 4059 2308 4126 conciones

314 4137 375 4204 hoe
395 4143 462 4236 tres
483 4137 639 4214 aurifices,
661 4137 717 4219 qui
731 4136 865 4203 Lutetia
880 4138 920 4204 ob
937 4139 1279 4208 nomsnIesuOhristi
1330 4154 1394 4198 nen
1423 4155 1538 4217 parum
1565 4138 1706 4220 acceptis
1732 4157 1753 4200 a
1778 4139 1921 4204 Domino
1952 4141 2143 4206 coelestibus
2170 4141 2309 4211 dotibus

314 4221 444 4321 profugi
464 4231 550 4290 sunt
593 4221 719 4288 Eorum
740 4221 902 4288 fortunam
923 4223 976 4292 hic
998 4235 1108 4293 noster
1129 4225 1278 4294 Clemens
1329 4227 1505 4286 ornaturus
1538 4229 1601 4300 cst,
1632 4221 1721 4288 dictu
1752 4223 1940 4290 incredibile
1972 4235 2127 4308 quantum
2168 4229 2309 4296 scholae

315 4307 410 4375 robis
429 4327 564 4376 narrare
580 4307 707 4392 poterit
740 4305 833 4372 Vale.
866 4307 1278 4396 Νοο6611116.0110613)
1329 4306 1815 4408 1108111111ῦὶ10011111101111111111,
1843 4321 1876 4374 111
1904 4330 2001 4392 quam
2021 4311 2086 4377 late
2108 4311 2309 4395 praelectio-

926 4447 1015 4514 116
1036 4448 1217 4517 oorerius·
1329 4393 2310 4558 itttttttt‘tttttftttstthttttt?

318 4581 519 4594 ··“-·“··
1330 4579 1404 4625 care
1425 4561 1519 4640 velit,
1548 4583 1616 4627 nen
1643 4565 1751 4628 minus
1774 4563 1829 4630 hio
1851 4584 1949 4648 quam
1970 4565 2067 4634 isthic
2088 4569 2119 4633 ei
2141 4570 2201 4634 6111
2223 4591 2310 4657 sup-

340 4661 407 4726 m,
425 4665 454 4727 1)
475 4663 591 4745 Uespa
607 4663 658 4720 1)..
673 4665 753 4734 Bou,
770 4667 947 4737 cymam
1329 4653 1426 4728 petet,
1449 4644 1660 4732 dabimusque
1690 4668 1820 4730 operam
1848 4657 1886 4714 ut
1910 4673 2009 4736 quam
2030 4653 2206 4720 minimum
2230 4659 2312 4726 fieri

1413 1265 1683 1333 Prudentissimis
1710 1275 1745 1334 et
1765 1269 1953 1334 clarissimis
1983 1269 2063 1334 viris
2085 1270 2201 1338 vicinis
2223 1291 2300 1338 nos-

1329 1350 1389 1414 tris
1417 1360 1451 1415 et
1478 1352 1591 1418 amieis
1622 1353 1799 1436 plurimum
1835 1353 2048 1420 observandis
2076 1355 2236 1440 Magistro
2267 1369 2301 1424 et

1329 1432 1466 1501 Senatui
1488 1439 1722 1522 Argentinensi

1967 1526 2174 1610 Argentinae.
2189 1527 2213 1609 ¹)

419 4731 573 4794 9166161
588 4733 722 4790 116166ιὲ1.
1330 4731 1450 4813 poterit
1470 4735 1540 4800 eius
1561 4731 1712 4800 valetudo
1740 4740 1900 4802 atteratur
1922 4747 1981 4804 aut
2001 4747 2157 4824 gravetur
2177 4741 2310 4812 laberi-
2435 4765 2436 4783 ¹

419 4800 1277 4878 armemurmmmmuufa

319 4869 370 4928 nlo
380 4869 477 4928 didu-
1351 4899 1415 4961 857.
1431 4901 1461 4965 l)
1481 4901 1608 4956 Ordonne’
1629 4902 1663 4955 de
1679 4901 1748 4956 seire
1765 4919 1815 4973 per
1831 4907 1934 4976 meript
1949 4909 1998 4962 des
2016 4911 2224 4966 remereirncnts
2244 4933 2264 4969 a
2281 4917 2312 4971 la

1330 4969 1487 5039 Saignenrie
1506 4969 1541 5022 de
1559 4970 1592 5024 St
1626 5011 1631 5022 .
1655 4970 1690 5023 ds
1711 4987 1743 5025 ee
1767 4973 1824 5042 quil
1847 4975 1906 5028 leur
1923 4977 2020 5046 splen
2037 4979 2223 5036 nooslaisser
2242 5001 2311 5054 per·
2434 4993 2435 4998 ’

1328 5045 1428 5092 mettre
1445 5039 1523 5092 venir
1540 5039 1588 5091 tle·
1622 5039 1691 5092 chan
1710 5039 1819 5104 Calain,
1843 5043 1882 5097 les
1904 5047 2068 5100 avertissent
2093 5048 2152 5116 quil
2175 5055 2222 5105 661
2247 5060 2311 5108 tm

697 5113 900 5130 --........
1328 5106 1591 5243 moclena?
1613 5107 1696 5176 eglise
1720 5117 1749 5162 et
1765 5126 1819 5178 que
1835 5127 1870 5166 en
1886 5113 1964 5168 icelle
1982 5119 2137 5170 6111611111
2156 5117 2249 5192 (esp.
2269 5123 2312 5180 a·
