4898 5970
170 309 230 373 sot
1017 313 1099 376 1544
1120 310 1322 380 Duoetffl.

2096 329 2161 395 802

170 495 340 564 contineri
385 494 480 562 Adde
507 497 593 579 quod
619 497 775 580 quidquid
796 498 831 563 in
853 519 973 583 genere
994 469 1140 566 contine·
1192 519 1298 583 neque
1325 501 1573 572 incommodant
1628 505 1720 572 Nihil
1746 529 1824 575 sans
1853 508 2055 580 habitudinis
2082 535 2162 583 oum

168 589 234 660 tur,
258 593 316 646 eut
337 581 529 667 simpliciter
548 592 582 647 et
603 585 741 666 proprie,
763 583 1034 666 quomadmodum
1066 605 1140 670 spe·
1192 586 1357 670 paradoxo
1379 610 1437 672 pro
1459 611 1522 672 quo
1543 597 1828 659 controversemur
1849 595 1980 660 hubent

170 667 237 734 cies
259 675 292 732 ct
312 687 396 748 quae
416 667 478 732 sub
500 669 548 733 oie
569 670 788 746 continentur,
818 679 878 734 aut
897 691 957 752 por
978 670 1140 737 reductio-
1278 672 1416 739 Caetera
1436 689 1546 740 eutem
1575 698 1657 760 quae
1681 695 1754 744 tuae
1777 681 1876 762 priori
1897 682 2051 764 epistolae
2071 685 2160 752 inse-

169 773 257 830 nem,
285 753 335 816 uti
361 753 531 836 principia.
561 756 644 818 sicat
671 764 827 837 punctum
851 765 884 820 et
903 756 1013 822 unitas
1034 757 1141 840 quood
1193 757 1356 837 rebantur,
1391 761 1444 826 abi
1475 761 1576 827 semel
1608 763 1734 829 reddita
1766 767 1896 844 luerint,
1930 766 2084 834 diluenda
2116 774 2161 844 (si

170 859 274 924 genus
295 839 495 920 quantitatis,
524 847 563 904 ut
583 842 743 924 principio
763 840 974 916 reducuntur,
1003 845 1141 909 caecitas
1192 841 1357 908 Dominus
1379 845 1564 924 donaverit)
1586 850 1772 916 curabimus
1793 850 1990 936 diligentins.
2020 854 2161 924 Interim

170 935 281 989 autem
303 924 472 1006 omnisque
493 926 635 1007 privatio
656 927 696 989 ad
720 945 823 1010 genus
844 929 894 992 sui
917 925 1056 992 hobitus.
1094 931 1142 993 At
1192 937 1300 994 eutem
1323 929 1404 996 hece
1425 935 1543 1014 accipe,
1566 942 1662 1018 atque
1683 936 1792 1001 omnia
1819 939 1894 1002 boni
1918 939 2059 1018 consulo,
2082 961 2160 1007 con·

170 1019 288 1074 neutro
309 1007 531 1074 modoDcum
552 1021 677 1093 patrem
701 1013 804 1076 filium
823 1013 1029 1096 suspiritum
1047 1034 1140 1079 saue·
1192 1011 1339 1096 donaquo
1371 1017 1528 1100 quidquid
1560 1019 1594 1085 in
1627 1029 1659 1084 to
1691 1021 1813 1086 dictum
1841 1035 1891 1089 cst
1922 1025 2160 1094 amarulentius

169 1099 240 1158 tum
261 1095 295 1160 in
312 1095 549 1178 categoriarum
567 1097 727 1162 cancellos
744 1098 827 1162 citra
838 1098 1035 1180 impietatem
1048 1099 1140 1164 theo-
1192 1119 1289 1181 quam
1316 1099 1437 1166 deccct.
1486 1104 1559 1168 Hoc
1586 1107 1672 1170 enim
1698 1108 1759 1173 feci
1788 1107 1976 1193 liberios⁸⁸)
2004 1123 2059 1176 tuo
2085 1133 2159 1194 pro·

169 1178 265 1265 logos
286 1181 490 1246 concluserit
519 1181 615 1262 Quod
638 1203 715 1247 vero
733 1202 791 1265 per
808 1183 1029 1249 reductionem
1049 1185 1140 1250 Deus
1192 1195 1325 1251 vocatus
1349 1189 1506 1272 exemplo.
1551 1189 1752 1258 Percurrens
1778 1195 1898 1276 quippe
1928 1204 2002 1260 tuce
2022 1197 2160 1264 institu-

168 1279 263 1349 peter
289 1276 348 1331 eto.
376 1267 411 1330 in
439 1287 559 1350 genere
587 1289 653 1332 non
681 1270 895 1349 conducetur,
923 1279 1013 1352 patet
1037 1290 1079 1334 ex
1101 1291 1139 1336 eo
1191 1269 1288 1335 tionis
1306 1270 1394 1339 locos
1411 1275 1533 1357 aliquot
1550 1277 1653 1341 multa
1664 1287 1739 1343 tuae
1750 1278 1953 1345 incivilitatis
1965 1293 2159 1366 argumenta

169 1350 254 1434 quod
281 1351 486 1436 principium,
515 1352 599 1435 quod
627 1354 663 1418 io
684 1353 815 1436 aliquod
837 1375 941 1438 genus
961 1355 1137 1432 reducitur,
1189 1355 1321 1434 offendi,
1342 1379 1425 1441 quae
1447 1361 1488 1425 sd
1512 1361 1571 1426 hoo
1593 1383 1646 1428 me
1667 1373 1849 1431 moverunt.
1885 1366 1977 1432 Vale.
2007 1367 2099 1437 llaec
2115 1367 2158 1434 ed

169 1445 264 1502 extra
298 1459 401 1522 genus
436 1437 516 1502 illud
547 1459 750 1521 nequaquam
783 1438 980 1506 extenditur.
1041 1441 1138 1507 Siout

169 1529 328 1606 punctum
340 1523 402 1588 nisi
414 1523 514 1588 solius
534 1526 725 1606 quantitatis
747 1525 921 1591 continuae
939 1527 1135 1610 principium

169 1627 241 1674 esse
258 1617 373 1691 potest,
395 1610 504 1675 unitus
525 1629 605 1674 uero
627 1609 794 1688 discretae,
813 1612 1023 1676 Deusautem
1036 1613 1137 1678 totius

168 1711 240 1760 esse
249 1694 444 1778 principium
458 1703 516 1760 est
548 1693 659 1774 Quare
670 1717 728 1778 per
739 1695 959 1762 reductionem
971 1698 1004 1762 in
1017 1719 1136 1782 genere

168 1800 233 1846 non
251 1780 323 1844 erit
357 1779 541 1846 Caeterum·
549 1781 577 1844 si
588 1780 731 1862 plurium
744 1781 878 1847 deorum
889 1783 1136 1864 possibilitatem

168 1864 253 1930 nolis
284 1863 466 1944 admittere,
499 1865 691 1948 simpliciter
723 1887 762 1932 ac
794 1869 924 1952 proprie
956 1869 1066 1934 Deum
1099 1870 1135 1934 in

167 1969 288 2035 genere
309 1971 375 2016 non
397 1973 432 2016 es
453 1951 674 2018 conclusurus.

231 2035 375 2102 Fatebor
385 2036 515 2120 quidem
527 2037 591 2101 duo
603 2037 635 2102 in
648 2036 768 2104 divinis
779 2038 1051 2123 praedicamenta,
1073 2041 1136 2106 sei-
1238 2059 1245 2076 ·

166 2119 243 2186 licet
261 2121 472 2188 substantium
493 2129 527 2187 et
544 2121 583 2186 ad
602 2122 725 2206 aliquid
745 2125 766 2190 i.
779 2145 806 2189 e.
825 2124 933 2207 aliqua
951 2124 992 2190 ad
1010 2146 1045 2190 se
1062 2123 1136 2206 dici,

167 2206 232 2272 alio
244 2227 324 2272 vero
338 2209 533 2308 respective:
547 2209 658 2308 Deum
668 2211 831 2310 vero,·qui
846 2209 990 2310 absolute
1008 2210 1135 2290 dieitur,

167 2294 899 2458 tt.ttl‘?m13t..ll¹tt.ll.t¹tillut,
910 2306 1136 2446 tlttttt.

168 2460 271 2528 dicam
280 2462 411 2542 luderis,
423 2465 646 2550 Augustinum
658 2465 747 2544 citas,
759 2487 854 2548 qncm
868 2475 942 2532 tuae
953 2469 1136 2532 sententiae

166 2549 265 2633 lingis
286 2559 490 2628 assertorem,
517 2552 625 2632 quiin
647 2550 701 2616 Ps.
722 2556 762 2616 68
781 2551 927 2617 scribens
946 2552 1135 2636 interrogat,

167 2632 655 2718 idemnesitpaturquodlilius?
684 2635 737 2701 Ad
745 2637 1136 2720 quaminterrogetioncm

167 2721 345 2803 Augustini
357 2719 456 2785 verba
466 2720 564 2805 paulo
574 2721 735 2788 diversius
745 2743 841 2804 quum
854 2721 995 2788 habeant
1002 2723 1136 2806 profers.

167 2802 225 2872 Sic
246 2807 333 2871 enim
362 2806 500 2872 habeut:
523 2805 713 2872 Secundum
741 2807 960 2874 substantiam
985 2807 1044 2873 tibi
1067 2807 1136 2873 dixi

166 2889 228 2958 hoe
251 2912 321 2958 esse
343 2891 448 2956 filium
469 2889 555 2975 quod
577 2901 678 2974 poter,
707 2914 775 2958 non
795 2891 973 2958 secundum
995 2893 1027 2958 id
1050 2892 1136 2976 quod

166 2975 287 3043 dicitur
306 2975 348 3042 ad
365 2976 463 3055 aliud,
480 2977 501 3042 i.
514 2997 542 3042 e.
560 2976 740 3043 secundum
757 2977 842 3062 quod
858 2979 997 3045 relative
1008 2979 1134 3046 dicitur.

165 3061 239 3128 Hoc
265 3063 352 3127 enim
374 3060 469 3127 modo
490 3063 669 3146 Augustini
696 3084 891 3148 responsum
912 3064 1135 3148 accipiendum

166 3145 327 3212 duxerim.
377 3149 428 3212 Τιι
456 3169 533 3214 asro
562 3147 658 3232 longe
688 3148 851 3214 diversam
883 3149 1052 3216 attexuisti
1083 3172 1135 3216 re-

164 3233 382 3317 sponsionem.
397 3232 520 3300 scilicet
535 3233 715 3300 seeundum
726 3234 942 3301 substantiam
953 3235 1040 3300 idem
1055 3256 1135 3316 esse,

164 3339 233 3384 non
261 3317 439 3384 monadum
471 3317 555 3402 quod
585 3319 674 3385 aliud
702 3319 744 3384 ad
770 3319 869 3386 uliud.
915 3319 1027 3402 Quum
1048 3321 1136 3388 lilius

165 3403 207 3470 ad
227 3413 354 3488 patrem
376 3403 503 3482 dicitur,
526 3426 591 3470 non
609 3403 697 3470 aliud
720 3404 761 3470 ad
779 3404 1012 3474 aliuddicitur.
1035 3405 1135 3472 Aliud

165 3490 286 3574 quippe
305 3499 430 3572 patrem
452 3491 558 3567 ofilio,
582 3511 641 3557 nec
651 3491 756 3556 lilium
773 3491 864 3556 eliud
880 3503 1005 3575 epatre
1015 3491 1136 3558 dixerit

164 3595 277 3653 nemo,
310 3575 572 3658 quandoquidem
604 3589 698 3660 pater
726 3584 760 3641 et
791 3577 879 3642 iilius
911 3599 1014 3642 unum
1046 3587 1133 3658 sant,

164 3660 353 3744 nullamque
390 3661 478 3725 inter
517 3681 572 3726 ecs
609 3662 673 3727 nisi
710 3661 894 3729 haereticus
926 3663 1134 3729 essentialem

166 3747 279 3828 (quam
313 3755 423 3810 tamen
456 3747 545 3812 eliud
578 3745 725 3831 denotat)
764 3747 940 3831 protulerit
973 3749 1133 3832 assignari

165 3829 413 3896 distinctionem.
454 3833 527 3896 Non
550 3834 747 3916 gravaberis,
770 3833 847 3898 dum
866 3855 924 3917 per
941 3837 1043 3899 otium
1059 3835 1134 3901 liec-

164 3916 220 3996 bit,
245 3917 323 4000 quid
345 3937 404 4000 per
425 3915 513 3982 aliud
535 3917 574 3982 ad
598 3918 694 3996 aliud,
717 3917 795 3983 dum
817 3919 920 3984 tilium
943 3919 983 3984 ed
1006 3929 1131 4002 patrem

163 4004 274 4080 relers,
304 4001 512 4068 intellexeris.
556 4003 753 4068 Huiusmodi
783 4003 928 4088 loquutio
957 4003 1131 4070 admodum

163 4089 246 4154 mihi
269 4087 376 4152 aliena
397 4088 470 4154 risa
497 4097 556 4164 est,
585 4087 821 4170 dicendumque
850 4090 933 4155 alius
962 4089 1003 4154 ad
1031 4091 1130 4156 alium

161 4173 288 4258 putavi.
332 4173 458 4255 Nempe
479 4174 563 4239 alius
585 4185 686 4257 pater,
709 4173 793 4239 elius
815 4175 919 4240 filius:
944 4197 1010 4240 non
1033 4175 1130 4254 aliud,

161 4260 218 4342 qui
241 4258 323 4322 nolit
343 4260 379 4323 in
402 4260 623 4324 Arianismum
645 4260 797 4336 incidere,
819 4260 926 4326 dicere
948 4263 1129 4328 conveniet.

162 4345 248 4409 'lum
260 4345 567 4428 quasilopaeam⁸⁷t
586 4365 706 4410 canem
725 4343 893 4430 adiungis:
913 4346 982 4412 leta
995 4345 1129 4412 distine-

161 4430 252 4495 tione
273 4429 434 4509 adhibita,
456 4430 534 4514 quid
557 4431 700 4514 ambigui
720 4431 860 4514 emplius
882 4432 1012 4498 menet?
1058 4433 1130 4499 Heu

161 4535 242 4582 eane
269 4525 418 4598 superest
448 4516 534 4597 quod
562 4514 785 4598 respondendo
811 4516 894 4582 nihil
922 4516 1128 4600 respondisti,

160 4615 196 4666 et
217 4599 382 4685 probando
404 4601 489 4666 nihil
509 4602 681 4686 probatum
700 4608 759 4673 est.
781 4601 902 4685 vilique
926 4603 979 4686 (ιιι
997 4601 1129 4690 dieitur)

160 4683 336 4752 lenticulae
364 4695 569 4770 unguentum
599 4686 811 4760 immiscuisti.
856 4688 1025 4754 Postremo
1047 4710 1129 4772 quae

161 4792 204 4838 ex
227 4771 393 4856 trigesimo
420 4792 504 4836 nono
528 4779 671 4840 tractata
700 4772 880 4857 Augustini
906 4773 941 4838 in
971 4773 1129 4840 Ioannem

160 4858 254 4935 citas,
275 4857 393 4940 quibos
414 4865 540 4941 patrem
559 4869 593 4922 et
610 4858 714 4924 filium
730 4879 832 4923 uuum
848 4879 919 4924 esse
931 4859 1127 4943 principium

160 4953 336 5021 assertum,
354 4963 461 5028 neque
478 4949 553 5008 tuae
570 4963 676 5027 neque
693 4965 784 5010 meae
801 4945 988 5012 inserviunt
1004 4965 1129 5026 causae,

264 5215 312 5281 dl)
329 5217 398 5286 lopo:
417 5217 448 5270 Io
466 5231 560 5284 paean.

226 5301 228 5307 ⁴
268 5299 378 5358 Galum
391 5315 500 5370 opero..
526 5300 580 5356 Vel.
599 5297 651 5352 xl.

1188 1449 1222 1506 to
1243 1443 1357 1527 scripsi
1378 1453 1416 1510 ut
1436 1445 1561 1514 docear.

1569 1740 1770 1751 -.-...

1634 1956 1708 2028 591.

1428 2091 1663 2160 OALVINUS
1685 2094 1916 2164 FARELLO.

1273 2259 1325 2326 De
1347 2259 1516 2328 carmelita
1537 2263 1591 2329 illo
1611 2265 1702 2346 qrtole
1722 2265 1886 2332 comitiam
1904 2265 2006 2334 Virrio
2027 2269 2154 2338 dederit.

1189 2343 1299 2430 Moqis
1320 2348 1414 2413 ctiam
1435 2349 1623 2414 macetum
1649 2351 1678 2414 ei
1704 2356 1801 2416 movet
1823 2351 1998 2434 Capenati
2025 2355 2156 2438 epeata

1187 2431 1231 2495 ad
1261 2452 1357 2512 quam
1387 2434 1525 2516 [rabam
1557 2455 1738 2518 remensum
1769 2437 1836 2501 iam
1861 2443 2014 2520 puratum
2039 2446 2093 2520 cst,
2126 2446 2156 2507 et

1187 2515 1318 2597 libellus,
1340 2519 1392 2583 cui
1412 2539 1488 2618 num
1515 2525 1544 2586 et
1572 2523 1722 2604 quomodo
1750 2525 1932 2605 respondere
1958 2524 2062 2592 debeat
2088 2527 2156 2610 ipse

1187 2621 1226 2666 aa
1245 2603 1345 2668 emico
1366 2609 1495 2685 quaere.

1187 2771 1282 2838 (unus
1301 2772 1402 2842 scripta
1419 2790 1473 2828 non
1491 2779 1588 2828 exstet.
1621 2775 1733 2845 Legitur
1750 2777 1778 2829 in
1797 2777 1838 2830 ed.
1857 2777 1958 2832 (leues.
1975 2796 2002 2848 p.
2013 2777 2057 2840 91,
2075 2779 2157 2837 Lena

1256 2857 1281 2910 p.
1304 2839 1361 2908 199,
1379 2841 1485 2896 Houor.
1504 2859 1531 2912 p.
1550 2841 1610 2912 tat,
1628 2843 1740 2898 Ghonet
1758 2861 1785 2914 p.
1804 2844 1862 2912 122,
1881 2849 1971 2902 Amet.
1989 2864 2015 2916 p.
2033 2846 2089 2917 bb.)

1272 3027 1324 3096 Do
1354 3027 1522 3096 &tradito
1536 3029 1559 3116 ¹)
1588 3051 1689 3114 quum
1718 3053 1778 3116 ego
1806 3032 1973 3098 oonsrrltus
2001 3053 2107 3100 mem
2135 3055 2156 3102 a

1195 3112 1305 3194 Virrio,
1326 3115 1436 3180 statim
1459 3114 1537 3198 quid
1565 3117 1719 3182 sentirem
1747 3115 1912 3200 respondi:
1942 3139 1984 3182 ne
2013 3119 2155 3202 emplius

1187 3199 1343 3266 iratribus
1365 3201 1521 3268 molestus
1543 3210 1638 3267 esset.
1682 3201 1759 3268 Alia
1786 3203 2045 3268 omniafrustra
2073 3203 2156 3270 mihi

1187 3285 1308 3350 tentari
1330 3285 1533 3352 videbantur.
1578 3287 1663 3353 Nam
1690 3299 1729 3354 ut
1754 3299 1975 3356 accerseretur
2002 3287 2066 3354 fido
2094 3310 2155 3372 pu·

1186 3370 1279 3448 blico,
1301 3393 1405 3454 neque
1426 3372 1580 3457 expedire
1602 3372 1787 3440 censebam:
1817 3395 1877 3440 neo
1904 3395 2048 3458 unquam
2071 3375 2154 3440 Ber·

1186 3455 1318 3524 natibus
1346 3459 1461 3524 fuisset
1485 3479 1685 3542 persuasum.
1728 3461 1784 3524 An
1813 3469 1849 3524 tu
1872 3460 1937 3525 illis
1959 3459 2155 3542 consuleres,

1186 3551 1300 3607 uttam
1312 3545 1473 3626 proiectae
1484 3544 1703 3628 impudentiae
1721 3545 1795 3610 ceni
1812 3544 1930 3610 darent
1940 3543 2155 3611 maledicendi

1185 3627 1435 3711 impunitatem?
1484 3629 1568 3694 Num
1608 3631 1636 3696 si
1676 3629 1787 3696 addita
1825 3630 1932 3714 aliqua
1963 3631 2155 3713 exceptione

1185 3713 1308 3778 vellent
1330 3714 1526 3798 restringere
1548 3715 1619 3781 eius
1641 3715 1815 3791 licentiam,
1842 3725 1977 3800 negaret
1997 3717 2059 3782 sibi
2081 3736 2155 3782 osse

1184 3805 1304 3865 tutum.
1348 3798 1440 3881 Quin
1468 3801 1567 3866 etiam
1587 3823 1653 3866 non
1680 3803 1764 3885 petit
1790 3803 1866 3884 quia
1895 3803 2005 3868 venire
2033 3801 2153 3884 cupiat

1183 3885 1309 3950 Veram
1329 3885 1358 3950 si
1381 3895 1489 3969 posset
1510 3886 1665 3965 obtinere,
1690 3887 1914 3952 circumferret
1936 3887 1999 3954 hue
2021 3895 2055 3952 et
2074 3886 2154 3952 illuc

1184 3979 1218 4034 et
1236 3991 1272 4036 se
1293 3971 1430 4037 iectorct
1450 3971 1536 4054 apud
1557 3971 1733 4054 imperitos,
1756 3971 1812 4054 qui
1833 3973 1910 4038 inde
1932 3973 2153 4038 coniecturam

1183 4056 1328 4121 iacerent
1350 4077 1424 4121 eum
1446 4078 1516 4122 esse
1538 4057 1689 4140 aliquem.
1741 4055 1780 4124 si
1808 4079 1918 4124 nosses
1946 4059 2016 4124 eius
2043 4058 2151 4140 impu·

1183 4139 1335 4220 dentiam,
1357 4150 1517 4208 statueres
1546 4143 1646 4208 etiam
1676 4143 1788 4226 procul
1815 4143 1912 4210 dubio
1940 4143 2044 4226 magis
2073 4141 2151 4208 hinc

1182 4224 1357 4326 procudam
1387 4247 1467 4306 esse,
1497 4248 1595 4310 quam
1624 4228 1688 4293 fido
1716 4228 1848 4310 publica
1874 4227 2082 4305 evocandum,
2113 4235 2152 4292 ut

1181 4333 1314 4395 impune
1335 4332 1410 4377 oum
1428 4333 1548 4396 magno
1566 4313 1738 4397 supercilio
1757 4313 1928 4380 Christum
1946 4313 2152 4398 blasphema-

1181 4407 1239 4460 ret
1285 4395 1370 4462 Nam
1392 4398 1513 4464 centies
1537 4399 1650 4478 victus,
1679 4399 1750 4464 siae
1772 4399 1879 4466 fronte
1902 4415 2011 4466 tamon
2033 4399 2151 4464 trium·

1181 4482 1284 4566 phem
1305 4490 1408 4548 cenet.
1453 4483 1618 4562 insistere,
1649 4491 1687 4548 ut
1711 4483 1777 4550 fide
1807 4485 1936 4569 publica
1964 4493 2074 4550 tutum
2100 4481 2151 4550 illi

1180 4587 1346 4632 accessum
1374 4589 1485 4646 cures,
1516 4569 1614 4634 nimis
1642 4579 1693 4636 est
1721 4569 1905 4637 ridiculum.
1957 4569 2032 4652 Quo
2061 4569 2151 4636 enim

1180 4651 1249 4718 loeo
1271 4651 1371 4717 talem
1398 4655 1595 4721 nebulonem
1623 4675 1694 4721 esse
1720 4656 1839 4738 putas?
1883 4655 1976 4722 Haeo
2002 4657 2039 4721 in
2066 4653 2150 4722 mus

1205 4875 1319 5004 wulpi)
1333 4877 1565 5000 'diogillsnhhmt
1594 4943 1706 4999 Calciai
1721 4958 1885 5012 responsum
1900 4957 1958 4998 ιιοιι
1973 4947 2071 5000 astet
2099 4942 2150 5000 Eu

1181 5012 1356 5093 uqacatsbae
1381 5011 1488 5080 colliqes
1508 5013 1647 5081 ucetiam
1671 5013 1759 5080 [usse
1783 5011 1968 5092 namquid
1990 5013 2023 5067 io
2044 5013 2149 5093 ridicu

1180 5081 1369 5204 tatu
1379 5081 2149 5220 tuuwttutauuuwm

1181 5225 1264 5274 aare
1278 5219 1380 5286 aaut
1650 5189 1659 5218 '

1910 5305 1946 5360 bl
