4910 5974
1057 301 1137 362 1542
1158 295 1265 366 NOV.

615 483 691 556 ita

364 620 699 688 Bnauaunman
726 622 943 690 OALVINO.

254 789 352 858 Goeiii
381 791 453 874 scta
483 794 705 860 ruentiecima.
763 793 875 860 Ociiu
914 795 1140 878 inexspectatus

168 871 278 944 abias.
324 875 444 944 Roma
470 877 506 944 ia
533 879 611 945 oola
633 878 836 946 Ferrarienei
861 883 970 959 οἰοίοι,
997 881 1052 946 abi
1072 881 1140 946 inm

168 962 309 1030 comibus
322 963 495 1045 pacalibus
515 967 659 1032 acuunt
679 965 793 1048 nepti.

330 1133 387 1199 (Ex
404 1135 572 1204 autographo
590 1135 655 1190 Ona
674 1135 775 1191 Gener.
795 1133 852 1204 toa,
871 1137 916 1192 fol.
933 1135 972 1204 7.)

492 1377 496 1386 .
538 1324 572 1390 Δ
592 1323 764 1389 Mousieur

453 1409 623 1474 Monsienr
646 1409 845 1494 Despeville.

248 1541 284 1612 S.
307 1543 345 1612 P.
383 1544 528 1612 Reddita
548 1544 630 1611 mihi
652 1553 703 1612 est
725 1547 861 1630 epistola
881 1553 940 1616 tua
961 1567 1034 1632 qua,
1056 1570 1136 1632 quo-

162 1630 251 1696 niam
282 1629 363 1696 mibi
394 1629 542 1697 laborare
575 1632 738 1698 videbaris
765 1654 809 1699 ue
841 1655 958 1718 parum
991 1657 1011 1700 ι
1042 1633 1135 1700 nobis

162 1715 303 1802 diligens
324 1717 359 1782 iu
377 1715 547 1784 scribendo
564 1727 726 1802 paterere,
750 1739 865 1802 operae
886 1719 1027 1804 pretium
1050 1719 1134 1786 iudi-

161 1803 235 1868 cari
264 1810 301 1868 ut
327 1823 387 1886 per
408 1824 461 1868 me
489 1805 608 1870 certior
629 1805 734 1884 fieres,
762 1803 918 1890 quidquid
940 1826 961 1870 a
982 1815 1014 1870 te
1034 1807 1134 1890 profi-

163 1887 297 1954 ciscitur
324 1897 392 1952 tam
421 1887 475 1954 hio
501 1909 572 1956 csse
600 1899 732 1988 gratum
760 1911 858 1975 quam
880 1891 965 1975 quod
986 1891 1134 1976 gratissi-

162 1993 263 2038 mum.
317 1973 530 2040 Delectamur
562 1996 650 2040 erum
687 1997 788 2058 quum
821 1975 1044 2042 recordatione
1073 1977 1133 2060 tui,

162 2065 234 2124 tum
262 2059 405 2124 maximo
433 2059 499 2124 tuis
527 2060 640 2140 literis,
668 2069 706 2125 ut
732 2059 816 2126 nihil
837 2061 1051 2128 dubitandum
1073 2061 1133 2129 tibi

162 2143 214 2222 sit,
242 2143 364 2210 babere
393 2153 426 2210 te
452 2146 618 2211 neminem
640 2147 693 2212 cui
722 2168 820 2230 quam
849 2147 942 2214 nobie
963 2149 1031 2214 sint
1052 2149 1133 2214 haee
1199 2196 1205 2210 .

161 2229 268 2295 officia
289 2238 348 2295 tua
369 2229 506 2295 cariora:
536 2231 592 2297 sed
614 2239 741 2310 tamen,
771 2241 806 2298 tu
828 2234 906 2316 quia
927 2233 1015 2300 haud
1037 2255 1133 2318 saepe

160 2315 307 2380 fortassis
329 2315 430 2380 habes
451 2317 504 2382 cui
526 2317 567 2382 ad
589 2339 647 2384 nos
665 2317 836 2402 epistolam
857 2325 945 2386 recte
963 2319 1041 2384 dare
1058 2341 1132 2404 pos-
1203 2369 1209 2382 .

161 2401 214 2480 sis,
237 2410 272 2466 et
293 2421 328 2467 es
349 2403 489 2484 negotiis
510 2423 639 2486 semper
660 2403 810 2486 plurimis
832 2403 1015 2488 impeditus,
1038 2406 1132 2470 nolu-

159 2505 233 2552 mus
255 2486 317 2552 bac
339 2485 509 2552 literarum
531 2489 706 2554 ambitione
723 2499 854 2555 tuarum
873 2491 1015 2556 officium
1036 2499 1132 2556 tuum

159 2570 363 2638 conturbare.
399 2573 446 2638 'l'e
463 2573 676 2640 nibilominus
698 2576 798 2639 etiam
818 2582 915 2658 atque
932 2575 1031 2640 etiam
1053 2597 1132 2660 rogo

159 2656 263 2740 (quod
290 2658 396 2722 facere
423 2665 480 2724 tuo
507 2659 676 2725 commodo
697 2659 816 2746 possis)
836 2682 878 2726 ne
899 2661 1019 2726 iustam
1040 2682 1131 2728 οοοι-

157 2743 284 2808 aionem
326 2743 428 2808 ullam
477 2745 641 2810 scribendi
689 2746 941 2828 praetermittas.
1009 2745 1132 2813 Coelius

156 2825 343 2904 ἀνελπίστως
363 2829 575 2912 periclitatus,
590 2829 615 2915 ¹)
633 2831 792 2916 singulari
810 2831 941 2898 tandem
959 2833 1023 2898 Dei
1040 2833 1131 2898 beni·

154 2914 231 2980 ficio
250 2923 409 2992 servatus,
427 2913 546 2982 advos
566 2916 768 3000 provinciam
785 2917 933 2984 obiturus
950 2917 1016 2982 iam
1034 2918 1129 2984 redit.

154 3000 221 3067 Oui
242 3020 286 3065 ne
308 2999 385 3084 quid
413 2999 555 3080 ᾰοοοιοο,
584 3003 756 3085 quominus
778 3011 811 3067 et
832 3003 969 3070 honeste
990 3011 1025 3069 et
1046 3025 1129 3070 com·

153 3084 252 3151 mode
273 3107 309 3152 se
329 3085 497 3170 reciperet,
524 3109 656 3171 oporam
677 3109 737 3171 pro
764 3097 877 3155 nostra
899 3088 1051 3156 facultate
1073 3089 1129 3154 de-

153 3171 275 3237 dimus.
318 3171 360 3239 D.
384 3195 463 3238 vero
484 3171 582 3240 Berrr'
602 3176 629 3257 ²)
652 3174 747 3240 nobis
767 3175 939 3259 integritas
960 3197 1003 3242 ex
1023 3176 1129 3242 multo

152 3257 222 3324 iam
254 3264 399 3342 tempore
426 3267 460 3324 et
486 3280 550 3324 usu
581 3261 733 3325 familiari
764 3269 933 3344 perspecta
960 3283 998 3328 ιο
1029 3263 1128 3346 probe

151 3342 299 3409 iudicata
326 3351 384 3410 est
428 3343 481 3410 De
511 3367 575 3428 quo
601 3354 712 3411 tamen
740 3347 850 3412 rarius
876 3357 926 3414 est
950 3347 1004 3413 hio
1023 3349 1128 3414 homi·

151 3449 236 3494 num
259 3450 374 3495 sermo.
418 3430 491 3495 Hoc
517 3431 674 3514 quidquid
703 3441 754 3498 est
775 3433 952 3499 multorum
979 3433 1129 3500 sollicitat

118 3543 121 3552 ·
151 3514 292 3579 animos.
336 3514 419 3580 Mihi
447 3523 557 3582 autem
585 3539 652 3582 non
674 3519 712 3582 iit
739 3519 931 3598 vedsimile,
961 3519 1127 3584 hominem

151 3619 301 3684 gravem,
332 3607 462 3666 etcum
489 3621 611 3682 senem,
640 3603 815 3669 adductum
844 3606 952 3687 potius
978 3625 1050 3671 esse
1072 3605 1128 3670 de·

153 3685 464 3770 speratiouercrnm
485 3690 630 3754 omnium
648 3710 746 3772 quam
763 3691 904 3774 cogitato
926 3691 1068 3770 consilio,
1090 3699 1128 3755 ut

152 3770 387 3854 profectionem
408 3771 443 3836 in
461 3780 554 3838 tanta
571 3775 739 3839 hominum
755 3775 969 3842 admiratione
986 3799 1024 3843 ac
1035 3775 1130 3860 vulgi

153 3876 289 3922 rumore
310 3857 532 3924 meditaretur.
575 3859 694 3924 Virum
724 3859 812 3927 hunc
840 3861 1008 3946 bonum,⁸)
1032 3863 1129 3945 quia

153 3941 250 4006 robis
266 3942 320 4022 ad
347 3963 406 4008 nos
434 3951 485 4009 eet
510 3945 683 4028 profectus,
712 3947 827 4012 multis
848 3946 1042 4026 nominibus,
1070 3944 1128 4012 sed

155 4033 214 4092 tua
234 4027 334 4092 etiam
355 4029 644 4110 commendatione,
666 4032 816 4115 inprimis
838 4040 947 4097 autem
966 4033 1042 4116 quia
1063 4033 1127 4096 fra-

154 4120 206 4177 ter
227 4121 287 4192 est,
309 4114 468 4197 complexi
489 4137 617 4182 sumus:
646 4137 743 4200 quem
764 4139 831 4182 non
852 4125 980 4184 tautum
1001 4119 1127 4194 invare,

154 4196 214 4264 sed
241 4199 339 4266 rebus
367 4200 518 4267 omnibus
545 4221 662 4268 ornare
695 4203 911 4286 cupiebamus.
960 4206 1008 4269 At
1035 4203 1128 4269 nulla

153 4283 189 4348 id
215 4285 343 4350 ratione
368 4288 481 4368 portici
507 4289 627 4370 potuit,
660 4289 754 4354 ouius
781 4289 846 4354 buo
873 4291 943 4373 ipse
971 4311 1006 4356 se
1030 4309 1128 4356 causa

174 4571 239 4634 raa.
258 4575 287 4638 ιι
306 4575 404 4630 naa
424 4575 536 4632 oseae
557 4577 722 4632 amana
743 4583 864 4646 ama,
888 4579 953 4634 aa
975 4579 1127 4635 ausam

154 4641 281 4698 Dum
298 4645 430 4712 ΙΛιοοαιιι,
447 4646 522 4700 ande
538 4651 629 4701 meu
645 4661 719 4714 moe,
737 4661 821 4716 pinne
835 4649 1034 4718 persuasam
1048 4665 1126 4704 mora

149 4851 285 4973 Ἤοω
309 4853 431 4922 naam.
512 4825 530 4907 .'
543 4853 667 4910 saaca
688 4855 721 4908 a
741 4856 786 4911 aa.
810 4856 831 4926 r.
854 4857 918 4912 aa.
943 4855 1032 4910 naar.
1059 4855 1125 4910 raso

142 4933 185 4992 ¹''
255 4963 288 5050 'a
306 4989 480 5046 amassai
500 4991 609 5058 oasa
634 4995 683 5062 aar
698 5009 789 5064 anper
805 5000 832 5050 a
852 4995 914 5063 spa
930 4993 1044 5048 zaraa
1060 4993 1123 5048 rat

149 5063 263 5128 wat,
281 5057 315 5114 de
399 5060 487 5130 plara
504 5062 538 5115 N.
555 5061 614 5114 426.
632 5061 692 5116 481.

144 5194 231 5252 m
258 5075 673 5200 &Immunem
695 5131 837 5201 ιρίιιοὶοιιι
861 5131 1025 5187 Ferrariam
1051 5136 1123 5187 aa*

2098 311 2163 376 462

1192 486 1390 553 contulerat:
1446 487 1511 554 uod
1540 489 1633 556 facile
1660 487 1833 570 iudicabit,
1860 491 2042 577 cuicunque
2067 503 2163 564 notae

1191 508 1447 660 Praeposui]
1471 583 1601 640 nocuae
1618 576 1761 642 rationes
1777 585 1883 642 erunt
1892 579 1921 660 ⁴)
1953 579 2068 663 Neque
2084 603 2162 648 vero

1191 658 1225 722 id
1251 679 1292 722 ex
1320 679 1358 724 re
1386 657 1527 724 hominis
1554 681 1625 726 esse
1649 663 1816 745 potuisset
1861 661 1957 744 Quod
1978 665 2042 747 ipsi
2063 667 2161 733 etiam

1191 743 1282 808 nullo
1304 745 1463 810 monitore
1491 745 1635 812 iudicare
1656 747 1730 814 i'stio
1750 747 1878 814 licebat.
1921 749 2032 816 Huius
2051 753 2162 836 itaque

1191 829 1240 894 rei
1266 828 1491 914 impetrandae
1517 852 1618 914 quum
1646 832 1739 898 nulla
1760 841 1817 899 aut
1838 833 1990 918 expedita
2011 843 2069 904 aut
2089 845 2162 904 tuta

1190 915 1274 979 ratio
1313 917 1421 998 potuit
1458 914 1587 996 baberi,
1626 925 1780 984 conatum
1811 919 1998 988 Ambustus
2028 929 2062 986 ot
2099 943 2161 1008 ego

1189 1009 1336 1065 nostrum
1357 1020 1487 1066 omnem
1514 1003 1549 1067 in
1577 1001 1638 1070 hoo
1659 1004 1807 1071 meditati
1830 1025 1943 1071 snmus
1965 1013 2002 1071 ut
2023 1007 2161 1074 honesto

1190 1085 1298 1168 aliquo
1330 1084 1414 1152 dono
1452 1087 1687 1170 aliquantulum
1720 1097 1833 1156 auctus
1865 1089 1907 1155 ad
1939 1113 1996 1158 ros
2029 1091 2159 1159 rediret

1190 1169 1256 1236 Sed
1279 1192 1384 1254 neque
1410 1172 1474 1238 fuit
1493 1172 1575 1240 haec
1599 1173 1742 1240 bominis
1762 1175 1943 1242 calamitosi
1964 1185 1999 1242 et
2019 1177 2160 1246 fortunis

1189 1257 1340 1322 omnibus
1357 1257 1451 1323 eiecti
1470 1257 1607 1324 iurandi
1624 1260 1705 1325 satis
1722 1269 1914 1344 exprompta
1923 1263 2015 1328 ratio.
2048 1264 2161 1348 Rogas

1110 1411 1130 1428 ρ
1188 1342 1419 1422 quamobrem?
1459 1345 1567 1409 Tanta
1588 1352 1638 1410 est
1659 1345 1827 1410 hominum
1849 1346 1911 1412 hac
1932 1347 1973 1413 de
1993 1369 2091 1415 causa
2110 1349 2160 1414 la·

1188 1425 1375 1492 borantium
1398 1429 1501 1512 copia,
1523 1449 1660 1512 quorum
1678 1432 1784 1498 omnis
1801 1431 1866 1498 huo
1887 1433 1996 1518 inopia
2017 1442 2050 1500 et
2072 1435 2159 1502 cala·

1187 1512 1286 1578 mitas
1308 1535 1489 1580 commeare
1513 1515 1604 1594 solet,
1632 1523 1672 1580 ut
1692 1517 1793 1582 mirer
1813 1539 2045 1600 saepenumero
2066 1521 2159 1603 prin·

1188 1597 1268 1680 cipis
1300 1598 1528 1666 liberalitatem
1559 1621 1628 1666 non
1657 1602 1797 1686 fatigari.
1840 1603 1950 1668 Huius
1979 1613 2086 1670 autem
2108 1606 2158 1671 rei

1187 1684 1410 1750 testimonium
1432 1686 1468 1750 in
1492 1685 1592 1752 coelio
1613 1686 1677 1752 erit
1697 1687 1833 1753 illustre.
1867 1687 2073 1774 Rogantibus
2094 1692 2157 1756 ita-

1187 1789 1249 1852 que
1270 1768 1363 1835 nobis
1384 1777 1419 1835 et
1443 1771 1564 1837 obnixe
1591 1793 1652 1856 pro
1673 1772 1804 1838 homine
1831 1775 2083 1857 postulantibus,
2104 1777 2157 1842 sui

1186 1853 1248 1920 sibi
1265 1855 1399 1921 tandem
1415 1855 1600 1922 habendam
1617 1858 1777 1924 rationem
1794 1859 1976 1942 respoudit:
1996 1861 2157 1945 imparem

1186 1959 1221 2004 se
1242 1945 1310 2006 tam
1328 1941 1442 2006 multis
1463 1943 1654 2024 sumptibus,
1676 1943 1798 2028 vixque
1820 1946 1996 2012 exoessisse
2012 1945 2156 2026 biduum,

1185 2045 1286 2108 quum
1312 2027 1371 2091 uni
1392 2049 1425 2104 x,
1454 2027 1549 2093 elteri
1577 2051 1623 2094 xx
1650 2039 1915 2095 numerarentur:
1945 2041 1980 2096 et
2005 2032 2040 2097 id
2069 2039 2156 2099 certe

1184 2132 1308 2176 verum.
1353 2111 1441 2179 Huic
1468 2112 1479 2177 i
1505 2114 1572 2178 'tur
1599 2116 1796 2181 confecimus
1827 2123 1986 2198 quantum
2011 2119 2156 2184 maxime

1183 2196 1285 2276 bonit,
1308 2207 1342 2263 et
1363 2197 1397 2263 id
1418 2199 1473 2281 qui
1496 2221 1558 2278 em,
1587 2219 1651 2282 quo
1671 2208 1723 2267 est
1743 2221 1764 2266 a
1784 2199 1879 2266 nobis
1901 2203 2010 2267 auimo
2032 2203 2154 2284 datum,

1184 2283 1365 2366 eoabipso,
1388 2303 1452 2367 qua
1465 2293 1515 2350 est
1525 2285 1687 2364 facilitate,
1709 2294 1760 2352 est
1770 2295 1946 2370 acceptum.
1981 2287 2156 2354 Caeterum

1184 2389 1211 2433 er
1233 2371 1288 2451 qui
1309 2369 1384 2434 istie
1404 2379 1503 2435 erunt
1523 2370 1619 2436 valde
1641 2373 1763 2456 inopes,
1792 2373 1885 2439 effice
1906 2373 2016 2456 potius
2037 2382 2076 2439 ut
2095 2395 2156 2440 uos

1182 2473 1243 2536 per
1261 2453 1374 2520 literas
1390 2455 1545 2522 certiores
1562 2455 1693 2536 faciant,
1716 2477 1812 2540 quam
1832 2466 1870 2523 ut
1885 2459 1989 2523 tantis
2010 2479 2085 2526 oum
2104 2461 2156 2524 in·

1183 2540 1360 2604 commodis
1392 2540 1456 2606 huo
1488 2551 1673 2624 properent.
1727 2543 1810 2619 Nos,
1848 2551 2008 2626 quantum
2047 2545 2156 2612 studio

1183 2624 1288 2690 officio
1310 2643 1348 2692 ιο
1374 2645 1473 2709 opera
1498 2629 1657 2710 praestari
1678 2629 1791 2711 possit,
1819 2629 1885 2695 tuis
1912 2630 2017 2696 literis
2037 2631 2155 2696 moniti

1183 2710 1292 2774 statim
1323 2712 1535 2793 perficiemus.
1580 2713 1627 2778 'fe
1655 2714 1764 2779 Prino.
1787 2713 1829 2778 D.
1854 2714 1943 2781 Petet.
1965 2717 2111 2792 maritus,
2126 2715 2155 2803 ὁ)

1185 2791 1339 2876 Siaapiaa
1364 2805 1398 2861 et
1424 2817 1508 2862 uxor
1540 2818 1622 2881 quae
1653 2807 1760 2882 gestat
1791 2807 1931 2880 uterum,
1960 2801 2155 2868 Ambrosius

1181 2878 1268 2946 idem
1300 2889 1377 2948 tuus
1409 2880 1497 2946 idem
1528 2903 1630 2962 meus,
1663 2883 1847 2967 caeterique
1874 2905 1987 2952 omnes
2014 2887 2154 2953 officiose

1181 2967 1372 3048 resalutant,
1400 2975 1580 3051 rogantque
1603 2968 1654 3033 arri
1674 2977 1714 3033 ut
1733 2971 1923 3036 memineris
1949 2972 1979 3034 ir
2003 2972 2040 3054 τῇ
2059 2993 2155 3054 προο-

1180 3054 1269 3137 εοχῇε
1304 3053 1447 3118 maxime
1474 3073 1553 3118 vero
1579 3053 1672 3119 Prin.
1706 3062 1740 3119 et
1769 3055 1869 3121 Pone
1894 3075 1979 3138 quae
2006 3055 2093 3120 Βονο
2114 3064 2154 3122 ut

1180 3159 1240 3204 suo
1257 3139 1389 3204 nomine
1406 3157 1444 3204 ao
1459 3136 1502 3204 D.
1515 3139 1635 3224 napus
1653 3139 1792 3205 saluum
1816 3139 1904 3206 dicas
1921 3149 1954 3206 te
1971 3141 2151 3220 obsecrant,

1179 3224 1264 3306 quod
1286 3235 1320 3290 et
1339 3245 1400 3291 nos
1421 3225 1565 3290 facimus.
1598 3225 1652 3291 Ab
1674 3225 1811 3290 humore
1828 3226 2062 3292 melancholico
2082 3247 2153 3292 mo-

1179 3310 1261 3376 leste
1287 3311 1329 3375 D.
1355 3310 1470 3375 Posce
1494 3313 1622 3395 saepius
1652 3319 1814 3396 aegrotat,
1843 3313 1935 3378 ouius
1962 3312 2067 3377 morbi
2096 3311 2151 3377 de·

1179 3396 1320 3479 pellendi
1342 3395 1379 3460 in
1400 3397 1534 3462 Christo
1562 3417 1637 3480 spes
1663 3398 1768 3462 omnis
1795 3405 1853 3462 est
1897 3399 1948 3462 Tu
1970 3405 2005 3462 et
2025 3398 2080 3480 qui
2102 3404 2151 3463 te-

1180 3501 1253 3545 cum
1286 3490 1364 3548 sunt
1395 3482 1471 3547 boni
1504 3483 1566 3550 viri
1595 3491 1722 3566 patrem
1752 3489 1842 3548 orate
1874 3503 1933 3566 pro
1964 3503 2012 3549 ea.
2056 3483 2150 3562 Vale,

1179 3565 1282 3718 frateg
1302 3569 1339 3631 in
1360 3566 1494 3634 Christo
1515 3568 1640 3634 dilecta
1679 3569 1783 3634 Bono.
1795 3569 1823 3652 ⁶)
1850 3569 1955 3651 pridie
1982 3589 2057 3634 non.
2085 3569 2151 3636 No·

1179 3673 1254 3719 vem
1277 3703 1285 3717 .
1312 3655 1402 3718 1542.

1354 3789 1445 3858 auus
1466 3789 1570 3854 modis
1591 3791 1741 3857 omnibus
1762 3791 1864 3857 frater
1885 3789 2107 3858 Bartaudiere.

1179 3966 1317 3974 --...
1325 3967 1331 3972 .

1281 4080 1311 4145 4)
1330 4079 1439 4136 Suelteri
1447 4079 1574 4146 muns,
1589 4078 1713 4146 politicis
1729 4079 1885 4134 cuimine
1901 4083 1999 4146 noua,
2018 4077 2148 4132 ordiari-

1179 4150 1230 4206 lme
1245 4150 1336 4204 iudica
1357 4148 1490 4202 liraitDna
1507 4147 1743 4203 armentum
1764 4149 1824 4202 eirea
1846 4147 1996 4202 libertatem
2024 4147 2056 4200 ia
2078 4149 2146 4202 roei-

1175 4219 1289 4343 pstaicodis
1315 4224 1340 4272 ct
1362 4217 1533 4273 ediscendis
1557 4215 1646 4272 Gallia
1672 4216 1820 4272 cauditus.
1863 4216 1944 4270 Inter
1969 4215 2039 4270 uiioe
2066 4213 2148 4270 Ofens.

1214 4293 1276 4344 nrot
1291 4293 1357 4341 tune
1374 4287 1468 4341 adnm
1484 4287 1545 4340 eiua
1572 4285 1723 4355 relinquere
1743 4289 1853 4339 wactas
1875 4289 1922 4338 est.
1960 4283 2050 4338 Plora
2072 4285 2147 4339 iane·

1178 4359 1239 4413 idea
1256 4355 1334 4426 uprtd
1352 4355 1501 4423 Blimmer,
1520 4353 1631 4408 Renata
1671 4397 1675 4406 .
1696 4353 1746 4408 104
1763 4359 1789 4406 et
1801 4353 1918 4421 parim.

1281 4428 1311 4487 5)
1328 4425 1393 4478 Aut.
1412 4424 1445 4478 de
1463 4423 1549 4491 Porro,
1569 4423 1615 4478 Ην.
1682 4423 1844 4490 Marem,
1868 4423 1949 4476 ιιιόιιι
1971 4435 2044 4476 naor
2060 4422 2148 4476 Anno

1178 4495 1211 4550 dc
1229 4495 1398 4564 Parthenop,
1417 4493 1541 4548 emunt
1556 4492 1625 4560 fllia.

1281 4565 1297 4618 6
1301 4573 1310 4630 t
1328 4562 1481 4618 Batonius.
1711 4581 1718 4588 ·
