4846 5962
310 287 371 352 183
1067 283 1328 352 EPISdDLAE
1350 287 1527 350 aaa-294.
2232 283 2286 344 rat

307 473 421 539 dentes
441 493 553 537 omnes
574 493 638 555 quo
659 471 814 538 ecclesiae
836 471 1045 538 Sebennensi
1073 494 1151 538 suns
1180 473 1273 536 resti-
1326 472 1438 534 (nutat
1454 473 1481 524 in
1500 471 1626 525 sauine
1644 469 1735 523 Turia
1753 467 1891 548 1³¹⁸le-
1912 468 1971 548 yot
1990 465 2128 548 315,on
2146 467 2215 536 ⁸91²·
2225 467 2284 548 U

307 567 419 624 tuatnr
456 567 573 639 pastor.
636 559 743 621 'luam
784 560 987 639 fratrumque
1025 559 1169 622 omnium
1211 559 1274 622 erit
1324 542 1369 594 fot
1396 539 1455 604 329·
1481 556 1531 609 1²⁰¹
1557 538 1931 660 mueffifflaeffi
1940 543 2055 668 ›scnpta
2090 536 2181 588 HM
2207 543 2286 590 Μ

305 643 437 709 interim
470 643 618 725 precibus
650 664 746 726 agere
779 641 864 725 apud
895 641 1014 720 Deum,
1048 653 1084 707 ιιι
1116 641 1201 726 quod
1231 641 1273 707 ad
1931 644 1938 656 '

305 749 399 794 suam
418 727 554 812 gloriam
579 729 850 810 ecclesiarumque
867 728 1004 792 salntem
1022 727 1273 809 promovendam

304 815 411 880 facere
432 811 560 890 viderit,
583 814 769 878 institutum
791 821 824 878 et
845 822 991 878 curatum
1014 813 1101 878 velit

390 899 559 982 Rogamus
580 905 613 962 te
635 899 820 981 plurimum,
850 897 995 962 omnium
1017 899 1183 963 carissime
1206 897 1273 963 Fo-

306 984 389 1064 reue,
411 993 448 1048 ut
469 982 739 1064 quemadmodum
763 982 919 1047 hactenus
940 983 1040 1065 probe
1068 986 1120 1067 pie
1147 991 1181 1048 et
1206 985 1273 1047 sin·

305 1071 431 1146 aeriter,
463 1069 509 1132 ita
542 1090 669 1150 semper
697 1089 792 1151 agere
826 1069 908 1133 velis
940 1070 1063 1146 omnia,
1093 1069 1273 1152 repudiatis
1408 1067 1559 1133 Gratiam
1581 1079 1615 1132 et
1657 1088 1746 1132 acam
1769 1089 1789 1132 a
1810 1065 1883 1130 Deo
1912 1075 2004 1148 patre
2030 1087 2089 1148 per
2109 1064 2287 1130 Dominum

304 1155 415 1237 Papae
436 1153 640 1236 dogmatibus
662 1165 694 1216 et
715 1154 886 1218 neotericis
908 1155 1052 1220 inventis
1073 1176 1138 1218 non
1160 1175 1272 1218 aurem
1322 1161 1470 1218 nostrum
1490 1154 1599 1220 Iesum
1651 1153 1800 1218 hristum.
1849 1150 1901 1216 De
1924 1151 2133 1216 Sebennensi
2153 1151 2288 1216 ecclesia

306 1237 446 1323 quidem,
468 1260 510 1302 ne
531 1241 677 1302 animum
698 1237 852 1321 praebere
873 1239 1029 1304 dicemus.
1073 1241 1199 1304 Rumor
1222 1247 1273 1304 est
1322 1237 1426 1322 qualis
1447 1237 1526 1302 olim
1553 1240 1652 1304 fuerit
1678 1239 1790 1314 nostis,
1817 1239 1934 1302 fratres
1959 1237 1995 1300 in
2024 1239 2165 1302 Domino
2193 1257 2286 1302 vene-

305 1345 441 1409 vagans,
470 1324 525 1388 sed
544 1333 668 1406 potens,
696 1324 809 1388 literas
831 1325 865 1388 in
884 1345 1000 1406 agrum
1018 1325 1270 1390 Neocomensem
1322 1323 1417 1388 randi
1438 1333 1471 1388 et
1491 1323 1609 1400 dilecti,
1632 1325 1688 1406 qui
1709 1323 1817 1388 virum
1836 1324 2051 1388 clarissimum
2069 1321 2111 1386 D.
2130 1322 2287 1386 Ioannem

305 1409 468 1493 quendam
490 1409 646 1486 attulisse,
658 1411 687 1490 ¹)
715 1411 900 1491 flagitantes
922 1419 956 1472 et
976 1411 1209 1475 contendentes
1229 1431 1271 1474 ne
1324 1408 1497 1488 catanam,
1525 1411 1565 1474 ab
1592 1410 1648 1474 illa
1675 1409 1902 1492 indignissime
1929 1410 2075 1484 eiectum,
2102 1408 2285 1490 suscepistis

304 1495 439 1578 posthac
462 1495 501 1558 ad
524 1515 649 1559 sacram
678 1497 829 1577 synaxim
859 1515 1054 1576 quemquam
1081 1496 1269 1572 admittatis,
1322 1503 1355 1559 61
1376 1495 1501 1560 fovistis
1523 1495 1765 1570 humanissime,
1791 1514 2004 1577 magnacum
2025 1493 2121 1558 laude
2141 1494 2286 1558 omnium

305 1581 368 1645 nisi
395 1581 483 1662 prius
510 1579 550 1642 dc
578 1579 641 1644 fide
670 1581 768 1660 probs
795 1581 1025 1644 examinatum,
1074 1581 1145 1644 Ista
1171 1581 1210 1644 de
1237 1589 1270 1645 te
1321 1579 1489 1644 bonorum.
1539 1581 1607 1646 Nec
1636 1581 1793 1664 ignoratis
1822 1579 1928 1661 qualis
1954 1601 2041 1644 nunc
2068 1600 2127 1660 per
2152 1577 2285 1642 Domini

305 1666 508 1748 ambigentes
526 1687 590 1728 non
610 1665 796 1730 scribimus:
819 1665 950 1730 maioris
971 1667 1057 1729 enim
1076 1667 1269 1744 autoritatis,
1322 1666 1463 1749 gratiam
1492 1667 1608 1732 affecta
1640 1669 1690 1730 sit.
1746 1665 2018 1730 Honestissimam
2046 1667 2135 1728 enim
2162 1664 2205 1728 ad
2232 1685 2285 1728 vos

305 1749 494 1816 eruditionis
516 1759 548 1814 ot
570 1752 765 1815 sinceritatis
787 1750 879 1814 nobis
901 1772 944 1828 es,
968 1771 1065 1832 qnam
1087 1761 1124 1814 nt
1145 1752 1208 1816 ista
1230 1752 1270 1817 de
1321 1751 1514 1834 legationem
1555 1753 1651 1826 misit,
1667 1751 1690 1835 ¹)
1729 1749 1952 1814 fidelissimum
1992 1759 2152 1832 pastorem
2193 1771 2285 1816 sunm

304 1847 337 1900 te
359 1837 570 1918 suspicemur,
592 1857 635 1900 ne
657 1835 761 1899 dicam
784 1834 962 1900 credamus.
1007 1834 1074 1900 Sed
1102 1837 1180 1919 quid
1210 1837 1270 1903 hoc
1323 1835 1489 1902 Gidvinum
1506 1847 1703 1904 revocatum.
1747 1835 1838 1900 Dum
1857 1836 1945 1900 enim
1965 1837 1993 1902 is
2012 1835 2103 1900 abest
2123 1836 2164 1900 ab
2186 1835 2284 1901 eccle·

303 1921 403 1998 aliud,
424 1920 639 1998 obsecramus,
663 1923 706 1983 mi
724 1920 856 1999 Farellc,
878 1921 906 1985 si
924 1941 962 1984 eo
979 1921 1161 1986 dementiae
1179 1925 1269 1988 veni·
1321 1922 1370 1986 sia
1390 1931 1424 1986 et
1445 1923 1538 2004 qnasi
1559 1923 1594 1986 in
1614 1921 1729 1986 exsilio
1751 1921 1828 2004 agit,
1853 1920 2013 1986 Dominus
2031 1921 2184 1987 ecclesiae
2201 1921 2285 1986 illius

304 2028 412 2071 remus
441 2027 562 2084 omues,
592 2017 628 2070 ut
657 2004 698 2070 ad
725 2027 849 2071 sacram
879 2027 996 2072 coenae
1024 2009 1185 2072 actionem
1208 2009 1270 2072 nisi
1320 2007 1468 2089 ingratae
1486 2029 1538 2072 res
1557 2011 1604 2074 sic
1621 2017 1788 2090 temperat,
1806 2016 1843 2070 ut
1857 2007 1962 2088 palam
1974 2009 2285 2072 cernercacsentire

303 2092 366 2156 fide
388 2094 634 2157 examinatnsa
662 2092 755 2156 nobis
784 2111 881 2154 nemo
909 2089 1144 2169 admitteretur,
1172 2113 1269 2175 quam
1320 2103 1457 2175 cogatur
1483 2093 1595 2174 quales
1622 2115 1707 2156 nunc
1740 2093 1895 2158 meruerit
1922 2091 2039 2156 habere
2066 2103 2228 2175 pastores,
2255 2099 2285 2156 et

302 2178 495 2242 confessioni
515 2177 691 2240 auriculari
709 2177 796 2240 viam
814 2187 960 2241 sternere
975 2177 1269 2242 etfundamentum
1321 2177 1432 2258 quales
1453 2178 1530 2242 olim
1552 2179 1721 2261 pepulerit.
1772 2181 1879 2258 Atque
1905 2177 1966 2241 hoc'
1992 2180 2123 2242 nomine
2150 2177 2285 2242 bonitati

301 2283 421 2346 ponere
438 2261 636 2345 papisticus?
670 2261 779 2342 Quam
796 2269 830 2325 tu
854 2283 919 2326 una
940 2284 1013 2328 cum
1036 2264 1097 2345 piis
1119 2263 1270 2329 omnibns
1321 2261 1452 2327 divinae
1470 2264 1585 2328 merito
1604 2284 1740 2346 magnas
1758 2264 2027 2346 agimusgratias,
2046 2283 2127 2345 quae
2144 2263 2284 2328 oviculas

302 2369 366 2412 non
389 2347 483 2410 modo
505 2347 578 2411 odio
601 2348 754 2430 flagrasti,
786 2345 843 2411 sed
864 2348 941 2412 totis
963 2348 1087 2412 viribus
1116 2359 1269 2432 tanquam
1320 2347 1483 2430 dispersas
1515 2357 1548 2412 et
1586 2369 1645 2414 sua
1677 2359 1790 2430 sponte
1822 2350 1857 2411 in
1889 2349 2063 2430 perniciem
2095 2357 2284 2431 proruentes

301 2433 518 2514 perniciosum
562 2433 610 2496 rei
653 2432 849 2498 christianae
890 2432 1011 2496 malum
1058 2434 1268 2518 impugnasti,
1321 2433 1488 2518 recollegit
1510 2455 1547 2500 ac
1569 2435 1742 2500 revocavit.
1784 2433 1916 2498 Debetis
1935 2445 2044 2498 autem
2061 2455 2119 2500 vos
2136 2434 2284 2516 inprimis

304 2516 494 2599 Christique
511 2518 644 2582 ecclesia
661 2517 801 2582 reiecisti
818 2526 852 2580 et
862 2517 1020 2598 repulisti.
1046 2517 1269 2601 Spectandum
1319 2539 1400 2601 opus
1421 2519 1501 2583 illud
1525 2519 1667 2596 Domini,
1689 2519 1775 2601 quod
1797 2519 1911 2602 coepit.
1938 2527 2048 2584 vestro
2075 2519 2186 2584 favore
2212 2540 2283 2602 pm·

302 2602 405 2680 nobis,
428 2602 629 2667 observande
652 2603 784 2681 Ferale,
810 2624 852 2667 ne
878 2603 1037 2686 papistice
1066 2625 1161 2686 agere
1187 2605 1268 2671 inci·
1320 2605 1420 2686 sequi,
1442 2617 1475 2669 et
1495 2607 1610 2670 vestris
1631 2605 1784 2682 consiliis,
1808 2626 1870 2687 quo
1892 2604 2086 2688 absolvatur,
2108 2606 2231 2680 iuvare,
2253 2604 2284 2670 id

302 2688 439 2770 piamus,
462 2690 516 2770 qui
538 2689 695 2752 hactenus
713 2689 765 2771 pie
787 2695 897 2752 sancte
916 2697 948 2752 et
970 2689 1143 2771 apostolice
1164 2699 1270 2756 trans·
1320 2701 1378 2766 est,
1401 2691 1551 2755 omnibus
1572 2691 1676 2754 anniti
1700 2691 1832 2766 viribus,
1861 2699 1898 2754 ut
1925 2690 2079 2756 ecclcsiae
2105 2711 2186 2755 suus
2213 2691 2284 2756 red·

303 2774 429 2854 eminus
443 2775 560 2856 omnia
595 2771 775 2838 Scribimus
792 2774 863 2852 ista,
880 2773 1152 2855 quemadmodum
1169 2797 1268 2859 snpra
1320 2773 1415 2840 datur
1437 2783 1555 2858 pastor,
1579 2795 1676 2858 quem
1697 2777 1766 2858 ipsa
1787 2785 1835 2840 tot
1861 2777 1947 2842 votis
1974 2777 2136 2858 tantisque
2162 2777 2285 2860 expetit

302 2858 434 2938 dictum,
457 2880 524 2923 non
544 2867 751 2924 autumantes
773 2867 829 2923 ant
850 2859 1051 2941 suspicantes
1079 2861 1119 2926 de
1141 2871 1182 2940 te,
1211 2862 1268 2927 sed
1319 2861 1477 2942 suspiriis,
1490 2881 1585 2944 quem
1597 2861 1736 2944 denique
1747 2869 1814 2926 tarn
1825 2861 1964 2926 honesta
1974 2861 2136 2945 legatione
2145 2864 2282 2944 repetiit

302 2941 387 3026 quod
410 2945 507 3009 officii
528 2964 599 3008 esse
620 2944 845 3022 iudicavimus,
868 2953 907 3008 ιιι
928 2946 1044 3010 fratres
1066 2948 1268 3012 sussurrcnis
1320 2944 1446 3010 Suadet
1463 2947 1524 3012 hoc
1541 2948 1648 3029 ipsum
1659 2947 1758 3018 ¹vobis
1774 2947 1862 3012 iusta
1878 2946 1943 3023 illa,
1966 2967 2031 3030 qua
2050 2949 2122 3012 Deo
2139 2949 2284 3014 obstricti

301 3035 335 3094 et
366 3031 507 3094 rumoris
534 3029 623 3094 illins
651 3029 911 3095 admoneremus:
946 3039 1098 3114 rogantes
1127 3047 1163 3096 ιιι
1190 3033 1266 3098 boni
1319 3033 1405 3109 estis,
1424 3031 1616 3098 obedientia.
1655 3033 1741 3097 Nam
1758 3031 1888 3096 divinae
1904 3053 1939 3098 se
1952 3035 2285 3114 opponerevooationi

300 3115 409 3179 omnia
430 3113 588 3192 consulas,
610 3136 734 3197 nosque
755 3113 997 3181 commendatos
1025 3116 1155 3196 habeas,
1185 3127 1219 3182 et
1240 3121 1268 3184 si
1319 3125 1369 3182 est
1401 3115 1472 3182 Deo
1505 3117 1676 3183 rebellare:
1709 3125 1880 3183 vocantem
1911 3119 2012 3200 sequi,
2045 3118 2183 3184 obedire.
2241 3124 2285 3185 At

300 3197 377 3282 quid
403 3199 438 3264 in
466 3199 559 3265 nobis
587 3199 764 3278 desideras,
797 3198 898 3264 libere
930 3221 1058 3283 semper
1085 3203 1267 3282 admoneas.
1321 3201 1484 3268 0616161116
1525 3203 1637 3268 divina
1675 3205 1842 3268 vocatione
1880 3204 1984 3286 repeti
2022 3205 2095 3287 quis
2133 3205 2284 3289 negabit?

299 3285 378 3349 Non
410 3283 513 3350 solum
548 3284 697 3351 lubentes
729 3285 934 3368 parebimus,
975 3285 1032 3351 sed
1071 3286 1267 3354 admonitori
1318 3289 1430 3354 Poscit
1452 3290 1513 3354 hoo
1539 3289 1648 3372 ipsum
1672 3309 1692 3352 a
1719 3289 1811 3354 vobis
1838 3289 1942 3370 pietas
1969 3291 2003 3354 iu
2028 3291 2209 3356 Dominum
2234 3292 2285 3357 Ie-

299 3369 358 3434 tibi
377 3372 497 3454 gratias
514 3391 647 3454 agemus
664 3369 761 3436 fideli.
797 3371 890 3435 Bane
911 3371 982 3438 vale
1000 3371 1101 3439 salvis
1119 3375 1268 3440 omnibus
1319 3395 1410 3451 sum,
1448 3375 1538 3440 cuius
1571 3375 1665 3458 regni
1698 3375 1862 3456 pomoeria
1893 3374 1980 3440 baud
2012 3375 2110 3442 dubie
2142 3377 2286 3460 proferre

299 3455 749 3522 Neocomcnsibuelratribus.
781 3455 906 3539 Tiguri,
925 3457 1047 3539 Aprilis
1064 3465 1093 3524 4.
1107 3459 1266 3528 Annoll.
1319 3460 1446 3542 cupitis.
1505 3460 1681 3524 Proleretis
1712 3467 1821 3524 antem
1852 3460 2028 3538 latissime,
2061 3464 2089 3527 si
2123 3459 2286 3528 wama

1320 3565 1397 3610 snae
1429 3544 1580 3610 ecclesiae
1611 3545 1799 3612 restituatis.
1853 3545 2000 3612 Novistis
2035 3547 2287 3614 Gebennensem

1319 3631 1487 3696 ecclesiam
1518 3631 1553 3694 in
1587 3633 1734 3696 confiniis
1766 3632 1858 3714 quasi
1886 3631 2084 3698 Germaniae
2112 3643 2146 3698 et
2172 3635 2286 3700 Italiac

1320 3717 1416 3782 sitam
1445 3737 1530 3794 esse,
1563 3715 1650 3782 unde
1681 3718 1732 3783 vir
1764 3717 1834 3796 ille,
1867 3717 2132 3800 praeclarissimis
2164 3740 2184 3783 a
2216 3719 2286 3786 Deo

1319 3813 1454 3866 ornatus
1474 3803 1673 3880 muneribus,
1699 3802 1822 3885 aliquot
1842 3824 2017 3886 regnorum
2044 3804 2188 3872 ecclesiis
2217 3807 2286 3890 plus

685 3937 885 3946 *Q
1319 3887 1480 3971 prodesse,
1502 3899 1534 3952 et
1552 3909 1688 3971 regnum
1702 3887 1825 3954 Ohrisu
1837 3887 1977 3972 amplius
1988 3909 2169 3974 propagare
2179 3903 2285 3974 queat,

1319 3993 1416 4055 qnam
1434 3974 1462 4036 si
1480 3975 1606 4122 usqiam
1624 3973 1704 4039 alias
1721 3983 1883 4038 terrarum
1901 3971 2023 4040 doceat
2060 3976 2212 4060 Flagitat
2230 3979 2288 4043 hoc

1319 4059 1458 4140 ipsnma
1476 4081 1517 4124 vo
1540 4059 1568 4122 is
1585 4060 1657 4140 ipsa
1675 4061 1708 4122 in
1729 4061 1845 4125 sratres
1863 4062 1981 4126 caritas
1998 4061 2184 4140 christiana,
2206 4085 2288 4146 quae

748 4117 823 4188 293·
1319 4143 1722 4210 Gebennensibusnedum
1735 4144 1908 4224 caveum,
1925 4145 1981 4212 sed
1998 4157 2124 4214 vestras
2140 4149 2289 4232 ipsorum

300 4254 511 4322 MINISTRI
550 4255 838 4323 TURIOENSES
875 4260 1267 4328 ARGENTORATEN
1319 4229 1444 4294 animas
1475 4228 1663 4312 impendere
1694 4231 1793 4295 iubet
1844 4231 1950 4316 Urget
1981 4231 2119 4316 denique
2151 4234 2288 4300 consilia

711 4341 854 4410 Sfflgg
1318 4323 1428 4380 vestra
1449 4315 1635 4398 exemplum
1657 4316 1810 4381 ecclesiae
1830 4317 2032 4399 apostolicae,
2062 4319 2288 4419 Mbochenae

1409 759 1622 826 Fidelissimis
1644 759 1901 842 doctissimisque
1922 760 2104 842 pastoribus
2125 765 2161 824 et
2182 757 2287 823 docto-

1324 847 1414 911 ribus
1435 846 1686 930 Argcntincnsis
1709 845 1863 910 ecclesiae
1886 845 2043 910 ministris
2070 844 2226 910 fratribus
2254 845 2286 907 in

1323 932 1464 996 Domino
1485 930 1682 997 venerandis
1704 941 1738 997 et
1759 929 1894 995 dilectis.

553 3593 706 3658 Pastores
728 3600 762 3656 et
783 3591 931 3658 doctores
952 3595 1092 3660 ministri
1114 3597 1268 3664 ecclesiae

677 3677 864 3760 signinae,
886 3680 935 3744 tui
958 3701 999 3745 ex
1020 3683 1138 3748 animo.

1318 4399 1481 4476 videlicet,
1509 4401 1545 4464 in
1572 4421 1636 4484 qua
1663 4403 1792 4468 tametsi
1819 4402 1917 4468 utiles
1943 4402 2085 4486 adeoque
2111 4424 2286 4471 necessarii
2407 4449 2408 4464 ι

387 4508 436 4572 Nc
456 4509 679 4577 Geaevcrrsibas
695 4510 859 4578 Calvinum
869 4513 931 4578 sibi
941 4515 1030 4580 reddi
1035 4517 1266 4597 postulantibus
1317 4495 1427 4552 ⁶⁸⁸⁰¹¹¹²
1448 4486 1572 4586 Paulqs
1595 4497 1628 4551 et
1648 4488 1829 4586 Barnabas,
1853 4509 1952 4570 quum
1974 4497 2084 4588 tamen
2105 4490 2168 4572 ipsi
2191 4513 2286 4590 vqaa3
2407 4545 2408 4596 ἰ

301 4594 505 4659 Moneantur
525 4603 639 4678 rogant.
1317 4579 1432 4636 rentur
1459 4571 1609 4655 gentibus
1635 4571 1857 4654 praedrcatum
1883 4574 2098 4657 evangehum,
2126 4585 2288 4640 vocatrom
2407 4605 2408 4628 ι

1318 4656 1447 4722 divinae
1458 4659 1643 4740 neutiquam
1656 4680 1726 4723 sese
1738 4658 1928 4743 opponebat,
1951 4659 2006 4724 sed
2018 4661 2116 4726 cessit
2133 4661 2286 4746 benigne,

370 4717 388 4724 ··
403 4717 532 4828 3)-(11116
549 4764 659 4818 dubium
676 4767 823 4836 loquuntur
840 4767 872 4822 dc
891 4767 945 4836 Dp.
966 4769 1184 4826 Mebmtrtona
1201 4773 1264 4828 dd.
1316 4743 1399 4806 iulii
1416 4744 1624 4826 amplissflimer
1643 4743 1860 4827 abeuntesque
1881 4755 2074 4827 Pr⁰⁸⁰q¹¹¹¹t³
2090 4755 2140 4810 981
2151 4749 2287 4813 wilm
2407 4763 2408 4772 ἒ

298 4830 340 4914 tt.
360 4831 425 4886 Dec.
445 4831 513 4884 1540
536 4831 705 4900 Wormaa'ae,
724 4853 779 4904 qua
795 4836 969 4958 dssfldlm
985 4841 1177 4894 laearoredum
1195 4857 1265 4898 secc-
1316 4835 1349 4891 et
1367 4829 1567 4896 orationibus
1585 4830 1830 4896 ardentissimis.
1863 4831 1936 4895 Hoc
1952 4831 2058 4912 ipsum
2076 4832 2103 4895 si
2120 4831 2184 4897 lide
2202 4833 2287 4898 bona

299 4915 398 4954 norem
421 4900 594 4960 commendat,
618 4919 751 5020 ἕιιιιπιφιε
779 4905 853 4957 Fare
872 4921 906 4958 ua
931 4921 989 4974 apae
1014 4923 1102 4962 aecum
1127 4911 1263 4964 attelani.
1316 4922 1350 4976 et
1372 4913 1539 4980 dileqtjonq
1568 4916 1694 4980 singem
1722 4915 1840 4979 imitati
1866 4915 2003 4994 fueritis,
2031 4917 2148 4983 fratres
2176 4918 2286 4982 00101).

300 4967 589 5091 mmmmui',
602 4968 968 5104 ldsszfsslisszpssssffiffll
994 4973 1265 5111 ffissgffinmw
1316 4996 1449 5078 dissimi,
1474 5001 1612 5082 gratiam
1634 5023 1654 5065 a
1675 4999 1748 5065 Deo
1770 5001 1976 5084 reportabitis
1993 5009 2026 5066 et
2043 5000 2082 5067 ab
2100 5002 2286 5070 hominibus

295 5103 406 5172 peuce,
424 5121 505 5174 qaam
524 5107 605 5158 simul
624 5105 762 5160 1ἰιῑυιιιιιιιι
785 5112 846 5164 olr'm
864 5127 895 5164 co
914 5116 974 5182 ipae
998 5112 1030 5166 de
1052 5131 1136 5169 causa
1156 5113 1264 5170 Gmcva
1317 5123 1508 5130 *—

298 5173 408 5228 meum
425 5189 551 5230 resecare
567 5173 702 5230 studeant.
1287 5206 1291 5221 ·
1332 5183 1398 5244 208.
1417 5185 1445 5250 1)
1464 5201 1498 5239 aa
1515 5186 1618 5240 deado
1635 5194 1746 5242 accolas
1763 5188 1804 5242 21.
1826 5186 1883 5244 061.
1902 5187 1977 5244 1540.
