4910 5974
286 243 352 306 en
1061 231 1512 302 arrabatensis-501
1779 175 1786 194 ’
2221 233 2282 296 en

288 449 359 494 non
380 428 519 512 egimus,
548 445 626 490 nam
648 421 772 489 tardior
800 431 873 490 erat
892 424 983 488 hora.
1028 420 1263 505 MalinpriaaU
1316 421 1356 487 ab
1384 421 1593 505 Imperatore.
1638 419 1816 502 Oonsul¹²)
1843 420 1989 486 nondum
2020 419 2126 486 rediit
2170 419 2285 486 Ensis-

291 515 355 580 etsi
376 514 430 578 hia
448 518 543 589 esset,
565 511 671 575 eoetui
691 531 756 574 non
774 509 930 588 interfuit,
952 508 1036 573 forte
1059 507 1264 592 gravioribus
1315 527 1445 572 menses
1469 527 1552 589 quae
1573 507 1774 592 captivus¹⁸)
1797 505 1966 592 respondit
1986 507 2028 571 ad
2049 507 2286 589 Imperatorem

290 605 475 682 oooapatus.
508 595 616 660 Hodie
635 594 795 660 referebat
807 593 1007 676 Oapuaralae
1024 594 1148 677 tragioe
1168 611 1265 676 quos·
1316 592 1486 671 miserunt,
1509 601 1542 658 et
1563 593 1859 677 Argentoratenses
1876 613 2002 676 quoque
2023 593 2225 675 scripserunt
2246 588 2288 656 ad

292 684 368 750 dam
390 683 546 748 divexare
568 702 622 748 eos
640 681 695 764 qui
713 681 827 745 dieunt
847 681 954 745 filium
975 679 1119 744 hominis
1140 678 1266 743 nescire
1318 677 1500 744 Caesarem.
1546 677 1680 745 Soberus
1700 699 1769 744 non
1786 678 1892 744 solum
1911 676 1953 744 ad
1973 678 2205 744 Ensismonees
2226 676 2289 741 ivit

292 769 378 835 diem
399 767 504 846 illum,
528 774 561 832 et
582 767 662 834 alios
684 787 798 832 rursus
820 766 876 849 qui
898 765 1045 830 dicerent
1066 764 1157 829 seire.
1198 761 1266 828 Sed
1316 784 1377 848 pro
1392 764 1529 914 ‘captivo
1554 784 1628 830 oum
1655 765 1928 844 literis'senatus‚
1958 763 2016 828 sed
2037 763 2142 829 voluit
2162 781 2288 846 quoque

291 854 358 920 odii
389 853 487 936 plena
520 860 654 936 peotora
680 859 714 918 et
744 851 839 917 malis
871 851 1041 916 affeetibus
1071 850 1266 932 scripturam
1317 847 1383 914 fide
1404 851 1438 915 iu
1461 871 1515 914 ere
1532 871 1592 934 pro
1610 871 1664 916 eo:
1688 857 1722 916 et
1742 849 1847 915 multa
1865 851 1931 914 imo
1948 849 2057 914 omnia
2078 849 2145 933 egit
2161 867 2290 914 summa

290 939 489 1023 torquentia,
512 959 613 1021 quum
634 936 714 1020 quid
735 944 834 1021 agant
854 937 1012 1015 nesciant,
1034 936 1131 1001 saeiet
1152 934 1266 1000 ohris-
1318 935 1382 1000 fide
1409 942 1448 1000 ut
1475 935 1598 1001 bonum
1630 935 1743 1002 virum
1769 935 1944 1001 liberatum
1972 944 2112 1000 curaret
2162 934 2290 999 Verum

290 1031 346 1091 tus
368 1031 405 1089 ut
427 1024 531 1090 soient
553 1031 586 1088 et
603 1023 816 1106 experiantur
833 1023 1004 1089 verissime
1021 1022 1183 1086 aruoiatus
1200 1021 1267 1084 iam
1319 1020 1468 1087 Caesaris
1494 1042 1686 1104 responsum
1714 1027 1931 1105 exspectatur.
1974 1019 2236 1104 Diligentissima
2257 1025 2291 1084 at

291 1111 463 1177 instantes.
485 1107 638 1175 Addebat
648 1116 681 1174 et
697 1106 853 1192 quosdam
864 1108 1023 1192 saonlega
1039 1128 1117 1174 voee
1136 1105 1266 1184 dixisse,
1319 1107 1532 1190 Argentorati
1551 1113 1584 1172 et
1604 1106 1755 1173 Baeileae
1776 1126 1906 1172 eausam
1927 1105 2031 1173 vineti
2054 1104 2291 1172 commendavi.

266 1189 374 1262 'dum
395 1203 527 1280 rogaret
545 1194 623 1278 quid
642 1194 823 1260 eonoionati
842 1202 959 1274 essent,
982 1215 1025 1258 an
1047 1191 1088 1258 de
1111 1192 1267 1270 trinitate,
1318 1192 1388 1257 Vix
1414 1199 1493 1275 puto
1525 1191 1648 1276 aliquid
1680 1199 1773 1258 tauta
1803 1199 1953 1258 auratum
1985 1191 2163 1276 diligentia.
2218 1189 2292 1256 Has

293 1281 458 1348 horrenda
480 1279 735 1347 subsannatione
764 1299 895 1346 voeasse
920 1280 953 1345 la
974 1284 1079 1362 berae
1102 1297 1229 1362 paeyae,
1240 1275 1267 1362 ⁷)
1320 1299 1410 1343 eram
1432 1277 1570 1344 daturus
1594 1276 1736 1344 cenea.
1787 1275 1855 1344 Sed
1882 1298 1957 1344 aum
1986 1277 2071 1342 bona
2097 1275 2161 1342 fide
2183 1276 2294 1341 omnia

293 1375 328 1434 st
356 1365 477 1432 multos
506 1386 576 1432 esse
608 1366 707 1431 buius
739 1365 787 1430 rei
815 1373 924 1431 testes.
969 1362 1038 1430 Sed
1065 1363 1202 1429 instanti
1231 1371 1270 1427 ut
1321 1363 1431 1447 agenti
1451 1364 1558 1428 multa
1578 1363 1644 1427 iam
1667 1361 1791 1448 perfide
1819 1363 1856 1427 in
1883 1384 1936 1428 me
1963 1363 2036 1428 fieri
2057 1369 2229 1445 expertus,
2259 1367 2294 1426 et

294 1453 411 1520 aeirem
430 1452 486 1535 qui
504 1459 622 1530 essent,
639 1451 808 1534 respondit
826 1450 1018 1527 Veronamfl)
1036 1448 1158 1533 aliquid
1175 1449 1268 1514 seue.
1320 1469 1422 1532 quum
1438 1448 1708 1534 ingratitudinem
1729 1449 1908 1514 maximam
1928 1448 1964 1512 in
1985 1469 2022 1514 eo
2044 1447 2213 1525 senserim,
2235 1445 2292 1511 ad-

294 1539 419 1604 Mirum
441 1539 469 1603 si
491 1538 547 1621 qui
575 1538 642 1602 sint
669 1537 724 1620 qui
752 1545 821 1602 tam
847 1537 948 1620 impie
969 1536 1159 1620 loquantur,
1187 1541 1220 1600 et
1241 1534 1270 1599 ei
1321 1535 1464 1600 monitus
1491 1535 1531 1600 ab
1559 1534 1669 1618 aliquo
1695 1535 1835 1600 fratrum
1863 1533 1983 1599 alteras
2011 1532 2094 1600 dedi.
2138 1533 2216 1599 Non
2242 1538 2293 1598 est

294 1643 411 1690 verum
432 1643 500 1688 non
522 1624 574 1702 sit,
596 1643 696 1706 quam
717 1629 769 1688 est
790 1621 949 1706 sacrilega
970 1643 1063 1688 mens
1085 1640 1168 1706 quae
1190 1619 1270 1685 talia
1322 1619 1407 1703 quod
1429 1627 1461 1686 te
1488 1619 1682 1687 admoneam
1709 1641 1807 1704 quem
1834 1627 1867 1684 te
1895 1619 2012 1686 debeas
2044 1629 2210 1704 praestaro
2231 1617 2293 1684 mi·

296 1711 401 1776 oonfin
427 1709 459 1773 't
1321 1726 1403 1786 soro,
1426 1707 1482 1789 qui
1502 1707 1585 1772 bene
1607 1707 1739 1772 meritos
1760 1706 1908 1790 pessime,
1936 1713 1976 1770 ut
1998 1703 2110 1784 audio,
2138 1704 2293 1770 divexare

429 1795 563 1874 raaiaas
584 1793 639 1860 hio
660 1793 732 1872 fuit,
753 1799 790 1858 ut
810 1801 889 1876 puto
910 1799 944 1857 te
966 1813 1009 1856 ex
1028 1791 1159 1858 Nicolao
1180 1791 1270 1857 audi·
1321 1812 1389 1857 non
1411 1792 1550 1858 erubuit.
1596 1790 1722 1875 Siqua
1749 1813 1824 1875 spes
1853 1791 1897 1858 eit
1918 1790 2032 1857 salutis
2052 1790 2180 1874 reliqua
2200 1790 2292 1856 vide-

293 1881 389 1947 visse.
435 1878 524 1945 Suus
546 1878 709 1944 adventus
729 1879 792 1943 fuit
818 1877 915 1944 valde
939 1877 1028 1942 utilis
1058 1885 1092 1942 et
1119 1878 1271 1944 omnibus
1321 1877 1381 1943 bis.
1426 1878 1495 1942 Fae
1520 1883 1559 1943 ut
1587 1875 1628 1942 de
1654 1878 1696 1943 iis
1724 1898 1807 1961 quae
1838 1876 1964 1943 iudioas
1996 1876 2150 1944 oortioros
2182 1877 2291 1943 simus.

294 1973 417 2050 gratus.
461 1965 554 2030 Bene
576 1965 692 2030 affecta
720 1972 771 2030 est
796 1963 877 2032 baso
904 1964 938 2027 in
962 1963 1147 2028 Metensem
1168 1963 1270 2030 eaelo·
1322 1961 1406 2028 Vale
1426 1983 1549 2030 rursus.
1585 1968 1633 2028 10.
1657 1961 1817 2030 Ootobris.
1831 1964 1873 2039 14)

294 2051 387 2129 siam,
409 2071 508 2134 quam
529 2057 639 2116 servet
659 2051 829 2115 Dominus.
873 2047 1056 2130 Epistolam
1077 2055 1171 2113 tuam
1191 2068 1271 2114 aura

292 2135 424 2220 prodire
445 2137 481 2201 in
506 2135 614 2201 lusam
642 2135 678 2200 in
705 2135 852 2199 omnium
874 2132 1138 2199 aedificationem.
1182 2133 1269 2198 Nam

293 2219 391 2290 rideo
418 2221 454 2285 in
484 2239 586 2305 grave
615 2220 850 2286 offendiculum
879 2218 1016 2298 multos,
1045 2225 1079 2284 et
1106 2238 1166 2302 per
1194 2239 1271 2285 suos
1765 2257 1774 2264 -
1823 2261 1827 2264 -
1856 2257 1907 2264 *—

293 2306 551 2457 atttriti&
566 2305 617 2455 id
634 2303 1269 2474 pietatatis³i⁰⁵ttt⁹tttt

514 2442 521 2455 ·
889 2441 897 2470 r

293 2475 381 2560 quod
403 2477 447 2542 sit
468 2497 486 2541 e
508 2497 545 2542 re
566 2475 784 2556 eoelesiarum‚
805 2495 866 2560 pro
884 2473 1002 2559 quibus
1023 2481 1056 2540 te
1078 2474 1270 2542 servotDo·
1771 2491 1848 2562 49⁹.

292 2563 414 2641 minus,
436 2562 485 2627 ita
505 2561 710 2626 laborantem
730 2570 768 2626 ut
789 2563 886 2626 iuxta
906 2561 1044 2627 verbum
1061 2561 1197 2626 Domini
1218 2562 1269 2626 tui
1669 2630 1672 2636 ,

293 2647 455 2713 rationem
481 2646 612 2712 habeas.
656 2647 691 2712 Is
719 2647 775 2730 qui
803 2646 935 2713 iubebat
962 2643 1089 2712 modioo
1115 2648 1166 2711 uti
1192 2646 1269 2712 vino
1585 2627 1788 2698 VIRETUS
1810 2627 2027 2697 OALVINO·

292 2733 398 2800 vetita
419 2750 505 2816 aqua
526 2739 658 2816 propter
685 2733 903 2811 stomachum,
933 2732 1014 2798 satis
1035 2731 1158 2799 indioat
1179 2732 1270 2798 vale·
1519 2801 1539 2814 Η
1833 2801 1840 2814 ‚
2221 2801 2227 2815 ,
2255 2801 2262 2814 ,

293 2817 418 2884 tudinis
447 2819 606 2883 rationem
633 2817 816 2884 habendam
844 2817 906 2883 tibi
933 2837 1013 2884 esee.
1057 2816 1147 2884 Oura
1168 2818 1270 2902 igitur
1409 2797 1540 2900 mi
1560 2799 1725 2867 adventum
1745 2805 1881 2880 ”mstis
1903 2819 1993 2882 ilum
2012 2805 2049 2866 ¹⁴⁸
2066 2799 2140 2901 Μ
2159 2805 2295 2902 ΜΜ

294 2911 332 2969 ut
353 2905 437 2970 beno
459 2903 579 2982 valeas,
602 2924 665 2986 quo
685 2905 790 2987 possis
811 2901 961 2988 pluribus
973 2911 1007 2968 et
1028 2903 1150 2970 diutius
1171 2903 1269 2988 prod·
1320 2889 1416 2971 '‘Vd-
1462 2885 1574 2952 Etiam
1602 2885 1795 2954 Zebedmm
1826 2885 1983 2952 (imam
2003 2891 2136 2970 11981338
2160 2890 2295 2954 mm·

294 3009 373 3057 esso.
419 2987 535 3054 Saluta
555 3009 668 3056 omnes
695 2996 895 3074 symmystas
921 2989 1007 3073 pios,
1037 3010 1103 3054 non
1123 2997 1269 3073 praeter-

292 3075 340 3142 ito
366 3073 585 3155 Beraardr'ao,
620 3075 768 3142 eonsules
802 3081 836 3140 et
870 3083 1022 3141 sanatum
1051 3083 1202 3141 senatum
1236 3081 1271 3141 et
1474 3057 1529 3127 (θ’
1546 3056 1716 3128 ’11108131ὴο
1733 3056 1798 3112 ⁰⁰⁰·
1817 3055 1884 3112 ⁰⁰³·
1904 3057 1974 3112 ¹¹¹⁸
1996 3059 2042 3116 ¹⁰¹·
2060 3055 2133 3127 129·)

293 3159 452 3244 quidquid
481 3167 533 3227 est
560 3161 705 3244 piorum,
734 3181 873 3226 uxorem
899 3167 991 3225 tuam
1019 3179 1094 3224 oum
1123 3161 1177 3244 pio
1197 3159 1269 3226 Da-

293 3246 413 3331 adest)
461 3245 577 3312 Nostri
605 3267 717 3346 omnes
745 3253 779 3312 te
811 3255 951 3328 tuosque
983 3245 1090 3346 salvos
1123 3247 1267 3329 eupiunt.
1406 3260 1477 3330 Suo
1497 3261 1615 3328 Ioanni
1636 3261 1776 3329 calvino
1797 3261 1892 3329 fratri
1913 3283 2012 3348 qum
2033 3263 2204 3331 &sissimo

293 3331 413 3398 Frater
444 3329 591 3397 nondum
622 3331 720 3397 redut
752 3334 982 3417 Argentorato.
1035 3331 1203 3397 Nicolaum
1235 3338 1270 3398 et
2083 3349 2253 3417 oenone,

293 3418 431 3484 stabam
452 3417 567 3483 saluta.
612 3417 766 3484 Neooomi
789 3423 819 3483 8.
842 3415 1046 3501 Septembris
1070 3421 1161 3482 1543.
1406 3481 1433 3550 S
1475 3483 1627 3550 Arbitror
1652 3490 1685 3550 te
1712 3483 1825 3550 litem
1850 3504 1925 3552 me
1948 3485 2014 3552 im
2076 3505 2135 3553 uas
2164 3487 2299 3554 Nm

924 3535 1075 3602 Emeum
1096 3543 1181 3605 tum·
1321 3569 1363 3636 ad
1384 3577 1416 3636 te
1443 3569 1526 3636 dedi.
1571 3571 1681 3636 Tuum
1706 3590 1902 3654 responsum
1924 3505 2085 3656 dxspdotd.
2129 3571 2235 3640 Venit
2256 3570 2299 3638 ad

1320 3675 1374 3721 me
1397 3653 1652 3723 Canastraeum
1674 3655 1778 3722 literis
1795 3655 1927 3724 Foreiti.
1939 3659 1963 3740 ¹)
2006 3657 2041 3723 Is
2062 3658 2125 3726 tibi
2145 3658 2298 3726 narrabit

1321 3739 1400 3825 quid
1425 3761 1501 3807 eum
1529 3739 1685 3808 fratribus
1713 3742 1826 3826 egerit
1875 3743 2092 3828 Hominem2)
2118 3744 2232 3812 audies
2262 3751 2300 3809 et

1320 3827 1463 3910 exaipies
1481 3833 1519 3892 ut
1539 3835 1631 3892 tuam
1653 3827 1745 3895 deoet
1765 3827 2003 3895 humanitatem
2024 3835 2058 3893 et
2078 3829 2301 3896 christianam

1320 3911 1524 3992 modestiam,
1553 3913 1708 3996 dabisque
1730 3933 1864 3997 operam
1885 3915 1977 3980 utin
1999 3915 2105 3982 offioio
2127 3917 2302 3982 oontinea·

1321 4006 1385 4064 tur.
1417 3998 1524 4064 Video
1541 3997 1709 4064 bominem
1727 3999 1862 4065 anxium
1884 3998 2059 4066 admodum
2079 4022 2144 4085 quo
2165 4023 2203 4069 so
2222 4024 2305 4070 ver·

1321 4091 1380 4161 tat,
1402 4091 1436 4148 et
1456 4085 1514 4167 qui
1534 4092 1630 4169 egeat
1650 4083 1774 4150 solatio.
1819 4081 1972 4152 Arbitror
1992 4086 2123 4170 penitus
2144 4089 2305 4170 peouniis

1321 4169 1535 4235 exhaustum:
1555 4169 1634 4254 quid
1651 4171 1778 4236 eonsilii
1788 4177 1943 4254 sequatur
1952 4171 2049 4255 plano
2060 4173 2174 4238 nescit.
2209 4173 2306 4240 Vide

1320 4256 1422 4340 igitur
1442 4275 1506 4340 qua
1526 4257 1653 4322 ratione
1673 4257 1703 4322 ei
1721 4255 1844 4322 oonauli
1865 4257 1975 4339 possit,
1998 4265 2033 4324 et
2053 4257 2132 4342 quid
2151 4281 2209 4327 ree
2228 4261 2307 4344 ipsa

379 3707 465 3773 Heri
485 3707 588 3772 frater
609 3705 707 3772 rediit
720 3709 953 3792 Argentorato.
987 3708 1075 3774 Mira
1094 3715 1208 3774 narrat
1229 3707 1269 3774 de

317 3793 425 3858 iorum
446 3793 566 3858 affeetu
587 3792 696 3872 Motis,
723 3814 821 3876 quam
842 3791 979 3859 ardeant
1000 3815 1121 3860 omnes.
1166 3793 1269 3860 Intel-

293 3813 407 3946 dexisti
427 3877 625 3964 legationem
648 3879 886 3962 pontificiorum
907 3900 976 3946 non
996 3879 1078 3945 bene
1100 3887 1270 3965 exceptam

295 3963 337 4030 ab
348 3965 559 4049 Imperatore.
575 3967 616 4045 ¹⁰)
650 3965 774 4030 Tristes
796 3965 965 4031 redierunt
986 3963 1059 4047 duo,
1077 3965 1194 4031 tertius
1213 3963 1269 4031 ad-

295 4049 360 4116 hue
390 4051 427 4116 in
459 4050 535 4115 aula
566 4047 688 4128 haesit,
728 4071 830 4134 quum
867 4049 1026 4135 sanguine
1063 4051 1106 4116 sit
1138 4051 1269 4118 iunotus

294 4134 405 4202 B...
426 4136 483 4220 .¹¹)
527 4133 648 4220 Sperat
668 4156 728 4220 per
749 4136 836 4203 huna
858 4136 980 4220 aliquid
1002 4158 1037 4204 so
1058 4136 1270 4203 obtenturum

398 4321 430 4456 §13
446 4321 596 4458 ffffl
611 4323 743 4458 (gnata.

473 4409 484 4443 Ι

399 4455 695 4524 autumnitatem:
716 4459 950 4514 avalleaaaer:
974 4459 1112 4515 Vereaara.
1139 4459 1271 4516 Fortasse
1407 4457 1453 4524 12)
1474 4459 1613 4516 Metanoia.

297 4525 452 4596 brendam:
469 4527 616 4583 Veronam.
654 4529 710 4595 (Of.
729 4527 783 4596 ΕΡ.
806 4529 930 4583 Tertorr's
948 4526 1017 4582 1544
1031 4529 1090 4596 fia.)
1409 4527 1453 4596 13)
1472 4527 1518 4584 De
1545 4531 1596 4586 boe
1622 4529 1684 4585 aide
1713 4529 1768 4599 Ep.
1795 4527 1876 4584 Zellr'a'
1901 4530 1939 4586 N.
1963 4529 2023 4584 498.
2065 4529 2247 4588 &aanor
2274 4535 2308 4588 ἐκ

398 4593 429 4676 9)
448 4593 546 4650 David
563 4597 768 4678 deBaeaatoa,
785 4599 910 4666 reipaear
932 4597 971 4652 da
993 4598 1137 4668 floreant,
1160 4613 1193 4652 ea
1218 4596 1269 4652 Ge·
1321 4595 1431 4652 Atratia
1447 4599 1588 4668 raperrbre
1604 4599 1680 4654 aedes
1703 4603 1763 4653 erat
1781 4599 1969 4668 praesedere
1987 4601 2170 4668 proseuta
2193 4605 2310 4658 aram

295 4679 394 4720 meare
411 4680 441 4717 ra
459 4663 521 4718 Bur
540 4665 627 4718 andra
649 4666 797 4730 onradus,
817 4672 932 4735 propter
954 4665 1109 4736 relipr'oaera
1133 4665 1269 4722 Gmeoam
1321 4681 1395 4721 aeae.

296 4737 471 4788 merserat.
534 4733 582 4787 tr‘a't
598 4731 674 4788 1545.
709 4734 808 4815 (Haap
825 4733 871 4789 11.
887 4732 942 4798 88.)
985 4803 990 4814 .
1406 4733 1454 4802 14)
1477 4733 1638 4790 Torreta'aae
1655 4741 1681 4788 et
1698 4734 2312 4810 &muneramaeataareaaptmarar

383 4801 430 4866 10)
450 4800 523 4856 Erre
540 4817 599 4854 eum
622 4808 749 4884 ereptare
771 4805 868 4884 errata·
885 4802 1044 4857 credulitate
1066 4803 1270 4872 ampieraatem.
1321 4819 1402 4874 wrm
1424 4819 1480 4859 aaa
1501 4804 1687 4885 eredrbite'ar't
1717 4803 1857 4859 Ferarum
1884 4804 1979 4861 literas
2000 4819 2067 4861 war
2088 4821 2138 4875 per
2160 4811 2312 4880 tatepm

296 4869 453 4950 Imperator
470 4870 585 4938 tepatam
601 4877 675 4925 masat
692 4871 911 4952 partieteaeeam
922 4872 1271 4954 reformaadr'prurrpr'aem
1320 4887 1433 4926 mensem
1451 4872 1527 4926 ἀεειι·
1540 4879 1691 4926 retmareae.

297 4937 482 5060 §swano
507 4945 689 5006 rmapeareret.
743 4940 810 4995 Vade
843 4941 981 4995 Mearraae
1011 4955 1041 5009 p.
1067 4940 1102 4994 89
1130 4947 1155 4996 et
1183 4957 1270 5008 supra
1340 4938 1408 5002 498.
1422 4939 1456 5061 d)
1473 4941 1520 5064 gs.
1537 4939 1737 5062 &debboram
1754 4941 1908 5064 ratumne.
1973 5011 1978 5023 Ι
2065 5009 2097 5066 N
2196 5015 2203 5026 q

296 5046 430 5196 Sentii)
449 5072 557 5130 Nemea
591 5072 715 5140 dubium,
745 5077 815 5132 stota
843 5081 868 5133 et
898 5077 971 5146 prod
996 5081 1122 5146 prortm
1149 5079 1270 5147 reputor
1319 5014 1465 5217 ἑονσὲπᾶιιὲε
1483 5025 1581 5146 dobba
1608 5023 1845 5144 suaemge,naem
1872 5023 2079 5150 mdo&
2095 5021 2314 5140 mm
