4898 5970
173 309 231 369 681
1004 311 1085 373 1544
1107 309 1339 376 FEBRUAR.
2103 316 2164 380 682

170 501 253 558 rant.
283 492 452 575 Quantum
471 493 618 561 desidero
635 515 678 560 ne
695 497 755 560 fiat
771 495 855 579 quod
872 515 1031 581 arrogans
1047 495 1141 580 ille’)
1192 496 1425 583 Zuynglius,⁸)
1446 505 1559 563 tamen
1579 500 1725 582 gestiunt
1745 501 1792 564 ita
1813 500 1940 578 miseri,
1974 502 2028 584 qui
2055 503 2166 568 omnia

170 580 259 664 eupit
296 577 516 661 introduoere,
553 581 675 646 sensim
707 580 866 664 adrepens
902 589 941 647 ιιι
972 581 1140 648 aeolesiam
1192 585 1328 666 eupiunt
1348 603 1463 648 eversa
1483 603 1567 665 qnae
1588 595 1666 650 sunt
1682 586 1756 665 Dei,
1778 584 1818 650 de
1835 585 1893 650 illo
1914 605 2072 653 eonsensu
2089 609 2165 671 per-

169 673 284 731 vastet.
315 666 458 731 Tantum
477 666 573 750 eupio
590 668 687 731 istam
700 665 832 731 tandem
849 665 972 732 absolvi
989 670 1140 751 paoem³)
1193 667 1427 734 ditissimorum
1448 667 1617 734 hominum
1646 679 1681 734 et
1702 671 1742 737 de
1764 679 1830 735 tam
1853 671 2016 737 obstinata
2036 681 2071 738 et
2090 695 2165 756 per·

169 751 204 814 in
226 771 290 834 qua
310 751 436 815 tamdiu
458 751 649 818 laborarunt
669 753 723 835 pii.
768 751 821 818 De
847 773 911 836 qua
937 753 1020 818 nibil
1048 755 1140 836 potui
1193 756 1299 820 tineae
1316 755 1560 837 perseverantia
1577 755 1612 820 in
1631 757 1772 840 pessima
1790 759 1958 835 sententia,
1981 779 2046 840 qua
2062 760 2165 824 miser

169 835 352 920 intelligere
374 837 463 902 oerti.
509 836 576 918 Qui
597 837 709 902 fratris
729 837 843 903 literas
865 839 1057 904 Patomiaoo
1076 839 1140 904 huo
1193 838 1324 922 quidam
1344 838 1384 904 ad
1404 849 1541 904 mortem
1558 841 1756 923 perduravit,
1779 851 1815 907 ut
1832 853 1947 924 putent
1963 847 2074 908 omnia
2091 861 2163 910 tan·

169 921 281 986 attulit
301 920 428 988 dieebat
449 921 573 1006 legatos
592 923 804 989 Genevenses
824 931 917 988 tanta
933 925 1140 989 festinatione
1192 945 1289 1008 quam
1312 926 1484 990 verissima
1505 926 1635 992 oracula
1664 926 1777 993 haberi
1800 926 1925 993 debere.
1968 928 2164 995 Pervadunt

169 1005 301 1072 domum
322 1007 443 1084 redire,
472 1009 565 1090 quasi
587 1029 755 1091 nunquam
782 1011 975 1091 tempestive
1001 1012 1080 1074 satis
1102 1029 1140 1074 eo
1192 1010 1288 1074 aedes
1305 1011 1424 1093 leprosi
1441 1011 1540 1093 aliqui
1556 1032 1698 1095 eorpore,
1722 1023 1756 1078 et
1773 1013 1830 1078 alii
1847 1035 1911 1078 non
1931 1013 2039 1078 minus
2061 1016 2162 1080 animi

167 1093 356 1174 perventuri
379 1100 497 1158 essent.
542 1093 639 1174 Quod
662 1115 714 1158 ms
739 1093 860 1177 aliquid
882 1096 1038 1178 suspioari
1061 1095 1140 1159 mali
1191 1096 1283 1180 lepra
1305 1097 1525 1174 contaminati,
1549 1113 1582 1162 et
1603 1099 1713 1163 omniu
1734 1098 1837 1164 libelli
1857 1098 2024 1164 inouloant
2045 1109 2078 1164 et
2095 1121 2162 1166 non

167 1176 318 1261 augebat,
348 1179 410 1242 nisi
432 1179 599 1261 impendio
621 1178 775 1244 ducalis*
794 1181 917 1246 fuisset.
963 1179 1074 1263 Aliqui
1096 1201 1139 1246 ex
1190 1202 1311 1264 paucos
1333 1181 1500 1256 seducunt,
1523 1183 1600 1264 quia
1619 1184 1655 1247 in
1674 1185 1842 1250 nonnullis
1864 1197 1915 1249 est
1933 1185 2023 1250 vorbi
2045 1186 2162 1268 aliquis

165 1262 319 1327 fratribus
341 1261 495 1328 dixerunt
523 1285 593 1328 rem
620 1274 787 1346 pernetam
807 1285 878 1331 osse
898 1265 1051 1346 feliciter,
1081 1266 1139 1332 sed
1189 1269 1292 1332 funus.
1337 1266 1449 1347 Quare
1470 1267 1602 1346 fratres,
1631 1291 1732 1351 quum
1754 1269 1888 1334 videant
1908 1291 1988 1352 opus
2009 1291 2080 1336 esse
2102 1272 2162 1336 ali-

165 1368 263 1412 nemo
285 1349 364 1413 oerti
387 1348 510 1432 aliquid
532 1350 635 1414 affert.
679 1350 816 1416 Utinam
838 1351 890 1416 vel
912 1373 984 1416 sero
1006 1349 1136 1416 tandem
1190 1375 1253 1436 qua
1284 1353 1509 1436 responsione,
1543 1375 1607 1418 non
1641 1354 1727 1436 quod
1753 1354 1837 1422 liber
1863 1354 1981 1439 dignus
2013 1357 2070 1434 sit,
2103 1357 2161 1422 sed

167 1434 411 1516 exoptatissima
428 1435 493 1499 ista
510 1455 575 1518 pax
592 1437 750 1500 firmetur.
787 1435 839 1500 De
859 1438 997 1502 comitiis
1007 1439 1035 1520 ⁴)
1053 1437 1136 1501 nibil
1188 1445 1321 1520 propter
1349 1438 1513 1522 simplioes
1540 1440 1576 1504 in
1604 1441 1720 1521 quibus
1748 1440 1865 1524 aliquis
1892 1455 1942 1505 est
1968 1442 2065 1506 timor
2088 1442 2161 1523 Dei,

164 1540 296 1604 possum
319 1519 513 1604 intelligere,
535 1541 595 1586 neo
610 1524 900 1606 Argentoratensis
921 1523 1039 1606 aliquis
1057 1524 1137 1588 sori·
1187 1533 1220 1588 te
1242 1531 1360 1608 rogant
1381 1535 1514 1608 propter
1535 1526 1715 1590 Dominum
1742 1533 1780 1590 ut
1799 1525 1885 1590 hano
1907 1529 2063 1609 suseipias
2085 1548 2161 1609 pro-

165 1605 214 1671 bit
235 1626 334 1688 quum
356 1605 483 1671 interea
504 1605 682 1690 discupiam
709 1607 829 1673 reseire
857 1609 997 1674 frustum
1018 1608 1067 1672 tui
1088 1608 1136 1673 la·
1187 1609 1347 1684 vinciam,
1385 1631 1446 1675 neo
1480 1609 1666 1694 dedigneris
1697 1623 1829 1694 propter
1860 1613 1996 1677 miseros
2029 1621 2160 1680 autores

165 1691 300 1770 boris,³)
330 1711 425 1774 quem
448 1711 561 1774 preeor
583 1691 763 1757 Dominum
785 1703 821 1758 ut
842 1693 1043 1758 uberrimum
1066 1713 1136 1759 esse
1187 1715 1268 1776 opus
1291 1695 1435 1780 aggredi.
1480 1693 1611 1760 Scimus
1638 1717 1751 1762 omnes
1774 1705 1806 1762 te
1828 1717 1927 1780 supra
1952 1697 2085 1762 modum
2107 1719 2160 1764 oo·

164 1776 270 1854 faeiat,
292 1785 390 1859 prout
410 1799 504 1859 spero
525 1779 682 1856 futurum,
705 1799 766 1844 neo
787 1779 969 1844 frustrabor
989 1778 1051 1845 bao
1069 1799 1134 1862 spe.
1188 1791 1358 1863 eupatum,
1388 1791 1422 1845 st
1451 1779 1516 1844 alia
1542 1779 1662 1846 babere
1690 1781 1861 1848 tractanda
1889 1784 2062 1865 inquibus
2085 1785 2159 1866 plus

163 1862 258 1928 Nosti
281 1871 320 1926 ut
341 1862 485 1927 babeant
512 1861 566 1927 hio
590 1865 715 1943 omnia,
743 1866 816 1947 quis
844 1865 886 1929 sit
913 1865 1135 1948 magistratus,
1188 1865 1340 1932 videatur
1360 1887 1430 1930 esse
1452 1866 1628 1945 commodi,
1656 1887 1722 1932 nou
1745 1877 1871 1932 tantum
1895 1867 1949 1932 bie
1970 1868 2035 1932 iam
2059 1891 2159 1953 agen-

163 1948 236 2030 quis
257 1955 426 2030 pastorum
449 1955 562 2026 status,
586 1968 645 2012 neo
662 1957 695 2014 te
712 1950 797 2034 fugit
818 1948 895 2032 quid
913 1951 1014 2016 miser
1030 1950 1135 2030 illo‚⁰)
1187 1951 1291 2026 tibus,
1320 1951 1377 2016 sed
1399 1952 1538 2034 posteris
1560 1973 1694 2035 quoque,
1724 1953 1897 2035 praecipue
1919 1955 1953 2017 in
1978 1955 2160 2037 scripturae

162 2033 220 2118 qui
241 2042 275 2098 et
296 2031 382 2116 apud
403 2033 675 2112 Mediomatriees,
699 2045 733 2100 et
754 2035 807 2100 hio
824 2043 857 2100 et
874 2035 955 2112 istio,
977 2037 1044 2100 imo
1062 2055 1136 2117 pas·
1188 2038 1401 2102 enarratione.
1435 2035 1502 2102 Sed
1520 2059 1586 2101 non
1608 2039 1739 2121 ignoras
1760 2059 1858 2120 quam
1879 2059 2036 2122 praesens
2058 2061 2159 2106 vene·

163 2119 226 2185 sim
249 2126 403 2184 coenatus
425 2131 484 2197 est,
507 2120 617 2183 omnia
639 2125 816 2185 evertere*
836 2121 872 2185 in
890 2121 1000 2186 odium
1023 2122 1134 2199 nostri,
1187 2143 1267 2187 num
1298 2123 1451 2188 eeclesiae
1484 2123 1528 2186 sit
1561 2123 1622 2188 boo
1649 2123 1820 2188 hominum
1872 2145 1967 2201 enus,
2000 2134 2034 2190 et
2060 2147 2158 2208 quam

163 2213 197 2270 et
218 2211 257 2268 ut
278 2211 387 2286 posset
407 2205 513 2289 magis
541 2205 653 2271 obesse
681 2225 741 2288 per
764 2206 907 2288 leprosos
934 2202 1052 2272 voluit
1067 2217 1135 2270 tra·
1186 2215 1334 2290 oporteat
1355 2227 1525 2273 ooourrere
1542 2208 1818 2291 pestilentissimis
1861 2210 1994 2275 ootrinis
2016 2211 2158 2276 haereti·

163 2289 312 2374 goediam
335 2309 439 2374 agere.
484 2289 673 2356 Vooabatur
694 2313 735 2357 ex
761 2291 827 2356 illis
849 2313 942 2370 unus,
969 2293 1024 2374 qui
1045 2303 1135 2374 pete·
1187 2314 1307 2358 eorum.
1352 2293 1582 2378 Deligeremus
1603 2293 1712 2374 alium,
1735 2294 1792 2360 sed
1814 2293 1882 2374 dio,
1931 2315 2038 2374 uaeso,
2060 2318 2158 2380 quem

162 2377 217 2441 bat
234 2376 343 2440 neseio
361 2395 442 2458 quas
460 2375 522 2441 sibi
539 2375 686 2442 induoias
708 2377 788 2456 dari,
810 2377 969 2460 collegam
991 2397 1134 2461 arguens
1185 2377 1400 2458 inveniemus,
1423 2379 1480 2461 qui
1502 2379 1604 2443 multo
1626 2379 1751 2457 labore,
1778 2401 1868 2446 nuno
1889 2317 2045 2461 eluendo,
2068 2404 2157 2450 nuno

163 2461 251 2544 quod
269 2459 365 2526 aliter
381 2461 568 2544 loqueretur
585 2483 681 2544 quam
704 2465 855 2528 sentiret:
873 2463 1030 2526 nimirum
1049 2461 1134 2544 quod
1186 2463 1409 2541 subducendo,
1438 2483 1527 2528 nuno
1554 2465 1728 2542 vertendo,
1755 2473 1789 2529 et
1817 2465 1894 2548 quid
1922 2465 2028 2532 dicam
2047 2467 2158 2534 omnia

162 2567 290 2612 meeum
312 2547 420 2612 verbis
449 2547 570 2613 faoiens
593 2568 668 2612 oum
690 2547 885 2613 adversariis
907 2548 1017 2612 animo
1038 2555 1132 2612 esset.
1185 2549 1320 2634 agendo,
1342 2549 1376 2613 id
1398 2557 1466 2614 tam
1487 2549 1582 2613 faoile
1598 2557 1752 2632 praestet,
1774 2571 1873 2634 quam
1891 2559 1927 2616 tu
1944 2551 1999 2617 vel
2015 2550 2157 2619 ludendo

247 2631 390 2696 Demum
412 2631 535 2715 prodiit
556 2633 639 2698 liber
656 2631 766 2782 quepn
786 2631 843 2720 od]
866 2642 899 2698 te
921 2635 1023 2710 mitto,
1034 2634 1063 2714 ⁷)
1078 2634 1135 2715 qui
1184 2635 1296 2717 possis.
1342 2633 1454 2714 Quum
1475 2634 1577 2717 igitur
1598 2635 1663 2700 levi
1684 2635 1795 2701 labore
1815 2657 1940 2702 morem
1962 2657 2075 2722 gerere
2092 2639 2157 2704 fra-

162 2716 382 2802 apparabatur
402 2739 467 2783 non
488 2719 659 2802 ignorante
681 2740 718 2784 oo
732 2719 812 2803 lega.
848 2719 934 2783 Nam
955 2739 1068 2784 versor
1085 2725 1135 2783 est
1184 2719 1290 2784 tribus
1311 2720 1423 2801 possis,
1447 2725 1481 2784 et
1503 2740 1573 2784 rem
1595 2727 1663 2784 tam
1685 2724 1901 2787 neeessariam
1924 2723 2100 2803 absolvere,
2123 2732 2158 2790 st

161 2803 238 2869 buia
260 2803 398 2870 intimus
419 2813 453 2868 et
474 2804 622 2888 quamvis
644 2804 773 2870 libellus
796 2803 876 2870 adeo
897 2802 1056 2891 inep[las]
1080 2805 1133 2882 sit,
1185 2805 1334 2870 omnibus
1355 2802 1452 2870 valde
1473 2804 1597 2882 utilem,
1621 2812 1653 2868 te
1674 2827 1788 2871 omnes
1805 2816 1901 2872 orant
1917 2817 1957 2874 ut
1974 2821 2007 2874 te
2028 2810 2158 2876 exorari

52 2941 56 2951 ,
160 2911 227 2954 non
251 2889 355 2955 solum
384 2890 572 2972 interpretis
602 2889 696 2968 vitio,
726 2911 841 2956 verum
869 2891 967 2956 etiam
997 2891 1038 2954 in·
1061 2890 1133 2971 ipsa
1184 2891 1329 2975 patiaris,
1352 2897 1385 2954 et
1408 2889 1469 2954 boo
1487 2889 1617 2966 elfioias,
1641 2909 1701 2954 use
1761 2892 1918 2990 gradiaris
1939 2894 2029 2959 aliud
2049 2895 2157 2978 prius·

160 2995 225 3059 qua
256 2975 318 3040 fuit
349 2977 550 3058 oonseriptus
582 2973 697 3060 lingua
729 2977 932 3060 germaniea,
970 2983 1009 3040 ut
1040 2981 1134 3040 notat
1184 2995 1287 3126 guam
1303 2975 1492 3074 absolveris.
1538 2972 1577 3040 Si
1599 2976 1688 3058 operi
1716 2977 2017 3126 arunxerisuquod
2042 2987 2158 3079 eontra

1184 3069 1417 3226 ..lllllltt
1433 3061 2156 3231 lttlffittllllttptffltt

263 3229 294 3298 2)
312 3231 517 3299 novellarum
526 3231 702 3286 malamort
710 3230 1132 3301 nemorumnemorum
1184 3234 1284 3300 simae
1306 3240 1412 3298 seatae
1440 3231 1547 3314 eapite
1573 3239 1799 3311 oonterantur,
1827 3231 1997 3300 adiuvabis
2025 3233 2153 3300 multos.

159 3301 275 3424 mam
290 3299 416 3424 32⁶²*ss
438 3315 503 3354 Μ
525 3300 693 3356 1111111011
715 3301 754 3356 “d
776 3299 893 3356 T⁰⁸⁸⁶⁹⁸⁶
918 3301 1011 3356 'W'
1033 3301 1134 3368 '‘sm''
1184 3317 1281 3400 Quod
1309 3337 1428 3402 quaeso
1455 3324 1487 3383 te
1513 3317 1598 3383 nolis
1625 3317 1800 3402 negligere.
1844 3315 1972 3384 Sinon
1993 3340 2068 3385 oum
2089 3319 2155 3384 fra·

282 3437 383 3502 mg„
400 3435 534 3490 ganas„
552 3441 578 3492 ,f
596 3435 770 3502 Gemma,
793 3435 820 3490 a,
838 3435 879 3490 19,
898 3435 979 3492 M,
998 3436 1132 3505 apopalo
1183 3403 1297 3483 tribus,
1320 3404 1376 3487 qui
1398 3412 1486 3470 arete
1505 3403 1667 3469 iusserant
1689 3411 1726 3468 ut
1747 3403 1789 3468 ad
1807 3409 1839 3468 te
1860 3402 2044 3484 seriberem,
2066 3424 2154 3472 oom-

158 3504 265 3559 rolenm'
280 3509 412 3560 conventu
429 3505 571 3572 sanetum,
589 3505 623 3559 de
640 3505 870 3574 qnoanorlum
886 3505 984 3562 rescire
998 3511 1131 3573 potuerat.
1182 3488 1403 3572 prehender,'
1429 3497 1464 3554 et
1489 3509 1603 3555 eorum
1630 3488 1820 3572 petitionem
1844 3508 1913 3554 non
1946 3488 2055 3589 pluris
2083 3509 2155 3556 esse

159 3571 257 3642 19⁸¹*
299 3575 358 3630 aeis
378 3575 584 3628 'tummim
606 3573 736 3629 Bosara«
757 3575 951 3644 amabam,
975 3574 1049 3630 Μ
1074 3575 1130 3630 ⁶⁰⁹¹
1183 3573 1271 3658 apud
1292 3582 1325 3639 te
1346 3573 1514 3641 erederem
1536 3594 1633 3656 quam
1655 3595 1759 3639 meam
1783 3575 1894 3654 unius,
1920 3595 1981 3660 ego
2002 3597 2058 3658 qm
2078 3597 2154 3656 oum

158 3641 243 3712 Μ
259 3589 368 3766 {gagia
384 3641 650 3766 '‘dffiaffiff
662 3711 754 3766 dm·
1182 3661 1334 3726 omnibus
1356 3661 1467 3744 flagito
1489 3666 1522 3724 et
1543 3669 1577 3724 te
1599 3659 1760 3726 obstestor
1788 3669 1826 3726 ut
1847 3659 1909 3726 hoo
1930 3661 2079 3744 perfioias
2100 3659 2153 3726 ob·

262 3713 292 3846 53
332 3725 453 3848 1ρὲιαῦαέ
463 3727 661 3834 crustallina*
678 3780 716 3834 aa
731 3717 885 3834 aarum.
1183 3744 1332 3812 seorandi
1353 3747 1452 3811 finem
1473 3764 1542 3810 non
1563 3744 1713 3824 bosram,
1733 3766 1793 3810 nee
1818 3767 1949 3812 vererer
1970 3747 2050 3829 quin
2071 3745 2153 3812 obti-

262 3847 292 3915 6)
311 3863 397 3916 sopra
420 3849 493 3902 lineo
521 3851 655 3928 scriptun
679 3849 777 3916 legiter
811 3849 913 3904 corta.
963 3845 1047 3902 Hane
1068 3851 1131 3901 erro
1182 3851 1304 3896 nerem.
1339 3829 1434 3912 Quod
1456 3831 1646 3896 simaeum
1669 3831 1726 3895 tali
1748 3837 1930 3931 ooetuunoun
1951 3830 2052 3928 audis,
2075 3827 2153 3913 quid

258 3917 334 4040 m
351 3916 486 3971 Meam
505 3916 592 3982 stim
614 3917 726 3972 ollonae
742 3922 903 3986 mem
925 3931 981 3970 Μ’*
997 3916 1132 3982 masas,
1183 3937 1314 4000 sperare
1335 3936 1466 3999 possum
1491 3914 1577 3997 quod
1598 3915 1686 3981 solus
1716 3923 1789 3980 ate
1815 3915 1937 3999 aqumd
1957 3913 2151 3998 impetrem?

156 3923 244 4058 m
280 4002 294 4039 ⁶
332 3987 425 4053 ΜΨ
440 3986 497 4038 ‘²¹5⁸
532 3986 671 4085 ,ῑᾶΜῆ
734 4053 739 4066 .
972 4052 977 4064 .
1124 4050 1129 4064 .
1270 4000 1378 4067 (lausa
1399 4001 1519 4084 eaptivi
1532 4003 1574 4080 ¹⁰)
1595 4003 1716 4067 reotius
1738 4001 1852 4067 fuisset
1873 4009 1994 4078 aurata,
2016 4002 2045 4066 si
2067 4022 2152 4067 nun·

263 4053 290 4121 ⁷)
311 4054 420 4110 Ructat
434 4052 509 4109 113
532 4093 538 4106 .
559 4053 602 4107 Un
610 4055 755 4122 bourgeors
772 4052 806 4107 de
823 4055 850 4106 la
859 4052 1015 4107 bonnenlle
1024 4067 1131 4105 nomme
1203 4087 1210 4102 .
1607 4088 1613 4101 .
1648 4088 1654 4101 .
1971 4087 1977 4100 .

157 4125 184 4178 le
202 4124 306 4178 Peloux
323 4123 355 4176 fit
371 4123 511 4192 imprimar
535 4139 568 4175 en
591 4121 750 4191 Allemagna
773 4139 808 4175 un
831 4121 900 4174 livre
943 4121 970 4173 ui
993 4121 1132 4175 oontenoit
1183 4108 1251 4154 ⁰¹⁰⁸
1273 4085 1315 4152 ad
1335 4108 1433 4170 (lum
1453 4107 1513 4152 ¹¹⁰⁸
1534 4095 1673 4152 remam
1693 4086 1796 4152 fi'stoel'
1815 4086 1882 4153 11Πο
1902 4093 2063 4164 Ὺθῦῑῦθθῧι
2093 4093 2153 4151 ὓῑῐῗ

156 4195 184 4247 la
201 4193 324 4246 donnus
343 4193 391 4245 des
416 4191 612 4260 anabaptistae
630 4197 659 4244 et
677 4207 710 4243 en
728 4189 759 4242 fit
782 4191 885 4243 uires}
959 4205 1018 4242 en.
1054 4189 1078 4243 11
1096 4205 1129 4243 en
1182 4174 1292 4238 omnia
1327 4173 1601 4238 intellexissemus
1629 4182 1667 4237 ιιι
1700 4180 1774 4237 aeta
1804 4173 1944 4270 luerunt
2000 4171 2086 4236 Nam
2117 4169 2151 4250 id

155 4261 251 4316 debita
276 4279 312 4314 un
339 4263 393 4314 bon
420 4261 532 4314 nombre
558 4259 625 4312 dans
651 4260 676 4311 le
702 4261 790 4313 oomte
816 4260 850 4312 de
877 4258 1035 4312 Nenobetel.
1076 4258 1130 4312 Les
1181 4259 1264 4324 seire
1285 4257 1459 4340 oupiebant
1490 4257 1603 4322 nonsul
1631 4267 1665 4322 et
1685 4268 1826 4322 gonagus,
1871 4257 1981 4322 Aham
2004 4277 2151 4340 110an

156 4331 275 4384 Bernois
297 4329 398 4398 l'ayant
420 4346 452 4382 su
475 4329 621 4382 e'orivirent
643 4329 668 4381 le
696 4325 739 4379 28.
763 4327 836 4380 Mars
858 4345 893 4380 au
915 4327 1016 4380 oonseil
1041 4326 1075 4382 de
1103 4329 1130 4380 la
1180 4344 1302 4409 mimus
1323 4363 1503 4426 proponere
1530 4343 1593 4407 nisi
1621 4363 1720 4426 quam
1746 4342 1858 4408 scribit
1884 4343 1993 4408 frater·
2037 4341 2077 4408 ffi
2097 4363 2152 4408 va,

155 4398 328 4538 ffffisfflggs
343 4397 473 4518 pfflnlffi
484 4395 819 4534 ffihffirissffiffig,
830 4393 1129 4530 “N‘ssgcffiffifflss
1180 4437 1243 4508 eat,
1261 4429 1350 4513 leges
1367 4428 1536 4494 literarum
1553 4429 1721 4512 exemplar
1739 4434 1773 4492 et
1789 4429 1909 4494 nuncio
1927 4427 2058 4493 demum
2076 4425 2150 4500 rods

155 4537 292 4590 larinum
309 4535 407 4588 libram
424 4549 502 4588 auam
520 4541 615 4588 ooalm
631 4533 830 4600 Anabopllelaa
842 4533 972 4602 seriptum
990 4531 1128 4586 diruam

158 4605 321 4660 Contractus
352 4603 403 4657 isle
432 4601 535 4656 libellas
565 4609 661 4672 septem
696 4603 827 4656 articulos
853 4607 949 4655 ooalra
977 4617 1045 4670 quoe
1071 4601 1129 4654 lam

155 4672 310 4740 Zsrinpls'ae
327 4689 351 4724 o.
363 4667 432 4724 1527
450 4685 528 4724 auum
537 4671 685 4726 Elenobum
703 4669 985 4738 incatubaptistsrum
1003 4669 1128 4738 strophas

155 4741 255 4808 edida,
284 4755 360 4811 quem
382 4739 443 4796 ride
467 4740 498 4794 in
521 4739 554 4807 ei.
577 4739 646 4809 opp.
669 4739 709 4794 ad.
739 4738 892 4793 Scbulltsss
911 4737 972 4793 111.
989 4735 1039 4791 tor
1058 4753 1127 4808 seqq.
1281 4733 1311 4802 8)
1330 4737 1347 4790 1.
1364 4736 1381 4790 l.
1396 4751 1425 4804 p.
1443 4733 1503 4789 361.
1769 4803 1774 4814 1
1850 4804 1855 4814 ·
2111 4801 2117 4814 .

158 4810 312 4880 Exemplar
346 4809 510 4863 masam
525 4816 636 4878 marte
656 4809 718 4863 lllor
739 4808 868 4862 articulos
890 4807 969 4860 etiem
992 4807 1128 4861 ambitos
1280 4803 1311 4870 9)
1329 4804 1405 4858 Huic
1421 4803 1555 4858 desiderio
1571 4819 1627 4858 noa
1643 4802 1814 4871 nemeae
1826 4802 1932 4858 radetur
1945 4801 2053 4868 Noster,
2071 4815 2150 4856 meus

155 4879 305 4948 ornnem
370 4877 592 4947 paedobuplr'smo
608 4875 849 4946 comprehenderat.
891 4874 932 4943 Os.
954 4875 1036 4929 mom
1054 4875 1127 4997 hipp.
1180 4872 1441 4994 Poyctgpoanpotia
1459 4889 1484 4927 a.
1502 4872 1606 4926 &mass
1626 4869 1692 4925 1558
1707 4871 1804 4953 pallia
1819 4886 1899 4926 verso
1917 4871 2030 4939 prodiit.
2067 4869 2148 4952 (110-

158 4947 366 5016 Oeoolanpalls's'
381 4951 407 5001 el
422 4945 587 5015 Zrnnpls's'f.
604 4943 638 4998 81
655 4952 680 5001 el
699 4945 808 5002 Oolos‘m'
826 4945 894 5014 Opp.
917 4943 945 4998 T.
970 4943 1039 4998 VII.
1082 4959 1127 4998 am
1178 4942 1242 5011 leeg.
1288 4980 1295 4995 .
1320 4942 1350 4996 V.
1367 4959 1394 5010 p.
1410 4941 1465 5008 38.)
1500 4941 1591 4996 Habet
1608 4947 1697 4994 tumea
1714 4939 1819 4994 laeuos
1836 4945 1931 4994 watra
1948 4937 2149 5020 Anaboptsrtos

154 5017 240 5073 babes
265 5030 378 5086 qaorum
401 5031 451 5084 ope
478 5015 594 5082 replices
621 5015 676 5068 imo
702 5031 717 5069 r
771 5015 825 5068 ‘or
853 5029 922 5084 qaae
950 5012 1070 5068 dalmas
1096 5013 1127 5066 in
1177 5011 1235 5078 ipse
1258 5025 1327 5078 quoe
1350 5011 1402 5066 toa
1423 5011 1559 5079 pertinent
1582 5008 1669 5074 (VII.
1700 5008 1749 5061 111
1776 5010 1868 5079 seqq),
1893 5009 1963 5074 eoas.
1986 5005 2148 5078 maaziau

157 5085 283 5156 Rolrgp.
312 5083 381 5138 VII.
403 5099 431 5152 p.
455 5081 496 5150 19,
519 5082 567 5136 abs·
590 5083 625 5137 ab
647 5083 707 5149 ipso
732 5082 755 5137 0
781 5085 845 5138 oleo
867 5097 918 5138 nor
940 5079 1030 5149 ἀιοιρι·
1049 5082 1129 5150 pesa
1175 5079 1192 5133 l.
1212 5079 1229 5133 l.
1248 5093 1275 5147 p.
1290 5075 1349 5131 433.
1499 5148 1503 5158 Ι
1819 5148 1824 5160 1
1930 5128 1959 5156 1,

155 5167 261 5220 summ,
282 5153 337 5223 qni,
358 5159 390 5208 at
411 5169 429 5208 a
447 5151 558 5206 Farallo
575 5151 754 5218 raspidum
772 5158 911 5220 onertmt
928 5152 981 5207 sibl
998 5153 1076 5206 ιἰιιιιιι
1095 5149 1126 5203 ll·
1263 5147 1306 5213 10)
1329 5149 1403 5200 Gelli
1420 5146 1536 5200 ollamus
1559 5150 1634 5213 puto.
1671 5145 1714 5199 Dr
1741 5144 1999 5213 &olsonopolrtooo
2016 5143 2148 5214 maedam

154 5223 254 5280 boum
271 5221 383 5278 mt'tltlm
398 5221 517 5277 dicebat:
534 5219 568 5272 (le
585 5219 648 5272 bien
663 5219 727 5272 10111.
1177 5215 1275 5271 haberti
1294 5217 1364 5269 Acta
1388 5224 1493 5267 warlus
1514 5213 1602 5266 Genti·
1629 5212 1671 5268 21.
1691 5215 1776 5270 Marl-
2140 5252 2145 5268 ι
