4898 5970
309 293 370 354 '167
1074 284 1337 354 EPIS'POLAE
1359 288 1528 352 toa-cac
2236 287 2298 349 tos

392 477 494 546 Salve
520 477 567 542 mi
594 475 818 542 amantissime
843 476 952 542 frater.
996 476 1065 542 Res
1087 481 1219 540 nostrae
1240 475 1276 540 in
1328 475 1421 541 nobis
1452 479 1553 558 potes.
1595 472 1729 542 Scribas
1763 481 1873 541 antem
1899 495 1978 561 rogo
2008 475 2258 559 quamprimum,
2267 475 2299 552 π)

307 565 442 649 ancipiti
463 571 551 629 statu
572 569 658 640 sunt,
671 563 696 646 ¹)
725 583 785 628 nec
798 562 886 646 «quid
914 582 1041 644 sperem
1068 581 1276 644 magnopere,
1328 581 1370 626 ne
1391 559 1623 644 intempestiva
1643 562 1769 626 actione
1790 561 1967 627 obruamur
1987 563 2092 644 prins,
2120 580 2218 643 quam
2240 569 2300 626 tuo

305 672 367 718 nec
394 649 493 715 etiam
521 647 598 732 quid
625 648 793 732 desperem
822 647 934 714 habeo.
977 647 1019 712 In
1047 667 1137 729 spem
1166 657 1277 710 mmen
1328 646 1530 728 aliorumque
1557 645 1702 711 consiliis
1730 667 1970 730 praeparemur.
2022 646 2076 712 De
2101 646 2302 712 eucharistia

305 737 411 820 magis
433 733 625 818 propendeo,
653 733 814 817 siqnidem
836 730 959 818 synodo
980 733 1202 799 controversia
1224 732 1278 814 (nt
1329 731 1432 815 deque
1453 731 1626 796 ministerii
1648 731 1733 798 sacri
1760 734 1934 798 aut-oritate
1955 741 1990 798 et
2010 753 2086 810 usn,
2114 731 2302 797 oeconomia

305 841 366 907 par
393 819 457 906 est)
491 819 709 884 examinanda
738 817 1006 901 diiudicandaqus
1039 819 1275 884 committatur:
1328 818 1407 882 item
1429 816 1598 894 ecclesiae,
1627 827 1785 899 quatenus
1814 817 1978 902 agendum
2011 815 2301 900 disserendumque

305 926 441 989 eamque
470 913 508 970 ut
542 905 756 988 impetremus
783 903 890 969 studio
919 904 1076 968 acerrimo
1109 903 1276 968 incumbe·
1328 903 1380 981 sit,
1402 904 1437 967 in
1458 902 1531 1051 {faa
1553 903 1722 982 (arbitror)
1745 924 1844 968 arena
1866 903 2037 969 discemus.

305 1013 393 1059 mus:
416 1011 600 1074 quanquam
622 990 858 1055 reluctaturum
886 1010 945 1072 pro
975 989 1061 1054 virili
1090 989 1276 1071 antagonis-
1414 986 1458 1055 Se
1508 985 1549 1052 de
1576 987 1629 1052 his
1657 989 1747 1054 satis.
1791 990 1843 1054 Dc
1867 989 2014 1070 Philippi
2041 999 2075 1052 et
2097 988 2227 1054 Ledberi
2248 1009 2304 1052 re·

305 1087 374 1142 tam
391 1098 462 1142 esso
483 1077 660 1155 coniiciam,
683 1075 738 1158 qui
756 1074 797 1140 ad
815 1083 952 1153 caetera,
975 1095 1104 1139 ornnem
1123 1075 1277 1139 ecclcsiae
1326 1073 1599 1154 conciliatione,³)
1610 1073 1715 1156 deque
1731 1093 1817 1138 nova
1831 1075 1918 1157 apud
1929 1075 2113 1140 Brabantos
2130 1073 2302 1153 haereai,⁴)

305 1163 515 1230 autoritatem
537 1173 633 1244 atque
655 1161 874 1226 oeconomiam
904 1159 945 1225 ad
973 1159 1115 1224 tribunal
1145 1169 1275 1223 tantum
1328 1161 1431 1237 mitto,
1453 1179 1536 1241 quae
1557 1158 1598 1223 ad
1619 1181 1672 1224 me
1690 1180 1732 1224 ex
1749 1159 1955 1244 Witteberga
1975 1161 2167 1225 Ambrosius
2189 1167 2305 1224 noster

304 1249 435 1316 forense
461 1255 608 1323 revocat,
645 1265 817 1328 coramque
845 1245 887 1310 iis
914 1244 1047 1310 indubia
1077 1247 1161 1310 hunc
1188 1244 1277 1326 cupit
1328 1245 1511 1312 Blcurerus
1529 1245 1676 1327 scripsit,
1702 1243 1789 1328 quod
1810 1245 1911 1311 sciam
1932 1265 1972 1310 ea
1992 1265 2060 1310 non
2080 1245 2211 1329 ingrata
2231 1245 2306 1310 sore

328 1334 511 1400 ctissimum
532 1331 636 1396 decidi
654 1351 795 1408 causam,
816 1352 955 1414 quornm
972 1331 1098 1397 animos
1116 1332 1182 1394 iam
1199 1343 1277 1394 anto
1328 1330 1396 1397 tibi.
1429 1329 1609 1395 Dominum
1630 1330 1729 1396 laudo
1749 1351 1805 1396 eos
1827 1339 1936 1396 motus
1957 1329 2132 1396 salubriter
2152 1331 2306 1413 conscpi-

303 1357 581 1502 blandilcquentia
617 1417 883 1500 praeoccupavit,
928 1427 993 1481 aut
1024 1435 1277 1500 praeoccupasse
1329 1425 1389 1496 tos,
1411 1436 1472 1482 nec
1493 1414 1605 1481 dubito
1623 1417 1798 1482 sanitatem
1815 1417 1957 1500 aliquam
1973 1415 2127 1483 ecclcsiae
2144 1415 2306 1482 allaturos

304 1505 437 1571 uidetur
456 1503 579 1587 potius,
610 1513 700 1568 actor
727 1503 857 1568 futurus
885 1501 1005 1569 idcirco
1027 1502 1276 1585 accingemus,
1329 1521 1415 1568 esse:
1445 1501 1525 1567 adeo
1553 1501 1645 1566 novit
1673 1501 1702 1568 is
1730 1502 1831 1567 etiam
1857 1502 1945 1567 mala
1972 1509 2084 1568 nostra
2105 1499 2147 1567 ad
2169 1502 2223 1567 sni
2243 1521 2305 1568 no-

327 1589 392 1656 ncd
419 1611 478 1673 pro
507 1589 651 1671 ipsorum
679 1587 821 1670 placitis,
856 1609 916 1653 ceu
944 1609 1004 1672 pro
1040 1589 1105 1653 aris
1132 1607 1170 1654 ac
1196 1587 1276 1653 focis
1328 1588 1428 1653 minis
1467 1587 1607 1672 gloriam
1644 1587 1885 1670 electorumque
1924 1587 2062 1654 salntem
2101 1595 2304 1652 convenere.

304 1611 478 1760 depugnet,
501 1695 560 1758 pro
582 1673 811 1756 disputationis
833 1673 963 1738 habitae
985 1674 1173 1750 autoritate,
1202 1684 1276 1737 tan·
1328 1673 1382 1740 De
1410 1693 1490 1756 pace
1518 1673 1606 1738 inter
1636 1671 1805 1740 Caesam
1831 1681 1866 1738 et
1889 1673 2021 1739 Gadara
2048 1674 2142 1738 varia
2163 1693 2305 1738 narran-

304 1783 402 1845 qnam
424 1761 551 1826 Dianae
572 1759 661 1824 illius
678 1780 816 1842 maguae
832 1757 1059 1841 Ephesiorum,
1083 1758 1277 1823 clamoribus
1328 1759 1434 1842 tur.³)
1478 1756 1568 1824 Sunt
1596 1758 1652 1841 qni
1679 1758 1849 1825 dissiliissc
1876 1779 2007 1824 rursum
2035 1767 2169 1840 putent,
2197 1779 2305 1841 qnan-

303 1846 563 1913 indcsinentibus
585 1845 788 1910 vociferetur.
822 1845 891 1910 Nos
907 1865 1095 1928 quanquam
1117 1843 1276 1908 bonorum
1328 1865 1426 1929 quam
1456 1843 1491 1908 id
1522 1844 1580 1910 vix
1608 1844 1786 1910 verisimile
1817 1843 1898 1908 mihi
1933 1846 1986 1909 sit
2030 1844 2202 1910 Helvetios
2237 1865 2306 1909 non

304 1933 491 1999 voluntates
518 1953 539 1996 a
567 1930 660 1996 nobis
692 1951 759 1995 non
787 1929 910 1996 alienas
937 1951 1008 1996 esse
1040 1950 1077 1996 co
1102 1929 1275 2007 noscimus,
1328 1929 1449 1996 reverti
1477 1929 1653 2007 miramur,
1683 1929 1827 2014 adeoque
1855 1951 1916 1997 noc
1948 1931 2075 1996 nnncfis
2103 1950 2165 1996 nec
2197 1929 2307 1996 literis

304 2025 416 2083 tamen
436 2015 573 2082 Domini
595 2014 751 2080 beneficio
780 2015 890 2080 nullus
918 2014 998 2082 adeo
1018 1951 1193 2098 appiausus
1214 2014 1276 2079 hu·
1328 2015 1523 2100 significari,
1556 2015 1611 2080 ubi
1645 2015 1713 2080 sint
1738 2023 1774 2080 ot
1799 2015 1878 2098 qnid
1905 2025 2013 2100 agunt
2064 2016 2170 2080 llama
2198 2016 2307 2081 tristis

304 2123 421 2170 manns
451 2103 498 2168 sic
526 2101 619 2166 nobis
647 2100 756 2168 oculos
777 2101 986 2185 perstrinxit,
1014 2111 1052 2166 ut
1081 2121 1147 2165 non
1169 2101 1277 2182 potins
1328 2102 1404 2167 licet
1424 2121 1491 2166 non
1508 2099 1639 2184 publica
1660 2101 1723 2166 lert
1744 2101 1785 2167 ab
1802 2102 1987 2184 Anglorum
2004 2121 2081 2185 rege
2103 2121 2218 2168 caesos
2235 2121 2307 2167 esse

304 2209 422 2256 causae
449 2188 642 2265 bonitatem,
670 2206 768 2270 quam
797 2187 953 2270 suffragia
980 2193 1153 2270 potentum
1174 2186 1277 2268 rospi·
1329 2185 1531 2253 memorabili
1552 2186 1811 2269 gravissimaque
1838 2193 1963 2272 strage,
1993 2207 2129 2270 eamque
2150 2185 2306 2252 nonnihil

304 2275 439 2342 ciamus.
487 2273 602 2355 Neque
636 2271 778 2336 ullorum
810 2269 998 2336 mortalium
1029 2271 1277 2338 reformidamus
1329 2271 1528 2356 probabilem
1549 2271 1628 2338 lacit
1648 2273 1838 2356 repentinus
1859 2279 1893 2338 et
1913 2273 2110 2356 improvisus
2131 2271 2234 2355 legati
2255 2293 2305 2338 re-

303 2359 478 2426 iudicium:
506 2357 605 2423 donet
625 2357 721 2423 modo
743 2357 836 2422 nobis
857 2357 1026 2436 Obristns,
1055 2358 1103 2422 uti
1130 2377 1193 2440 qua
1218 2376 1278 2440 par
1329 2360 1375 2443 gii
1396 2379 1417 2424 a
1438 2356 1596 2423 Salodoro
1617 2357 1786 2424 discessus.
1820 2356 1887 2424 Sed
1908 2359 1976 2423 iam
1997 2359 2072 2424 vale
2093 2365 2127 2424 ct
2147 2379 2211 2423 nos
2231 2378 2305 2442 pre·

305 2453 358 2511 est
389 2443 658 2526 aequanimitate,
690 2442 880 2525 prudentia,
916 2443 1163 2526 constantiaque
1190 2455 1278 2507 stare
1329 2443 1422 2511 cibus
1454 2442 1662 2525 consiliisque
1693 2443 1760 2508 tuis
1794 2444 1908 2510 iuvare
1939 2464 2049 2528 perge.
2105 2442 2239 2509 Salutat
2271 2451 2303 2509 te

304 2551 364 2615 pro
383 2531 524 2594 veritate
545 2537 642 2612 atque
658 2549 805 2612 pugnare
826 2527 999 2610 possimus.
1045 2527 1178 2594 Statum
1200 2549 1277 2595 con·
1329 2535 1479 2595 amanter
1501 2533 1535 2593 ot
1555 2541 1745 2595 reverenter
1768 2528 1923 2606 Beatus⁶l
1953 2551 2048 2596 carus
2076 2538 2111 2594 et
2138 2549 2301 2595 veneran-

304 2616 484 2681 troversiae
509 2613 599 2678 hunc
624 2633 685 2680 nos
716 2613 913 2698 urgebimus.
965 2613 1115 2680 Primum
1137 2623 1175 2678 ut
1195 2633 1278 2696 qnae
1329 2613 1390 2682 dna
1421 2613 1503 2681 colle
1616 2613 1826 2700 Symmystas
1862 2623 1937 2681 tuos
1966 2615 2137 2698 utriusque
2171 2614 2303 2681 nomine

305 2701 351 2768 sit
372 2701 551 2782 scripturae
569 2698 742 2764 canonicae
764 2719 842 2782 prae
860 2697 1011 2766 omnibus
1028 2700 1173 2764 omnium
1191 2719 1277 2764 mor·
1329 2701 1455 2768 salama
1476 2701 1511 2766 iu
1552 2751 1559 2764 .
1604 2700 1743 2780 Bernas,
1767 2704 1795 2766 7.
1818 2701 1993 2768 Novembr.
2021 2705 2110 2765 1544.

304 2786 424 2852 talium
445 2784 574 2868 scriptis
595 2785 754 2850 autoritas
775 2785 988 2870 intelligatur,
1009 2783 1126 2851 deinde
1147 2791 1185 2850 ut
1205 2805 1278 2868 pro-
1975 2837 2004 2902 ,1,
2036 2835 2130 2904 sulm

268 2893 271 2900 ’
303 2871 451 2957 photium
479 2869 708 2955 religionisque
736 2869 889 2956 dogmata
914 2891 981 2936 uon
1010 2870 1086 2936 ullis
1107 2870 1278 2936 hominum
2005 2887 2012 2901 ·
2131 2857 2220 2904 mm·

303 2955 542 3042 pronunciatis,
578 2955 635 3022 sed
668 2957 803 3022 canonis
840 2955 941 3022 solius
973 2956 1063 3041 lydio
1096 2955 1279 3022 examinari

303 3043 493 3109 conveniat:
516 3049 680 3125 postremo
701 3063 800 3124 quam
822 3061 889 3107 non
906 3042 1064 3108 fuerimus
1085 3061 1146 3108 nos
1167 3040 1277 3108 bacte-

303 3146 377 3208 nns,
400 3149 505 3212 neque
526 3148 615 3194 nunc
632 3128 736 3193 simus
754 3127 852 3193 ullius
869 3148 938 3192 non
955 3128 1157 3195 necessariae
1177 3147 1277 3194 nova-

303 3214 404 3279 tionis
430 3221 571 3278 autores.
623 3211 698 3294 Qua
723 3213 759 3277 in
788 3234 824 3278 re
853 3213 929 3278 licet
961 3212 1090 3279 abunde
1121 3213 1213 3279 nobis
1245 3219 1279 3277 et

303 3299 487 3384 scripturae
514 3305 719 3364 stratarum
741 3298 898 3364 anastas
925 3298 1139 3383 exemplaque
1160 3299 1278 3363 suffra·
1776 3329 1841 3400 534

303 3395 433 3470 gentur,
450 3392 563 3450 tamen
580 3383 703 3468 negotii
721 3383 785 3448 erit
802 3405 868 3450 non
886 3384 996 3468 exigui
1014 3405 1087 3450 eam
1104 3384 1278 3450 verimtem
1842 3379 1852 3400 ’

303 3471 404 3536 etiam
425 3469 626 3552 probabilem
648 3467 788 3534 auditori
809 3470 946 3548 efficere,
972 3477 1278 3553 praeposteramque
1596 3468 1798 3536 visurus
1820 3467 2039 3535 OALVINO.

303 3562 339 3622 et
359 3557 494 3619 nimiam
510 3555 704 3638 placitorum
722 3554 943 3620 humanorum
964 3554 1220 3634 admirationem,
1243 3563 1278 3620 et

303 3641 543 3708 affectationem
569 3641 772 3706 constantiae
800 3640 919 3706 animis
946 3641 1106 3720 eximere,
1135 3640 1277 3706 maxime
1424 3641 1522 3707 Vario
1541 3643 1578 3706 iu
1598 3641 1766 3706 nwtssimc
1793 3659 1851 3706 suc
1879 3641 1990 3706 itincre
2017 3647 2171 3722 computo
2187 3643 2301 3724 pauet

303 3725 433 3810 quando
455 3746 528 3791 eam
549 3729 708 3809 palaestae
731 3733 844 3792 noster
864 3725 921 3791 ills
947 3725 1089 3793 mirabili
1116 3725 1278 3793 lenocinio
1329 3728 1429 3794 amico
1450 3727 1557 3806 occa,
1578 3727 1660 3792 inter
1680 3726 1750 3792 alia
1772 3724 1945 3792 Morcurtii
1965 3728 2150 3792 scamium
2171 3728 2211 3792 de
2231 3729 2303 3810 bop-

302 3809 449 3878 incendit
470 3820 505 3876 st
526 3819 632 3896 auget
677 3810 838 3894 Quocirca
866 3820 899 3876 te
927 3833 1022 3896 rogo,
1052 3811 1098 3876 mi
1120 3811 1276 3877 amantis·
1329 3814 1420 3880 tiam
1440 3812 1631 3880 adalanum
1652 3817 1680 3878 et
1701 3813 1855 3895 arpellum
1878 3809 2064 3880 &macae
2083 3813 2259 3880 cuiusdam.

303 3896 386 3966 aime
403 3898 514 3976 frater,
536 3897 585 3962 uti
606 3905 663 3961 tuo
684 3919 745 3963 nos
767 3897 902 3964 manilio
924 3897 1006 3963 velis
1027 3897 1202 3974 instruere,
1227 3895 1277 3961 id-

303 4003 368 4067 que
389 3984 517 4066 copicse
538 3991 571 4047 et
591 3981 735 4066 prolixe,
757 3983 938 4066 quibusque
966 3982 1047 4060 hacc
1073 3983 1279 4066 potissimum
1330 3983 1384 4050 (ux
1401 3991 1515 4046 autom
1533 3983 1569 4037 ho
1593 3982 1659 4036 Oed-
1676 3982 1744 4038 oen.
1763 3981 1833 4036 111⁸·
1855 3982 1901 4036 sol·
1918 3981 1953 4036 59
1979 3983 2054 4036 cuius
2077 4000 2094 4036 ι
2180 3984 2235 4054 ph·
2255 3999 2303 4038 ex·

303 4069 484 4134 rationibus
505 4069 558 4152 agi
581 4089 601 4134 a
624 4067 717 4132 nobis
738 4067 866 4151 placeat
887 4067 1017 4136 doecre:
1041 4089 1079 4133 oo
1101 4067 1190 4134 enim
1208 4069 1279 4132 olfr-
1330 4059 1405 4106 suat
1422 4051 1487 4106 ibid.
1589 4051 1655 4117 11¹·
1681 4041 2107 4122 tol.'108,sscrnaeupp.v1.
2162 4051 2186 4120 ¹2
2213 4051 2302 4106 unici

304 4153 355 4220 cio
377 4175 437 4220 nec
458 4155 586 4238 gratius
614 4173 720 4236 neque
740 4155 846 4238 magis
867 4153 1089 4220 necessarium
1111 4161 1279 4237 praestare
1636 4120 1665 4174 in
1683 4120 1849 4174 Simterianis
1867 4119 1928 4174 Μ’
1946 4119 2000 4180 ⁵⁶³

306 4327 508 4336 “mm-
1433 4309 1462 4370 2)
1482 4308 1516 4364 si
1532 4323 1629 4362 reuera
1646 4308 1765 4376 scripsit,
1784 4307 1858 4377 quod
1874 4323 1941 4364 scae
1960 4310 2079 4366 manate
2093 4307 2238 4378 probabile
2254 4312 2304 4378 aa,

1330 4393 1492 4446 responsum
1508 4377 1568 4430 eiua
1585 4382 1699 4431 cetum
1715 4393 1772 4430 uon
1789 4377 1858 4431 aaa.

327 4443 393 4502 583.
413 4443 441 4508 1)
460 4441 527 4498 Post
550 4448 661 4498 raonem
682 4444 814 4510 smera,
837 4443 886 4512 qui
902 4443 974 4496 dum
991 4459 1072 4498 mm
1088 4443 1156 4498 cair
1171 4459 1204 4496 ra.
1223 4443 1279 4498 Fe·
1434 4446 1463 4510 3)
1483 4443 1591 4500 Rumor
1612 4451 1724 4500 caenae
1745 4446 1818 4499 iuter
1845 4444 2007 4500 domuum
2033 4445 2095 4500 ador
2124 4443 2304 4500 dicmcimr

306 4511 421 4566 tameo
437 4511 522 4566 baiae
539 4513 609 4566 ormi
620 4511 751 4568 surm
768 4527 830 4564 nem
846 4511 872 4566 G
966 4513 972 4524 '
1000 4511 1280 4567 Lutberaut'rcatiam
1331 4529 1362 4570 ec
1379 4520 1497 4580 tempere
1512 4503 1598 4569 aab
1615 4515 1794 4570 &manum
1808 4520 1971 4582 cocceam
1989 4520 2016 4568 et
2031 4516 2180 4570 mauram
2196 4515 2305 4569 caim

306 4580 508 4660 ateium
523 4580 631 4648 sudus,
659 4596 746 4650 aspie
763 4595 832 4661 cum·
842 4581 938 4648 Zwing
947 4581 1023 4635 mnis
1040 4582 1141 4636 aeriter
1158 4581 1279 4636 meeta-
1374 4584 1379 4594 '
1497 4583 1567 4638 Vide
1584 4584 1762 4654 Lundprouii
1777 4599 1818 4650 ep.
1837 4583 1875 4638 ud
1892 4585 2046 4639 Bntclcium
2062 4583 2257 4640 macellum
2272 4583 2306 4637 iat

305 4648 362 4730 bct,
390 4665 525 4730 masau·
541 4655 655 4704 mutua
673 4665 729 4730 pso
755 4649 832 4729 catab
853 4664 952 4729 pacem
976 4665 1134 4731 promouere
1151 4649 1279 4704 mederet
1354 4668 1414 4722 erp.
1433 4651 1494 4719 Res.
1517 4652 1550 4706 V.
1568 4653 1628 4706 501.
1667 4652 1741 4722 Quid
1759 4651 1831 4732 quod
1847 4653 1906 4719 ipa
1918 4653 2115 4708 Melcncbtbon
2132 4649 2306 4722 diffundite

306 4717 382 4772 Erus
452 4733 541 4772 mono
563 4723 756 4786 aucupantur
781 4717 888 4772 liuttere
913 4734 969 4772 wat
996 4719 1115 4773 Cousem
1140 4734 1281 4774 maeror
1332 4721 1365 4776 de
1382 4721 1479 4776 ιιιᾱιο
1496 4727 1522 4775 et
1538 4721 1704 4790 salaminae
1721 4721 1774 4775 aba
1791 4721 1959 4776 sesamae
1972 4721 2075 4775 amices
2092 4722 2214 4776 cernens
2232 4719 2304 4789 coca

306 4788 350 4866 10,
408 4787 503 4841 scm
521 4787 677 4868 mace.
696 4787 821 4868 (acuar
835 4787 939 4867 aare,
952 4786 1161 4867 stauarum
1190 4788 1281 4868 ιιι.)ι
1331 4791 1418 4858 unu,
1436 4791 1509 4844 aar
1526 4791 1597 4844 ater
1614 4791 1653 4845 aa
1670 4789 1831 4844 uacuam
1854 4806 1890 4844 m.
1907 4791 2035 4858 Aaou
2053 4789 2134 4857 (aa.
2152 4806 2181 4860 p.
2198 4789 2262 4856 aar)
2278 4792 2306 4844 a

327 4989 400 5070 ‚aaa
419 4992 593 5048 vacam
614 4993 749 5064 mm
772 5009 874 5048 meam
888 4999 1009 5062 pane,
1034 4965 1141 5050 aliem
1156 5011 1215 5049 ren
1231 5010 1279 5062 pc
1304 4946 1307 5048 i
1433 4997 1464 5060 4)
1483 4997 1690 5052 samm
1706 5011 1732 5049 c.
1751 4995 1790 5050 re.
1808 4995 1868 5050 cn.

308 5059 1307 5142 mesmutaic.trsbamclisoreaaipermitteatr,atroqaoesotlieatl
1434 5063 2303 5136 atoaawmmtatattcecpptdcompyaem

308 5124 580 5249 mutamus
597 5132 741 5186 inumata
758 5145 827 5200 quos
848 5145 915 5186 auce
938 5147 1040 5188 marce
1055 5134 1281 5202 patrocinemur
1305 5138 1308 5211 l
1331 5135 1388 5189 cita
1404 5079 1609 5260 fagpi‘prtriciic
1627 5131 1698 5187 ldae
1716 5132 1887 5201 Septembris.

434 5235 442 5250 .
1306 5232 1307 5247 ι
1379 5245 1382 5254 ,
1509 5216 1605 5270 mag.
