4888 5966
1057 319 1135 382 1541
1160 313 1251 382 IUL-
2087 318 2151 380 250

607 501 682 572 382.
1266 501 1455 569 Clarissimo
1477 502 1549 567 viro
1566 502 1607 567 D.
1620 502 1787 568 Ioaobimo
1797 501 1947 568 Vediano
1958 499 2152 588 Sangallen-

1181 588 1266 653 sium
1288 586 1414 654 sensuli
1434 586 1625 670 dignissimo
1647 589 1792 654 Domino
1819 597 1853 654 et
1873 589 1976 655 amieo
1998 609 2057 654 sno
2078 589 2152 672 pln-

356 655 601 724 FREOH'PUS
624 655 938 725 BULLINGERO.
1180 674 1301 738 rimam
1322 671 1523 738 observando
1585 691 1587 696 ·
1859 757 2014 844 Sangauo

248 827 412 896 Guleiem
435 829 514 894 uidit
542 848 581 893 ex
602 827 776 894 Rmisbono
792 828 975 895 redeuntem.
1022 831 1082 912 (lat
1104 837 1132 896 et
1180 879 2149 898 ---------------

163 914 241 982 lm
269 921 298 980 εἰ
323 919 467 997 &timia
496 914 607 980 arma.
650 913 702 980 D⁰
723 913 848 980 BWO
876 916 1026 996 1’1111111111
1047 937 1131 984 eeru·
1267 928 1319 994 De
1341 929 1480 996 eomitiis
1501 899 1919 1012 Ratisponensibus'libuit
1947 931 1988 997 ad
2017 945 2050 996 te
2072 932 2151 998 sori-

162 1020 217 1068 tae
235 1005 289 1067 ee.
1183 1016 1258 1080 bere
1285 1035 1369 1098 quae
1404 1015 1491 1081 hisee
1524 1013 1638 1082 diebus
1667 1039 1708 1082 ex
1737 1018 1921 1102 Argentina
1952 1016 1995 1082 ad
2025 1025 2151 1083 nostros

682 1173 687 1185 .
791 1171 796 1184 Ι
1182 1101 1302 1183 scripta
1334 1113 1420 1167 sunt.
1480 1101 1533 1166 Ita
1565 1111 1674 1166 autem
1707 1101 1862 1168 Bedrotae
1894 1102 1935 1167 ad
1970 1103 2152 1186 θνῃπαιιιιιι

164 1172 338 1240 (Excerptnm
362 1188 395 1226 ex
419 1171 586 1241 autographo
604 1171 714 1226 Arohrv.
733 1171 820 1226 Turre.
839 1173 910 1226 Plnt.
930 1172 974 1226 VI.
1000 1173 1061 1226 Vol.
1081 1172 1131 1226 108
1181 1196 1330 1251 nostrum
1362 1187 1468 1270 (xxvij
1496 1187 1653 1273 Iunfi)1)3
1704 1187 1813 1269 wQuid
1842 1188 2041 1254 Ratisbonae
2073 1209 2151 1273 aga.

164 1241 225 1294 olim
243 1256 303 1310 epp.
323 1241 352 1294 Τ.
362 1240 411 1294 IV.
430 1247 499 1310 part.
510 1239 531 1292 1.
549 1240 594 1294 iol.
604 1239 662 1294 214.
691 1241 821 1310 Reperies
833 1253 875 1311 ap.
886 1241 991 1294 simler.
1003 1242 1065 1296 Vol.
1075 1239 1130 1306 50.)
1182 1281 1236 1336 tur
1256 1293 1298 1337 ex
1320 1271 1456 1355 epistola
1477 1273 1539 1336 ista
1560 1272 1644 1338 beno
1664 1273 1763 1358 longa
1786 1273 1905 1340 Bum-
1932 1275 1974 1340 ad
2003 1283 2034 1339 te
2056 1274 2152 1341 smne

1180 1357 1354 1440 intelliges.
1399 1359 1482 1422 llam
1507 1357 1657 1426 Galoim
1683 1359 1839 1442 postridie
1866 1359 2002 1425 Ioannis
2030 1360 2150 1426 attulit

245 1445 388 1531 Egregie
410 1443 502 1510 doato
530 1453 563 1509 et
583 1445 637 1528 pio
658 1446 700 1510 D.
723 1445 915 1530 Heynrieho
936 1447 1130 1532 Bullingero
1180 1443 1371 1526 Rogarnrnt
1392 1465 1444 1508 me
1466 1443 1613 1510 Bararus
1639 1446 1734 1510 utin
1755 1454 1846 1510 tuam
1867 1447 2008 1528 gratiam
2031 1445 2151 1512 deseri-
2254 1501 2255 1504 ,

164 1531 338 1615 'ligurinae
360 1531 512 1598 aeolesiae
534 1529 721 1597 fidelissimo
742 1533 894 1598 ministro
911 1533 1055 1598 Domino
1078 1555 1130 1598 eo·
1180 1527 1290 1594 berem
1311 1550 1371 1594 sna
1392 1529 1583 1613 κακόγραφα,
1610 1531 1658 1596 ita
1679 1532 1768 1596 enim
1791 1541 1891 1596 voest.
1935 1531 2062 1596 Verum
2083 1552 2152 1596 non

163 1615 256 1682 lando
277 1625 311 1683 et
332 1617 500 1684 oarissimo
522 1616 624 1682 fratri.
1179 1615 1317 1694 venant,
1339 1624 1373 1680 et
1394 1615 1474 1680 satis
1496 1616 1661 1682 eommode
1683 1616 1783 1682 semel
1805 1617 1973 1700 seripsisse
1995 1617 2077 1681 mihi
2099 1618 2150 1682 vi-

163 1737 1130 1752 ————————————————
1181 1698 1285 1765 detur.
1319 1698 1386 1766 Sed
1408 1711 1441 1765 et
1461 1701 1600 1766 nunnius
1621 1711 1750 1784 praeter
1770 1703 1957 1784 opinionem
1974 1702 2039 1767 iter
2061 1723 2151 1768 aeae·

247 1786 399 1854 Caluinae
426 1792 476 1852 20.
506 1787 594 1853 Iunii
622 1810 663 1853 ex
690 1787 870 1855 Ratisbons
896 1789 961 1855 huo
989 1788 1130 1855 redierat
1181 1784 1309 1850 leravit.
1353 1785 1457 1851 Putat
1475 1785 1626 1852 &aare
1643 1807 1756 1870 paoem
1778 1788 1912 1853 solidam
1935 1789 2071 1853 minime
2092 1810 2151 1854 ex·

164 1885 195 1938 et
222 1871 375 1958 postridie
407 1894 484 1940 mox
518 1874 594 1940 hino
626 1874 781 1941 solvebat.
838 1874 906 1956 Qui
935 1874 1010 1955 hoo,
1044 1875 1130 1958 quod
1181 1870 1391 1954 spoetandam
1418 1871 1613 1952 aansars,
1641 1877 1707 1938 imo
1734 1873 1832 1938 talem
1860 1895 2028 1956 nunquam
2056 1893 2152 1958 posse

162 1961 301 2026 maxime
323 1959 405 2025 seire
427 1959 612 2041 eupiebam,
641 1959 719 2025 boni
740 1962 852 2026 nuneii
875 1959 1041 2026 narrabat:
1075 1983 1130 2027 sn·
1182 1957 1308 2040 sperari
1330 1957 1393 2022 nisi
1415 1957 1451 2022 in
1469 1957 1626 2042 religione
1648 1959 1823 2026 eonveniat
1843 1968 1877 2024 et
1898 1961 1932 2024 in
1950 1959 2152 2025 reformatio-

162 2047 295 2127 perioris
317 2045 516 2111 Germaniae
537 2045 689 2111 ecelesias
711 2047 832 2111 erebus
854 2069 942 2113 nune
962 2047 1129 2130 copulatae
1181 2063 1258 2108 nem
1276 2043 1506 2108 eonsentiatur.
1541 2045 1588 2109 At
1609 2043 1783 2126 quandoid
1800 2044 2148 2110 futurumexistimas?

161 2153 255 2213 quam
277 2153 430 2214 uuquam.
465 2131 535 2196 Deo
556 2133 644 2195 enim
666 2141 823 2214 perpetua
844 2133 957 2216 grata
1002 2133 1129 2198 Unani-
1180 2126 1267 2193 Cum
1286 2127 1415 2194 Caluino
1434 2128 1596 2194 nihildum
1618 2151 1716 2214 agere
1736 2132 1900 2212 potiiimus
1923 2130 1963 2195 de
1984 2132 2152 2196 venatione

160 2217 256 2281 miter
284 2216 367 2281 illud
390 2215 588 2282 caesareum
618 2217 776 2300 seriptum
791 2219 815 2303 ¹)
843 2219 934 2284 nobis
962 2219 1129 2302 displiouit
1180 2213 1378 2279 (lenovensi.
1412 2215 1479 2280 Per
1497 2215 1662 2280 nundinas
1680 2216 1733 2280 hie
1754 2217 1899 2282 manebit
1920 2217 1961 2282 ob
1979 2215 2151 2282 Gallorum

160 2315 192 2366 et
211 2304 352 2368 reieetus
369 2302 526 2368 articulus
543 2302 583 2368 de
601 2304 965 2370 transsubstantiatione
983 2313 1042 2370 ete.
1076 2303 1128 2370 De
1178 2300 1409 2382 frequentiam,
1443 2302 1498 2384 qui
1529 2301 1594 2366 huo
1625 2320 1807 2366 commeare
1838 2301 1946 2366 solent
1977 2310 2011 2367 et
2038 2301 2151 2367 audire

159 2386 288 2467 Baetra,
311 2387 397 2471 quod
419 2397 452 2452 et
472 2410 525 2454 me
543 2389 684 2472 angebat
701 2391 852 2468 maxime,
877 2388 1028 2456 Caluinae
1049 2411 1128 2473 quo-
1179 2387 1427 2452 eonoionentem
1448 2407 1508 2451 sua
1528 2387 1641 2470 lingua
1663 2437 1796 2452 .....
1803 2396 1817 2420 “

160 2494 221 2555 qne
243 2473 412 2552 narrabat,
439 2494 499 2556 per
526 2475 635 2539 omnia
657 2475 739 2539 bene
760 2475 789 2540 ei
812 2495 886 2540 oum
908 2475 1042 2558 reliquis
1061 2477 1127 2542 fra-
1264 2471 1318 2536 Ex
1345 2471 1450 2537 literis
1476 2472 1595 2537 Bucari
1622 2471 1848 2538 eommunibne
1877 2472 1919 2538 ad
1946 2473 2064 2538 batres
2085 2473 2151 2538 Ar·

159 2558 263 2624 tribns
285 2559 477 2636 convenire,
506 2561 568 2625 etsi
595 2581 683 2626 nune
712 2559 889 2626 subodorer
914 2562 1023 2626 neseio
1045 2582 1127 2642 quas
1179 2558 1405 2639 gentinenees:
1432 2557 1492 2634 „In
1514 2577 1552 2622 eo
1574 2557 1713 2624 haerent
1729 2579 1790 2624 ros.
1836 2558 1876 2623 In
1898 2566 2036 2642 utraque
2057 2567 2151 2642 parte

160 2645 341 2728 singulares
362 2644 610 2710 deliberationes
635 2646 730 2710 illum
752 2646 913 2711 habuisse.
958 2645 1127 2712 81111οα1-
1178 2649 1256 2705 sunt
1283 2641 1339 2724 qui
1366 2650 1433 2706 toto
1459 2641 1555 2708 eorde
1584 2665 1715 2708 omnem
1741 2643 1986 2710 eonsensionem
2009 2645 2148 2728 fugiunt.

157 2731 248 2796 vinem
269 2751 367 2813 quam
394 2738 574 2813 opportune
599 2732 784 2814 importune
806 2733 1004 2814 Ratisponae
1024 2731 1126 2797 Baue-
1179 2725 1358 2806 imperator
1374 2749 1448 2794 oum
1466 2729 1673 2810 pautioribus
1690 2730 1896 2796 oonoordiam
1907 2730 2045 2813 quaerit
2078 2730 2150 2794 llx-

156 2837 228 2880 rum
250 2815 449 2894 monuerim,
478 2817 657 2882 obtestatus
678 2817 811 2894 fuerim,
841 2825 966 2882 utnon
987 2817 1125 2882 nimium
1177 2819 1306 2876 ternam
1328 2831 1442 2895 paeem
1464 2833 1579 2879 omnes
1597 2815 1776 2891 olamitant,
1799 2815 1855 2882 sed
1877 2815 1933 2898 qui
1954 2816 2057 2880 tillem
2079 2815 2150 2881 eius

156 2900 342 2986 indulgeret
378 2901 663 2968 eonoiliationibus.
717 2903 842 2968 Verum
875 2903 1029 2985 temporis
1068 2924 1125 2967 an·
1176 2897 1336 2962 rationem
1363 2895 1503 2975 adierat,
1534 2907 1586 2963 eat
1614 2920 1719 2964 nemo.
1763 2901 1832 2967 Nee
1859 2901 1954 2967 video
1981 2921 2065 2984 quae
2092 2899 2150 2966 ad·

155 2989 265 3070 gnstia
285 2987 440 3054 exoludor
461 3009 548 3055 nune
570 2989 610 3053 de
630 2988 672 3054 iis
694 2997 728 3052 et
745 2988 817 3053 aliis
838 2987 1017 3054 seribendo.
1057 2987 1125 3054 Ob·
1177 2983 1256 3048 ferri
1276 2983 1381 3066 possit
1397 3004 1464 3048 non
1481 2985 1627 3066 graviter
1644 2983 1813 3050 oblaesura
1830 2986 1991 3053 eoelesias.
2025 2987 2150 3051 [lamen
2207 3040 2213 3061 ,

155 3083 293 3139 testatus
315 3071 479 3140 θαῑυίιιιιιιι
505 3094 578 3140 sum
606 3084 658 3153 ut,
687 3073 763 3157 quia
790 3095 843 3138 me
871 3073 992 3139 diutins
1014 3074 1126 3140 Ratis·
1176 3067 1258 3133 libet
1283 3077 1317 3132 et
1347 3069 1528 3134 annitimur
1559 3089 1673 3153 paoem
1704 3070 1810 3136 faeere
1842 3079 1937 3136 extra
1968 3069 2148 3136 Ohristnm.

154 3179 259 3241 ponae
279 3159 447 3236 haeserat,
476 3159 603 3225 advos
631 3159 794 3226 seriberet
838 3158 907 3225 Sed
929 3169 1125 3245 grammato-
1179 3153 1329 3220 Onlrium
1349 3154 1477 3220 instetit
1498 3154 1554 3220 diu
1571 3164 1611 3220 nt
1627 3155 1757 3220 rediret.
1801 3156 1961 3240 Equidem
1983 3177 2058 3220 mea
2075 3176 2150 3221 sen·

153 3244 277 3326 phorns
297 3247 360 3312 iste
380 3243 505 3328 reliqua
531 3255 672 3329 exponet
698 3245 799 3312 vobis.
842 3245 936 3311 Bene
956 3244 1030 3312 vale
1050 3267 1125 3312 eum
1176 3241 1282 3305 tentia
1313 3240 1501 3307 maluissem
1540 3261 1616 3306 oum
1647 3241 1799 3306 retinere.
1855 3241 2015 3307 Miserum
2050 3241 2148 3320 enim,

154 3329 294 3397 dominis
311 3339 345 3396 et
361 3331 518 3396 hotmbua
540 3331 732 3418 symmystis
753 3329 973 3410 observandis,
996 3351 1076 3414 quos
1093 3339 1126 3396 et
1177 3346 1277 3409 quum
1299 3325 1355 3392 diu
1375 3326 1522 3410 plerique
1542 3326 1596 3393 hie
1617 3327 1739 3392 frustra
1760 3326 1940 3407 haeserint,
1969 3334 2040 3392 tum
2062 3326 2148 3391 abri-

152 3416 256 3483 nostri
277 3416 418 3500 eupiunt
434 3417 540 3483 salvos
557 3437 749 3500 manumque
770 3425 891 3500 petunt
911 3419 1030 3484 vesnia
1051 3439 1125 3502 pre·
1177 3433 1254 3495 pere
1276 3432 1328 3491 se,
1356 3432 1458 3495 quum
1485 3413 1629 3496 primum
1658 3413 1803 3478 instituit
1831 3413 1918 3478 iusta
1944 3411 2147 3478 oonsultatio.

152 3501 241 3569 oibus
259 3501 477 3570 commendati
495 3523 574 3568 esse.
600 3502 718 3569 Ulmae
735 3503 864 3586 raptim.
899 3507 927 3568 2.
940 3503 1019 3568 Iulii
1033 3508 1123 3568 1541.
1177 3535 1219 3544 -
1241 3533 1283 3543 -
1304 3532 1346 3544 -
1369 3537 1410 3546 -
1433 3497 1502 3564 (lul.
1524 3497 1604 3564 Iulii
1628 3503 1718 3564 1141.

562 3641 598 3704 Τ.
622 3660 664 3706 ex
686 3639 795 3706 animo
817 3639 864 3706 M.
886 3639 1059 3706 Freohtus.
1533 3633 1580 3700 Io.
1604 3632 1772 3720 Oporinus
1794 3645 1871 3702 tuus
1892 3643 1960 3702 toto
1981 3644 2119 3720 peotore.

1561 3909 1763 3919 ———..—--

600 4135 676 4206 338.
1626 4125 1702 4198 884.

402 4272 637 4342 OPORINUS
658 4272 875 4340 VADIANO.
1415 4281 1650 4348 cautulus
1671 4279 1902 4346 FARELLO.

232 4446 396 4526 EWPW
413 4446 567 4527 quaedam
584 4467 622 4512 er
644 4445 742 4510 tueris
751 4443 882 4511 Bedroti
904 4444 1066 4514 etBueert'
1086 4447 1125 4512 de
1264 4451 1389 4517 Narrat
1424 4472 1504 4532 quoa
1535 4459 1606 4518 otte
1631 4472 1724 4518 enum
1756 4451 1929 4516 distarem
1958 4451 2064 4517 Bm

147 4533 266 4616 motio
291 4529 516 4596 Housmam·
537 4533 633 4614 deque
656 4529 783 4597 0⁰3le
804 4532 995 4597 ‘'ammi‘'
1176 4537 1390 4637 “diluerint
1411 4539 1494 4637 tude
1504 4539 1724 4621 profectionem
1744 4538 1923 4616 maturarit,
1944 4537 1989 4602 ibi
2014 4537 2146 4620 inmitis,

147 4702 199 4824 ξι
218 4700 396 4773 autographo
413 4701 484 4756 Bibl.
496 4699 571 4756 tirio
590 4701 706 4771 Sangall.
714 4700 791 4756 MSS.
809 4707 829 4754 t.
847 4699 882 4754 34
899 4703 966 4756 alias
978 4703 1010 4757 V.
1028 4701 1124 4758 rotae.
1175 4623 1259 4688 dmm
1279 4642 1482 4690 msam&

188 4781 287 4843 “¹⁹⁸⁰
305 4775 415 4824 lantum
432 4770 527 4825 dmm
550 4771 656 4824 ⁰¹¹¹i⁸⁸l⁸
681 4787 748 4840 ΨΜ
766 4769 801 4824 “d
817 4776 913 4824 ”mm
930 4786 984 4826 ”⁰¹¹
1001 4773 1123 4839 mim)
1176 4791 1304 4860 (Servata
1321 4801 1364 4846 est
1383 4794 1409 4847 in
1429 4795 1494 4848 edit.
1513 4796 1602 4851 Beroe
1620 4793 1720 4848 Gener.
1738 4811 1763 4864 p.
1776 4792 1819 4853 81,
1837 4793 1916 4876 hans.
1935 4811 1960 4876 p.
1978 4792 2021 4862 68,
2039 4793 2146 4848 Honor.

153 4934 207 4940 m,
219 4929 359 4942 *m
1175 4879 1201 4932 p.
1221 4860 1262 4932 ‘l6‚
1280 4861 1386 4917 Obouet
1403 4879 1429 4932 p.
1447 4862 1489 4930 39,
1509 4861 1993 5000 Affi,l'1132-475n⁸l¹⁰⁸l⁰⁸¹tur
2011 4879 2054 4932 ep.
2073 4861 2144 4916 B.·G.

167 5027 268 5088 3321
309 5027 397 5082 Liber
428 5026 652 5095 anamma,
685 5029 733 5096 qut
763 5028 855 5081 narrt
881 5027 962 5096 perti
991 5027 1124 5096 ambient
1642 5070 1648 5084 .
1718 5069 1726 5084 .
2136 5069 2143 5084 .

147 5097 241 5164 (aare
315 5095 381 5150 Rae,
404 5093 476 5165 opp,
498 5094 1122 5166 T.V.p.alt,00rp.Ref.1V.190,110r-
1259 5067 1371 5149 Quum
1392 5067 1522 5133 nullum
1550 5067 1690 5154 amphus
1717 5092 1751 5134 ιιι
1779 5075 1942 5136 conventu
1964 5089 2061 5136 usum
2081 5089 2145 5136 mm

146 5165 342 5290 ow.
369 5165 508 5219 Baeerum
524 5165 556 5220 iu
572 5166 765 5248 mmerebeado
782 5165 829 5218 ello
845 5165 915 5220 labro
932 5165 972 5219 ul'
1051 5182 1122 5236 par.
1175 5191 1375 5250 ---....

147 5239 184 5288 ‘²⁸
324 5250 349 5301 θ»
369 5235 562 5290 maneam
579 5235 747 5303 ornnem
764 5233 842 5302 (Met
861 5235 877 5290 ¹·
895 5235 914 5288 ¹·
980 5235 1077 5304 ·⁵⁷)·
1195 5235 1259 5298 aaa
1279 5240 1307 5306 1)
1326 5237 1387 5292 vste
1404 5253 1492 5306 apra
1510 5237 1548 5294 Ν.
1566 5238 1624 5294 eae.
