4898 5970
182 297 242 358 645
1023 299 1103 362 1543
1125 295 1333 364 NOVEMB.
2115 303 2179 368 646

181 481 282 548 nobili
312 489 427 568 eaptus
458 483 530 561 luit,
561 501 621 548 sua
652 483 764 549 omnia
793 481 852 548 tibi
886 483 1149 550 eommunioasse.
1204 497 1330 550 tonsam
1354 505 1471 568 agrum
1492 484 1698 567 profestione,
1720 506 1805 569 qnae
1821 487 1887 552 iam
1910 489 2020 554 omnia
2041 511 2083 556 ex
2104 489 2187 558 aliis·

180 569 319 652 Onpiam
347 567 405 634 abs
432 574 466 634 te
495 566 618 634 dissere
645 567 723 652 quid
750 568 790 634 de
817 569 886 652 ipso
908 569 1031 636 sentias
1053 577 1087 634 et
1107 589 1151 634 an
1203 569 1421 648 insumerem,
1454 571 1648 652 posteriores
1679 570 1731 637 his
1764 573 1923 655 proximis
1955 573 2069 642 diebus
2101 599 2178 642 oum

179 661 274 740 putes
303 655 424 720 nostris
451 653 556 720 literis
583 653 792 720 invitandum
819 663 876 722 aut
902 655 1018 721 saltem
1040 654 1151 720 admo·
1204 654 1329 722 duobus
1351 656 1416 720 tuis
1443 653 1562 722 libellis
1584 657 1709 739 aeoepi,
1740 675 1876 740 qnorum
1903 659 2049 727 omnium
2077 662 2178 728 bene·

179 739 341 817 nendum,
372 761 415 805 ne
441 740 608 806 contemni
636 761 671 806 se
697 747 807 823 putet,
840 741 869 806 si
891 741 952 805 tibi
973 747 1070 824 aptus
1091 740 1151 805 ali·
1203 741 1352 806 fitiorum
1373 740 1505 806 nomine
1526 741 1587 806 tibi
1609 741 1731 827 gratias
1753 744 1864 809 habeo.
1901 745 1997 810 Alter
2019 767 2060 812 ex
2081 746 2176 813 libel-

179 825 310 912 quando
330 827 462 892 futurus
478 824 608 892 videtur
629 825 782 892 eoolesiee
799 825 934 906 Christi,
957 825 1043 909 quod
1064 827 1152 892 futu·
1205 825 1244 890 lis
1263 827 1330 891 ism
1352 834 1445 892 antes
1469 827 1574 892 faetus
1595 835 1666 892 erat
1682 829 1864 894 communis
1882 829 2033 897 omnibus
2051 832 2175 911 aminis,

179 934 255 978 rum
276 931 380 996 spero.
424 913 479 977 Ex
506 911 609 976 literis
633 910 770 976 Saltem·
796 911 901 976 disoes
923 910 1001 995 quid
1022 913 1152 978 Bernae
1203 911 1297 976 illum
1320 909 1390 976 dieo
1412 931 1509 995 quem
1529 919 1622 995 optas
1643 921 1681 978 ut
1701 933 1754 978 me
1781 915 1923 998 perbene
1944 923 2077 1001 pungat
2121 915 2176 984 De

181 1007 299 1084 agatur
320 1007 354 1064 et
374 1005 412 1062 ut
432 997 565 1063 oesserit
592 997 741 1064 habitum
762 997 857 1062 nobis
877 997 1034 1064 Neooomi
1054 997 1152 1064 eollo·
1204 1015 1268 1080 quo
1303 995 1381 1080 quid
1415 1003 1601 1062 nostrorum
1631 1018 1754 1082 magna
1781 1019 1858 1082 pars
1893 1002 2028 1080 sentiat,
2057 1002 2176 1068 deinde

180 1085 303 1168 quium,
331 1101 369 1148 ao
389 1082 473 1147 mihi
497 1083 695 1166 signifioebis
716 1083 793 1166 quid
820 1083 983 1167 agendum
1005 1091 1102 1168 putes
1124 1085 1152 1150 si
1203 1080 1280 1164 quid
1302 1103 1362 1168 ego
1384 1103 1509 1166 quoque
1527 1082 1648 1148 dieam:
1671 1093 1788 1167 putant
1798 1085 1944 1168 plerique
1955 1088 2175 1154 miserrimum

179 1171 263 1236 forts
294 1190 333 1235 eo
365 1189 479 1248 vooer,
512 1167 785 1252 quemadmodum
816 1169 886 1251 ipse
918 1170 1109 1252 suspiratur.
1121 1170 1152 1252 ⁴)
1203 1165 1237 1232 id
1259 1188 1330 1234 esse
1358 1165 1443 1250 quod
1470 1167 1644 1251 praeditas.
1689 1169 1736 1234 Te
1756 1169 1987 1238 inelementem
2009 1192 2047 1238 ao
2069 1173 2175 1241 duris·

181 1255 359 1322 Zebedoeus
379 1253 446 1320 illio
468 1261 518 1319 est
539 1253 594 1320 sed
617 1273 684 1318 non
704 1263 841 1322 venatus
869 1254 932 1320 hao
952 1274 1059 1333 eausa,
1082 1255 1151 1338 opi·
1203 1253 1323 1318 simum
1341 1254 1469 1318 afffiotis
1487 1274 1558 1320 esse
1575 1262 1836 1337 conqueruntur:
1860 1257 1922 1322 hoo
1939 1267 1973 1322 te
1994 1257 2061 1323 illio
2080 1259 2174 1325 iaoile

181 1361 250 1408 nor.
294 1340 447 1406 Ειιανᾶιιι
467 1337 527 1404 ι11)1
555 1338 688 1405 deeius
710 1346 902 1422 statuquao
923 1341 1017 1406 novit
1037 1361 1151 1406 narra·
1202 1346 1236 1402 et
1256 1337 1442 1421 praedicare
1465 1347 1498 1404 et
1519 1360 1652 1405 monere
1673 1361 1778 1423 posse,
1807 1341 1864 1424 qui
1886 1342 1914 1407 si
1937 1342 1990 1408 hio
2012 1345 2057 1408 sie
2079 1343 2175 1410 aliter

180 1425 237 1493 bit.
282 1425 379 1508 Quod
407 1432 519 1490 autem
546 1423 588 1490 ad
617 1423 780 1491 Forellmu
810 1426 937 1506 attinet,
950 1428 980 1501 ὁ)
1013 1427 1152 1492 arbitror
1201 1424 1286 1489 iorte
1318 1425 1465 1490 sentires.
1521 1425 1670 1508 Denique
1700 1426 1765 1490 iam
1805 1427 1940 1494 alterius
1972 1450 2015 1494 ex
2054 1431 2174 1496 vestris

180 1513 298 1578 iratres
324 1533 391 1577 non
420 1511 520 1576 luisse
549 1511 586 1575 in
612 1531 651 1576 ea
680 1511 844 1576 sententia
864 1519 902 1576 ut
930 1519 963 1576 te
984 1511 1149 1590 inviseret,
1202 1509 1374 1574 eonsilium
1401 1508 1441 1574 de
1469 1509 1531 1576 hao
1557 1531 1594 1574 re
1619 1518 1834 1594 exspectatur.
1879 1512 1951 1598 Ego
1972 1536 2050 1580 vero
2077 1515 2174 1601 longe

181 1597 268 1682 qnod
289 1617 354 1664 non
376 1595 544 1662 videretur
564 1595 598 1660 id
618 1597 845 1662 necessarium.
884 1596 977 1662 Nihil
997 1618 1080 1681 opus
1101 1605 1152 1662 est
1202 1603 1377 1678 antequam
1399 1595 1480 1661 haee
1501 1594 1658 1661 scriberes
1679 1597 1714 1660 in
1739 1596 1853 1662 iisdem
1877 1600 2031 1666 versabar
2052 1619 2094 1664 an
2142 1622 2174 1666 e·

180 1690 219 1748 nt
237 1691 272 1748 te
289 1703 441 1747 moneam
458 1680 535 1765 quid
554 1682 613 1746 tibi
630 1683 715 1748 laeto
734 1703 823 1766 opus.
859 1683 913 1747 llx
933 1703 969 1747 re
986 1683 1150 1766 praesenti
1201 1680 1267 1758 tiis,
1289 1701 1395 1762 neque
1414 1680 1478 1746 illie
1496 1680 1677 1746 remedium
1699 1681 1804 1747 ullum
1825 1685 2006 1766 sperabam.
2043 1683 2068 1752 S
2132 1685 2173 1752 de

181 1769 289 1852 sapies
310 1768 490 1834 eonsilium.
535 1766 691 1833 Ειιανᾶιι
711 1768 858 1834 narrabit
880 1768 921 1833 de
941 1775 1047 1834 matre
1069 1769 1150 1834 Am·
1202 1785 1241 1830 ea
1267 1787 1303 1830 re
1330 1766 1434 1830 multa
1461 1765 1564 1832 habeo
1585 1787 1669 1850 quae
1696 1767 1844 1833 soribam.
1889 1769 2035 1835 Habebis
2056 1791 2173 1856 prope·

180 1853 286 1920 blardi
317 1853 446 1921 Cornuti
458 1855 487 1929 θ)
516 1873 600 1936 quae
629 1855 791 1919 consuluit
819 1855 984 1919 ourionem
1011 1853 1150 1919 Montoti
1202 1850 1290 1916 diem
1313 1851 1476 1935 longiores
1497 1851 1608 1918 literas
1635 1853 1754 1935 quibus
1776 1874 1859 1936 quae
1880 1875 1989 1920 eoram
2012 1866 2045 1920 te
2067 1856 2175 1923 disere

179 1947 217 2006 ut
237 1938 324 2026 ια’)
345 1946 467 2004 nutans
485 1947 582 2022 oaput
603 1940 812 2004 oonfirmaret
832 1949 866 2004 et
883 1941 1148 2005 reinvenesoeret.
1201 1957 1261 2020 per
1292 1938 1492 2002 oooasionem
1531 1957 1740 2020 speraveram
1779 1939 1907 2005 abunde
1945 1941 2067 2006 audies.
2111 1943 2175 2008 Ille

178 2025 361 2108 Exquiram
387 2045 458 2090 rem
487 2023 675 2108 diligentius
700 2046 800 2108 quam
832 2035 943 2090 tamen
974 2027 1040 2090 iam
1069 2025 1150 2090 satis
1202 2043 1280 2106 ergo
1310 2031 1386 2088 tuus
1413 2021 1542 2088 libellus
1569 2023 1684 2088 multis
1709 2025 1772 2089 etsi
1799 2025 1911 2091 invitis
1938 2026 2072 2092 utilitati
2100 2028 2173 2106 erit,

176 2118 376 2196 oompertam
398 2131 469 2176 esse
495 2118 582 2194 puto.
627 2111 678 2175 uu
705 2111 828 2195 dispioe
858 2109 936 2195 quid
965 2110 1149 2177 laoiendum
1201 2107 1284 2173 alter
1306 2106 1487 2175 deleotabit.

177 2215 310 2263 oenseas
331 2203 365 2261 et
385 2196 492 2280 oogita
511 2215 595 2279 quae
616 2195 682 2260 iam
704 2197 758 2263 hio
778 2197 979 2280 promoverit
1000 2198 1070 2262 eius
1092 2194 1149 2261 ad-
1288 2192 1461 2259 anterum
1491 2193 1546 2258 hio
1574 2193 1681 2260 bonus
1702 2194 1763 2274 vir,
1795 2214 1895 2278 quum
1916 2217 1970 2262 ma
1995 2219 2036 2262 no
2057 2199 2172 2264 eoade-

176 2289 298 2349 rentns
319 2289 353 2348 et
373 2282 459 2347 filiae
485 2281 587 2364 ipsius
609 2283 771 2367 evangelii
792 2283 971 2366 profestum
993 2281 1071 2347 dum
1093 2302 1149 2346 au·
1200 2278 1286 2344 miae
1303 2287 1432 2344 vestrae
1450 2277 1610 2345 desiderio
1632 2287 1807 2360 teneretur,
1829 2301 1918 2346 meas
1941 2303 1960 2346 a
2004 2291 2037 2348 te
2058 2283 2172 2350 literas

179 2367 275 2433 (liunt
303 2368 456 2433 honestas
483 2367 729 2433 Genevensium
756 2374 923 2433 matronas
950 2369 996 2431 ita
1024 2387 1147 2450 sapere.
1199 2363 1482 2430 oommendatitias
1514 2364 1723 2449 efflagitavit,
1756 2386 1835 2448 quas
1869 2366 1995 2433 homini
2028 2367 2172 2435 studioso

178 2453 230 2520 De
254 2452 351 2520 Orelli
371 2453 485 2519 morbo
507 2452 619 2518 audies
643 2474 684 2518 ex
705 2453 844 2519 Enardo.
890 2452 1001 2520 Nostri
1023 2459 1057 2518 to
1078 2472 1148 2517 om·
1198 2449 1375 2532 multisque
1408 2449 1594 2515 nominibus
1627 2451 1710 2515 mihi
1746 2452 1971 2518 commendato
2010 2451 2173 2538 denegare

178 2560 237 2606 nes
276 2539 428 2605 salutant.
481 2537 598 2605 Saluta
635 2539 766 2604 amieos.
813 2537 900 2604 Vale.
950 2539 1148 2604 Iiausannae
1199 2555 1264 2598 non
1286 2537 1385 2616 potui.
1430 2535 1513 2599 Peto
1541 2535 1642 2618 igitur
1663 2557 1683 2600 a
1705 2543 1738 2600 te
1765 2538 1864 2601 etiam
1894 2546 1991 2622 atque
2012 2540 2112 2604 enam
2135 2549 2174 2605 ut

181 2629 228 2690 ll.
250 2623 408 2691 Novemb.
435 2629 524 2690 1543.
1200 2619 1288 2685 hune
1310 2640 1419 2684 meum
1441 2621 1582 2685 amioum
1604 2621 1662 2686 tibi
1690 2642 1816 2704 quoque
1838 2623 1980 2689 amioum
2002 2623 2170 2710 adiungas.

742 2711 833 2775 Tuus
854 2710 893 2776 P.
915 2709 1060 2775 Vir-etus.
1199 2703 1310 2785 Quum
1339 2703 1373 2769 id
1400 2705 1456 2770 ille
1483 2712 1653 2788 tantopere
1682 2707 1821 2786 affectat,
1850 2709 1958 2787 feries,
1992 2710 2101 2790 velim,
2135 2719 2173 2778 ut

1197 2789 1253 2854 ille
1274 2799 1307 2854 te
1328 2789 1469 2874 benigno
1489 2791 1695 2856 familiariter
1715 2792 1763 2856 uti
1787 2795 1896 2874 possit.
1935 2795 2008 2860 Non
2032 2798 2095 2862 erit
2116 2797 2172 2864 ille

1197 2873 1257 2938 tibi
1279 2876 1380 2940 oneri.
1424 2873 1551 2940 Audies
1571 2875 1663 2940 illum
1686 2885 1719 2940 et
1740 2878 1849 2959 oapies
1878 2900 1945 2943 non
1967 2889 2110 2964 gravate,
2134 2891 2173 2948 ut

542 3005 741 3012 ----
1197 2981 1291 3043 spero
1313 2945 1347 3026 ὀι
1368 2958 1505 3040 oonfido,
1528 2967 1560 3025 et
1582 2960 1622 3025 de
1639 2963 1775 3026 oaeteris
1792 2963 1900 3042 rebus,
1923 2964 1963 3028 de
1980 2967 2098 3048 quibus
2115 2967 2172 3033 ille

1197 3053 1230 3111 te
1252 3043 1361 3124 adibit,
1390 3066 1464 3111 eum
1490 3045 1546 3111 illo
1568 3047 1762 3113 amioiasime
1784 3069 1857 3113 mea
1879 3069 1976 3115 eausa
1998 3053 2171 3135 transiges.

1197 3131 1274 3208 Fae,
1297 3131 1441 3214 inquam,
1464 3153 1530 3211 oro,
1553 3131 1666 3198 utillo
1689 3133 1773 3198 hano
1790 3152 1897 3199 meam
1915 3135 2171 3202 oommendatio-

628 3218 701 3292 516,
1087 3257 1090 3264 ·
1196 3237 1273 3282 nem
1302 3239 1367 3282 non
1396 3217 1567 3302 vulgarem
1595 3237 1666 3284 esse
1694 3219 1823 3284 sentiat.
1867 3219 1961 3285 Vale.
2005 3220 2171 3289 Dominus

1196 3303 1290 3368 Iesus
1301 3311 1334 3368 te
1348 3303 1684 3370 oonserveteoolesiao
1695 3324 1773 3368 suae
1791 3304 1996 3371 incolumem.
2029 3305 2171 3392 Sampsit

439 3357 638 3428 OAPNIUS
668 3355 884 3426 OALVINO.
935 3395 938 3402 «

263 3529 331 3598 Pro
356 3529 478 3598 duobos
506 3530 619 3596 libellis
646 3551 744 3613 asper
771 3529 903 3610 arepto
928 3529 1051 3613 paras
1080 3530 1147 3614 opit
1507 3611 1512 3622 Ι
1570 3609 1575 3622 ,

175 3623 207 3684 et
225 3618 361 3682 amiam
381 3616 535 3700 quendam
555 3616 645 3682 oniae
665 3616 862 3682 conrmmdat,
1222 3609 1338 3691 tlon)
1357 3609 1402 3692 lle
1419 3609 1460 3664 Oa
1501 3625 1528 3665 ro
1545 3609 1608 3665 rede
1625 3609 1664 3665 N.
1676 3609 1747 3691 444..
1773 3609 1836 3664 Tem
1867 3679 1872 3691 .
1908 3611 2026 3680 scriptae
2041 3613 2173 3695 epotata«

1197 3677 1275 3732 baud
1290 3684 1332 3733 tta
1349 3679 1415 3748 dssfi
1518 3677 1672 3744 ἀεβιιιιιιιν.
1707 3679 1799 3732 Bmoe
1835 3684 1883 3733 tort
1906 3695 1934 3734 ee
1953 3697 2089 3751 accepisse
2109 3683 2171 3739 Onl-

336 3788 392 3856 (Ex
409 3787 576 3857 autographo
593 3785 658 3842 (lod.
678 3785 779 3842 Gener.
798 3784 856 3854 110,
873 3785 919 3842 lol.
936 3783 992 3852 66.)
1197 3747 1385 3884 mewa
1397 3747 2168 3886 ffssoffirwfffflffsswzffiffiffmffm

1197 3885 1326 3952 sumebat.
1361 3885 1426 3940 Iam
1442 3900 1531 3940 merua
1542 3885 1852 3954 superoperatus
1870 3887 2168 3958 σοιιῐισιιιιιυιροιιιιι

1196 3953 1307 4020 infodis
1334 3953 1473 4008 Generum
1498 3955 1596 4009 rediit:
1624 3955 1697 4008 bono
1721 3969 1784 4022 erpo
1810 3955 1990 4023 Arprntorati
2010 3959 2169 4027 propediem

1197 4023 1609 4092 summaeripsisseoiderur,
1624 4023 1802 4092 posteriores
1811 4025 1954 4094 aliquotae
1967 4032 2040 4093 poet.
2066 4027 2170 4096 Capeti

175 4143 177 4148 v
262 4113 379 4195 Aque
407 4119 552 4195 tempore
579 4112 702 4178 cessavi
730 4110 772 4176 ad
793 4119 826 4176 te
847 4111 997 4192 seribere,
1019 4113 1073 4179 vir
1093 4133 1146 4178 or·
1196 4092 1375 4174 mim*
1390 4093 1424 4146 ¹³²
1440 4108 1546 4146 amm
1562 4097 1713 4160 '’“Wl'
1730 4091 1843 4174 &moa
1864 4093 1913 4148 ”li
1934 4110 1954 4147 α
1970 4110 2033 4150 ”m
2056 4095 2168 4178 “lm

171 4199 355 4276 notissime,
387 4195 482 4263 binas
510 4198 617 4282 aooepi
650 4203 724 4262 tuas
754 4196 875 4276 literas,
908 4197 1034 4280 priores
1061 4200 1146 4265 oiroa
1197 4160 1530 4297 wamma&
1539 4160 2015 4286 &mmmmm
2032 4177 2169 4302 “idibem

171 4283 339 4352 calendas
360 4280 579 4367 Septembres,
609 4282 726 4366 quibus
747 4281 852 4348 multa
873 4281 913 4348 de
935 4290 992 4364 tup
1016 4284 1051 4350 in
1073 4285 1145 4350 Me·
1197 4313 1272 4353 amo
1289 4269 1374 4353 ιαιιιὲ
1386 4299 1528 4366 maipa,
1546 4303 1572 4352 et
1590 4299 1673 4379 pano
1686 4297 1806 4434 operm
1818 4298 1999 4354 VLimaris.
2033 4302 2170 4383 Αιιρηιιιι,

1196 4367 1307 4422 burres
1319 4367 1692 4434 aremarensem
1718 4367 1964 4422 misrrumum
1974 4368 2007 4424 cle
2021 4368 2167 4441 Releqae's'e,

1197 4437 1314 4491 alienon
1331 4451 1384 4504 quo
1394 4435 1534 4504 Oopniam
1547 4437 1641 4505 pappi
1657 4435 1771 4504 optabat
1788 4435 1892 4490 Noster
1907 4437 1984 4490 illum
2002 4439 2051 4508 pai
2066 4441 2167 4496 anot·

279 4523 310 4589 4)
330 4523 375 4578 Ne
449 4522 480 4577 ,ῃ
503 4523 603 4592 apsqu,
629 4537 722 4576 eam
758 4521 880 4578 Sonam
901 4521 973 4576 mm
995 4523 1146 4578 Bm
1197 4505 1288 4560 bitur:
1314 4507 1389 4559 Petit
1414 4507 1511 4559 traiote
1531 4514 1690 4586 'monstrant
1717 4521 1776 4584 qne·
1792 4505 1857 4558 o'est
1880 4523 1932 4575 qne
1957 4507 2015 4587 doit
2039 4509 2107 4563 inire
2130 4527 2166 4564 nn

167 4591 270 4666 Μ
293 4591 352 4647 σαι,
416 4607 438 4647 0,
460 4592 603 4647 ΜΟ,
625 4592 673 4661 qm·
692 4591 810 4660 prom
832 4595 907 4646 mot„
930 4591 1061 4646 Momm·
1081 4607 1145 4646 m.
1197 4575 1304 4628 homme
1312 4574 1391 4628 fidele
1400 4577 1448 4654 eto.
1480 4571 1537 4654 Qut
1554 4573 1821 4654 Pantaenoopmtae
1838 4588 1896 4628 esee
1908 4579 2003 4656 potuit
2019 4582 2168 4646 mapsam

170 4666 475 4788 ιιιιι
489 4661 634 4786 ιιι
649 4660 799 4784 ιι
818 4659 1146 4785 sauata
1197 4641 2169 4796 &ammiratum

171 4803 228 4858 tos
244 4816 308 4857 m
357 4799 495 4854 antaee
532 4799 602 4854 ιιι
619 4768 730 4854 auae
749 4769 851 4854 aare
869 4745 950 4852 sii.
967 4797 1028 4852 ιιι.
1198 4779 1331 4834 &vim
1348 4779 1453 4834 Mam
1469 4779 1597 4848 velow
1615 4783 1680 4849 pos
1696 4783 1736 4833 tot
1752 4795 1841 4836 eamr
1858 4781 1945 4835 anio
1962 4797 2019 4836 mu
2041 4783 2167 4840 soom.

280 4815 413 4938 magum
431 4867 460 4922 ο,
478 4873 511 4922 pt
528 4867 665 4922 amam
681 4867 785 4923 mim
800 4867 975 4922 mma,
1196 4849 1245 4904 Itu
1261 4849 1355 4903 omnia
1371 4849 1436 4904 bene
1452 4849 1608 4904 mcimat.
1643 4847 1785 4902 cartem
1803 4849 1929 4918 Gaprtiaa
1944 4849 2005 4918 ipse
2021 4867 2056 4906 a
2072 4867 2167 4907 eoram

168 4937 317 5080 Megia
328 4935 462 4991 setara
486 4937 581 5006 om,
608 4941 718 4991 mmor
743 4937 917 5006 mm,
944 4940 970 4989 a
994 4933 1145 5003 samen
1196 4923 1471 5067 isim&
1487 4915 1861 5056 ,lxmam
1873 4921 2173 5046 maffia

198 5147 205 5158 ,
265 5045 515 5154 p'satpm
550 5071 817 5154 rametam
837 5075 932 5143 psa
953 5089 982 5126 ,ι
1004 5071 1145 5196 agean.
1195 5055 1370 5111 semes
1405 5055 1564 5124 (neos
1581 5054 1615 5110 a
1632 5001 1768 5110 saal.
1786 5055 1861 5124 rs).

168 5145 289 5202 dmm,
325 5143 400 5198 sam
416 5142 558 5210 masor«
580 5145 786 5210 arpentum
806 5158 903 5212 pesas,
927 5141 1019 5213 wal
1047 5146 1072 5196 r
1092 5139 1143 5195 lae·

166 5211 466 5281 meoparonem.
1570 5229 1774 5242 ----
1908 5295 1966 5350 w

1814 3440 1906 3506 uuus
1928 3439 2082 3525 (lapnius.
2102 3444 2126 3529 ¹)

450 3975 535 4041 Dno.
557 3975 700 4040 Domino
720 3974 875 4041 Paseelio.
