4898 5970
1185 1587 1440 1673 MDXLIV.

761 1870 836 1942 527.

404 2007 641 2078 uOSSANUS
665 2005 904 2074 Mmlsrms
926 2007 1196 2075 HELVETIAE

651 2110 936 2177 eommunia.

403 2281 744 2366 Qscmdm'demotidua
766 2281 1060 2348 cousentaneum
1080 2282 1116 2348 iu
1138 2282 1282 2349 mmitotu

315 2369 611 2454 Mousbelqerdenei.

316 2541 373 2607 (Ex
390 2539 545 2610 apographo
563 2537 635 2606 qnod
652 2537 773 2590 additum
791 2541 833 2590 est
850 2538 979 2660 epistolae
990 2537 1094 2590 Caluini
1112 2538 1283 2592 adViretum

334 2611 398 2663 data
415 2609 441 2661 d.
459 2609 500 2660 11.
520 2606 659 2660 Februarii
678 2603 758 2672 (530),
777 2605 840 2660 God.

885 2621 962 2662 aner.
980 2605 1038 2674 106,
1056 2606 1101 2660 101.
1119 2605 1153 2660 99
1172 2611 1271 2674 verso.)

315 2796 456 2875 Farello,
479 2793 635 2872 Calvino,
664 2794 777 2859 Vireto
806 2816 843 2860 ao
869 2795 1005 2860 caeteris
1026 2793 1180 2861 fratribus
1202 2795 1283 2859 mibi

578 2881 613 2944 in
635 2877 776 2945 Domino
798 2879 1018 2947 observandis.

401 3017 436 3083 S.
470 3016 666 3099 Quanquam
683 3017 826 3083 incertus
843 3018 887 3082 sit
904 3017 957 3083 hio
974 3017 1122 3096 nuncius,
1146 3025 1179 3081 et
1196 3037 1284 3083 nuno

315 3105 388 3181 sim,
409 3105 455 3168 ita
476 3101 607 3168 volente
629 3103 714 3182 Deo,
742 3110 775 3167 et
793 3104 1058 3186 occupatissimus
1085 3112 1120 3168 et
1141 3103 1284 3168 afflictis·

316 3191 433 3266 simus,
455 3189 571 3253 iratres
593 3188 628 3251 in
639 3185 782 3253 Domino
805 3187 1100 3265 observandissimi,
1123 3188 1213 3252 volui
1234 3197 1284 3252 ta·

315 3297 392 3342 men
415 3295 474 3339 vos
497 3273 608 3354 paucis
630 3271 670 3336 de
697 3273 795 3339 rebus
816 3273 936 3339 nostris
963 3273 1117 3338 certiores
1139 3272 1283 3351 reddere,

316 3381 379 3444 quo
402 3381 460 3424 uos
483 3359 544 3441 piis
567 3379 604 3423 00
624 3359 743 3424 sanctis
760 3360 879 3424 vestris
901 3357 1052 3442 precibus
1073 3357 1159 3441 apud
1176 3359 1284 3422 Deum

315 3445 485 3511 adiuvetis.
530 3443 597 3508 Nos
625 3444 777 3508 articulos
804 3443 888 3522 illos,
902 3447 928 3525 ¹)
957 3464 1056 3526 super
1082 3443 1199 3526 quibus
1227 3463 1286 3509 vos

316 3530 594 3606 consumeremus,
616 3530 722 3610 parati
740 3528 870 3594 taudem
889 3549 1019 3594 eramus
1036 3529 1188 3612 recipere,
1206 3550 1286 3611 pau·

317 3617 364 3683 cis
387 3614 580 3698 quibusdam
602 3613 761 3698 exceptis:
784 3613 841 3680 sed
863 3614 914 3680 his
936 3635 1002 3680 non
1023 3616 1167 3680 contenti
1186 3636 1286 3680 nova·

317 3709 405 3768 tores
425 3700 540 3778 nostri,
551 3701 579 3776 ²)
602 3700 656 3782 qui
674 3721 803 3765 omnem
821 3707 983 3783 quaerunt
999 3700 1198 3766 occasionem
1217 3721 1286 3764 om-

318 3807 458 3870 nemque
479 3795 613 3849 morent
633 3784 775 3868 lapidem
797 3806 860 3869 quo
881 3798 915 3851 ct
935 3785 1028 3851 nobis
1050 3787 1217 3869 negotium
1230 3787 1286 3850 -10-

318 3879 447 3939 cessant
468 3879 501 3936 et
521 3871 609 3935 hune
625 3871 779 3953 pupulum
802 3870 843 3935 ad
864 3871 1130 3956 superstitionem
1152 3870 1286 3935 idolola-

318 3959 479 4038 triamque
501 3954 675 4034 reducant,
704 3957 740 4021 in
762 3956 829 4022 dies
856 3957 978 4039 aliquid
999 3957 1076 4021 novi
1097 3957 1287 4040 excogitant

318 4043 405 4128 quod
426 4043 518 4107 nobis
540 4039 722 4106 obtrudant.
768 4039 833 4108 Sed
863 4043 981 4124 quibus
1009 4041 1088 4107 adeo
1115 4041 1229 4106 cedere
1251 4042 1284 4106 in

317 4149 357 4196 ea
378 4151 413 4194 re
435 4149 501 4192 nou
523 4128 714 4205 statuimus,
744 4137 780 4192 ut
801 4129 943 4194 cervices
972 4135 1102 4192 nostras
1126 4127 1206 4208 ipsis
1227 4147 1285 4209 po·

317 4215 384 4280 tius
405 4213 514 4278 daturi
542 4209 687 4300 [eimus]‚
716 4234 813 4295 quam
843 4221 880 4277 ut
908 4214 961 4278 hic
990 4211 1165 4295 quidquam
1194 4213 1286 4278 nobis

318 4297 593 4366 consentientibus
622 4298 827 4375 instituatur,
857 4299 944 4363 unde
969 4298 1070 4381 possit
1097 4297 1201 4381 gloria
1221 4297 1285 4362 Dei

317 4383 413 4450 facile
435 4383 609 4449 obscurari.
652 4384 766 4466 Nuper
793 4383 957 4468 petierunt
985 4383 1182 4449 sententiam
1211 4403 1285 4447 nos-

318 4477 406 4535 tram
429 4469 468 4534 de
489 4489 589 4534 coena
599 4469 742 4548 Domini,
764 4489 850 4534 nunc
868 4479 976 4534 autem
993 4470 1029 4532 in
1050 4468 1112 4534 hoc
1133 4476 1210 4532 sunt
1228 4469 1287 4532 toti

318 4561 359 4620 ut
389 4555 552 4638 Virginis,
584 4555 814 4637 Apostolorum
846 4575 883 4620 ao
914 4554 1051 4619 aliorum
1083 4551 1285 4636 quorundam

319 4639 468 4710 divorum
495 4639 578 4704 leste
604 4660 670 4705 non
692 4641 796 4707 solum
822 4639 950 4705 dierum
976 4639 1202 4706 observatione
1229 4639 1286 4704 sed

321 4814 524 4824 —..—-.—

1334 1873 1433 1938 stiam
1460 1879 1613 1940 consueto
1645 1871 1733 1957 apud
1766 1874 1909 1956 papistaa
1944 1894 2177 1958 campanarum
2208 1871 2301 1956 pulsu

1334 1958 1518 2056 restituant
1572 1959 1619 2022 Et
1650 1960 1838 2024 ministrum
1877 1981 2069 2044 germanum
2102 1958 2225 2024 babent
2262 1979 2301 2024 ex

1334 2045 1435 2108 animi
1457 2046 1628 2122 sententia,
1654 2045 1725 2127 qui,
1755 2065 1818 2126 quo
1839 2045 1995 2128 principis
2016 2065 2053 2112 eo
2075 2065 2211 2110 suorum
2234 2043 2300 2108 ani·

1334 2149 1405 2194 mos
1427 2128 1469 2194 ad
1489 2127 1677 2212 reponendo
1704 2127 1790 2196 idola
1817 2137 2006 2215 praeparat,
2034 2129 2142 2213 palam
2170 2131 2204 2196 in
2227 2150 2300 2195 eon·

1335 2213 1481 2280 cionibus
1503 2215 1571 2280 suis
1592 2213 1768 2280 eorundem
1791 2213 2014 2282 deturbatores
2043 2215 2221 2300 improbat,
2248 2213 2302 2280 dc-

1335 2307 1450 2382 cetquo
1471 2305 1510 2365 ut
1531 2321 1583 2366 res
1605 2300 1728 2367 medias
1751 2321 1822 2367 esse
1843 2301 2002 2380 ferendas,
2030 2323 2068 2367 00
2095 2309 2304 2386 praeceptum

1335 2384 1376 2450 de
1397 2384 1595 2470 imaginibus
1616 2383 1770 2452 tollendis
1797 2387 2031 2454 caeremoniale
2053 2407 2133 2452 assa
2177 2384 2245 2452 Sed
2264 2384 2303 2450 do

1335 2469 1453 2552 quibus
1475 2491 1512 2538 ao
1533 2471 1670 2538 caeteris
1699 2471 1772 2538 aliis
1798 2474 1919 2538 nostris
1948 2472 2045 2538 rebus
2073 2494 2168 2556 spero
2188 2493 2239 2536 me
2261 2468 2302 2536 ad

1336 2577 1393 2621 vos
1415 2557 1507 2622 brevi
1528 2557 1688 2640 copiosius
1715 2559 1776 2624 seri
1801 2563 1919 2624 turum.
1964 2558 2082 2623 Valete
2108 2559 2143 2624 in
2164 2555 2302 2622 Domino

1335 2639 1428 2718 Iesu,
1454 2649 1487 2706 et
1508 2643 1611 2708 nostri
1632 2641 1667 2708 in
1688 2579 1838 2725 precibus
1859 2644 1978 2710 vestris
2005 2665 2165 2710 memores
2193 2650 2301 2710 estote

1336 2725 1577 2812 Montbelgardi
1598 2729 1836 2796 tumultuantur
1861 2729 2078 2796 telonearii
2103 2735 2194 2796 1544.

1945 2865 2066 2932 Vester
2088 2867 2261 2933 Tossanus.
2328 2905 2329 2912 ι

1719 3125 1920 3133 ---——-—-—-—

1781 3341 1857 3412 528.

1579 3477 1821 3546 MYOONIUS
1843 3477 2060 3546 oluvmo.

1425 3646 1621 3714 Commendat
1641 3647 1771 3714 Gallum
1791 3651 1953 3730 quendum
1999 3649 2182 3716 Nouissima
2203 3651 2239 3716 ds
2256 3669 2299 3716 00

1337 3734 1437 3799 mitiis
1450 3733 1652 3815 Spiretuidus
1669 3739 1698 3799 et
1718 3736 1786 3800 olio
1802 3737 1845 3800 ud
1861 3757 1928 3801 rem
1944 3735 2105 3818 publicum
2126 3739 2300 3820 0000100110.

1491 3921 1545 3984 (lix
1563 3921 1730 3990 autographo
1748 3921 1814 3976 Ood.
1833 3921 1933 3976 Gener.
1953 3922 2075 3989 110,r01.
2095 3921 2150 3988 10.)

1338 4126 1379 4190 D.
1398 4125 1515 4190 Ioanni
1538 4125 1674 4192 Oalrino
1696 4125 1880 4194 doctissimo
1898 4127 2052 4194 'ministro
2070 4129 2204 4194 Domini
2225 4127 2303 4194 lide-

1337 4211 1462 4277 lissimo
1489 4213 1611 4296 pastori
1639 4213 1848 4280 Generatum
1876 4215 1968 4278 fratri
1996 4215 2032 4278 in
2061 4213 2203 4280 Domino
2230 4235 2304 4298 per·

1614 4320 1712 4382 quam
1732 4297 1933 4366 observando
1954 4321 2022 4366 suo.

1423 4432 1458 4499 S.
1492 4433 1601 4498 Breve
1637 4444 1687 4500 est
1721 4434 1816 4518 quod,
1849 4433 1975 4502 Celsine
2003 4438 2185 4516 carissime,
2221 4439 2305 4516 volo,

1338 4539 1454 4602 nempe
1472 4527 1509 4583 ut
1525 4518 1613 4586 bunc
1631 4522 1685 4603 qui
1707 4520 1767 4586 hes
1784 4519 1892 4585 reddit
1906 4522 1930 4608 ¹)
1952 4523 2073 4589 habeas
2090 4525 2197 4589 adhuc
2218 4545 2306 4590 com·

1337 4603 1572 4670 mendatiorum
1599 4627 1696 4689 quam
1717 4605 1874 4686 habuisti,
1900 4627 1999 4690 quum
2022 4609 2174 4676 habueris
2195 4619 2307 4676 tamen

1338 4689 1694 4757 commendatissimum
1728 4713 1864 4776 semper.
1913 4693 2088 4779 Negotium
2121 4697 2191 4762 eius
2223 4695 2307 4760 mibi

337 4911 401 4974 tet.
419 4911 449 4970 0
467 4911 513 4966 oe
528 4911 628 4966 0000
650 4913 839 4968 euersae
856 4927 924 4981 quos
941 4927 976 4965 ss
994 4912 1188 4966 meseum
1205 4913 1285 4966 eeu-
1340 4866 1372 4873 '-

321 4979 381 5036 sice
406 4978 642 5048 Wirtcsuberpicoe
664 4981 757 5036 100000
777 4987 819 5036 tos
841 4987 898 5036 1010
919 4979 1034 5048 uocum·
1056 4979 1286 5036 1011000010οω

322 5061 405 5118 quaes
420 5047 720 5130 ipanomecgcelcsiue
767 5049 987 5130 mbdpurdeuri
1003 5048 1146 5104 0110001000
1163 5051 1287 5106 uolebant

323 5115 358 5183 ’ᾗ
377 5117 453 5251 Ε”ἕῇ
471 5117 728 5253 mm
742 5115 1075 5255 effidima
1091 5191 1117 5242 e
1133 5187 1237 5242 atus.

1355 4979 1420 5040 528.
1441 4982 1469 5045 1)
1490 4979 1575 5046 Fuit,
1597 4985 1630 5033 ut
1646 4979 1763 5048 0110100,
1789 4981 1887 5036 Gallus
1904 4981 2006 5051 uliquis
2022 4985 2160 5052 0000ςά10
2177 4983 2305 5039 addictur

1338 5049 1387 5118 qui
1400 5049 1576 5128 peculiarem¹
1591 5049 1624 5102 ot
1648 5063 1761 5130 ccuscm
1783 5051 1815 5104 iu
1839 5051 2017 5133 Gemmatum
2038 5054 2121 5108 00011.
2165 5053 2307 5136 &saepen

1336 5133 1402 5256 ἕπε
1418 5117 1641 5256 &iminica
1647 5118 1748 5241 60800100
1766 5119 1853 5190 pusulo
1870 5121 2072 5176 clamorosa
2088 5127 2197 5178 cutem
2212 5123 2306 5178 elom
