4898 5970
1063 251 1324 322 uPlsrousu
1349 256 1514 323 tce—561

741 441 819 516 568.

490 597 823 666 BULLINGDRUS
848 595 1065 666 OALVINO.

380 771 501 836 Iterum
517 771 556 836 dc
568 789 667 854 puero
684 769 746 835 sibi
762 768 977 846 wmaaendatc,
995 769 1085 834 cuiae
1100 768 1266 850 fideiuow

292 859 395 939 sactae
415 861 474 932 est,
497 875 557 938 pro
587 875 646 937 quo
674 855 831 920 nihildum
852 855 1003 936 pecuniae
1024 853 1157 920 solutum
1178 859 1265 918 esta

288 947 390 1024 pace.
444 939 568 1008 Caluini
595 939 756 1007 abusam
782 941 920 1006 muctar
949 944 977 1004 ct
999 941 1125 1022 priores
1156 939 1266 1004 literae

293 1027 472 1110 deperditos
493 1028 681 1109 ειιιρίαιίιιν.

294 1198 350 1262 (Ex
374 1197 541 1267 autographo
559 1196 668 1252 Archiv.
687 1196 776 1249 Turio.
794 1195 867 1250 Plut.
886 1195 937 1249 v1.
955 1195 1014 1248 Vol.
1035 1193 1083 1248 129
1104 1195 1169 1250 olim
1192 1196 1262 1265 Dpp.

496 1267 528 1320 B.
546 1270 567 1319 t.
585 1263 627 1330 30,
645 1265 691 1318 iol
710 1263 768 1318 123.
803 1265 909 1318 simler.
927 1264 988 1320 Vol.
1004 1262 1060 1332 bb.)

293 1437 483 1504 Clarissimo
505 1435 577 1502 viro
598 1436 640 1502 D.
658 1434 776 1500 Ioanni
793 1433 932 1500 Calvino
950 1433 1167 1502 Generatium
1190 1457 1264 1502 eou-

504 1521 661 1588 cionatori
682 1521 775 1586 fratri
795 1519 963 1586 carissimo
983 1541 1052 1586 suo.

380 1658 530 1724 Gratiam
553 1665 586 1723 et
606 1659 696 1724 vitae
717 1659 936 1724 innocentiam
958 1681 978 1724 a
999 1659 1151 1725 Domino.
1184 1655 1265 1723 Sae-

293 1745 367 1830 pius
389 1753 433 1823 te,
458 1743 587 1810 Calvino
608 1742 795 1810 doctissime
822 1743 907 1808 idem
932 1766 973 1809 ue
995 1745 1078 1808 mihi
1099 1743 1266 1810 carissime

293 1841 327 1898 et
348 1827 574 1896 colendissimo
606 1830 721 1907 frater,
755 1851 791 1893 re
819 1766 994 1894 admodum
1028 1829 1086 1900 vili
1116 1829 1265 1894 obturbo.

294 1917 421 1981 Verum
446 1915 521 1997 quia
548 1914 630 1979 nihil
656 1936 676 1980 a
705 1922 737 1979 tc
766 1915 986 1997 responsionis
1015 1915 1136 1998 accipio
1165 1935 1266 1997 quum

294 2001 391 2066 toties
426 1999 658 2086 scripserim,¹)
698 2021 795 2084 cogor
827 2000 887 2066 hoc
919 2001 1024 2066 fecere
1056 1997 1142 2084 quod
1174 2000 1265 2066 facio.

295 2085 451 2170 Suspicor
478 2088 566 2152 enim
594 2106 684 2151 meas
712 2087 772 2151 tibi
800 2107 866 2150 non
888 2107 958 2152 esse
980 2084 1134 2151 redditas.
1178 2085 1267 2150 Ado·

294 2173 419 2238 lescens
447 2193 543 2255 quem
570 2172 653 2235 mihi
677 2170 910 2237 commendasti
937 2170 1056 2236 Gallus
1084 2172 1153 2256 agit
1181 2169 1267 2253 apud

295 2257 433 2324 scribam
460 2257 552 2324 urbis
579 2265 712 2321 nostrae
740 2257 898 2340 primum,
931 2257 1099 2322 hominem
1128 2275 1266 2338 magnae

294 2343 480 2409 autoritatis
509 2352 542 2408 et
570 2341 804 2426 peritissimum
831 2341 867 2405 in
889 2363 928 2407 ea
955 2349 1033 2406 arte.
1077 2342 1120 2406 In
1142 2361 1266 2406 annum

294 2429 394 2496 solvit
415 2427 539 2494 scribae
567 2448 681 2492 aureos
711 2435 881 2492 coronatos
905 2430 952 2492 16.
997 2427 1069 2512 Ego
1091 2448 1150 2510 pro
1172 2431 1191 2490 8
1214 2449 1266 2492 co·

293 2515 417 2580 ronatis
445 2534 498 2577 me
527 2511 705 2577 debitorem
736 2511 905 2577 obstrinxi.
956 2513 1064 2578 Debet
1089 2513 1144 2577 ille
1172 2533 1266 2595 prae-

294 2606 385 2664 terea
407 2598 528 2681 aliquot
550 2598 706 2679 pecunias
727 2619 785 2682 pro
803 2597 895 2664 libris
916 2597 1039 2680 aliquot
1052 2597 1265 2677 Froscbooero,

294 2705 355 2770 pro
378 2683 495 2766 quibus
522 2683 601 2747 item
623 2682 720 2747 fidem
744 2703 851 2747 meam
878 2683 1047 2749 obstrinxi.
1090 2684 1194 2750 Moris
1216 2692 1267 2748 est

295 2777 404 2834 autem
427 2766 514 2851 apud
536 2789 595 2833 nos
617 2779 653 2833 ut
680 2767 883 2833 dimidiatam
929 2779 1032 2834 artem
1054 2771 1155 2834 totius
1177 2791 1265 2834 sum-

295 2875 369 2920 mae
401 2855 436 2918 in
468 2873 592 2918 annum
623 2852 799 2920 solvendae
832 2791 976 2938 pendant
1008 2877 1086 2920 mox
1118 2856 1159 2921 ab
1186 2854 1266 2920 anni

294 2940 454 3026 principio
482 2959 519 3005 eo
551 2939 670 3004 diserte
700 2939 811 3005 dicant
842 2939 919 3023 quid
952 2940 992 3006 de
1025 2940 1156 3006 residua
1188 2940 1267 3005 anni

294 3033 388 3110 parte
412 3025 623 3090 decreverint.
668 3023 737 3090 Oro
755 3026 872 3108 itaque,
895 3025 940 3090 mi
964 3025 1098 3106 Calvino,
1121 3035 1160 3091 ut
1180 3047 1265 3090 mer·

295 3113 397 3179 satori
419 3111 500 3176 haee
521 3110 644 3176 indices
673 3118 707 3174 et
756 3132 792 3175 er
813 3109 900 3176 huno
929 3112 1019 3177 urbis
1041 3123 1171 3177 nostrae
1193 3133 1266 3177 cur-

185 3193 187 3198 ’
295 3217 402 3264 sorem
424 3195 588 3280 publicum
608 3131 805 3279 respondeas
827 3205 861 3261 et
881 3197 1034 3279 pecunias
1054 3199 1174 3263 mittas.
1215 3197 1266 3261 De

295 3282 501 3348 adolescente
533 3282 689 3364 proximis
723 3279 764 3346 ad
796 3293 828 3346 te
860 3281 964 3347 literis
990 3282 1149 3364 quaedam
1182 3281 1265 3350 dedi.

294 3369 346 3435 Ea
368 3389 433 3434 non
455 3377 565 3450 repeto
587 3368 663 3449 quia
684 3387 738 3432 eas
760 3367 821 3431 tibi
843 3377 930 3432 certo
952 3366 1095 3433 redditas
1116 3377 1205 3452 puto.

380 3454 480 3519 Mitto
502 3453 562 3518 tibi
583 3451 730 3518 libellum
748 3451 788 3516 de
805 3453 999 3535 antiquitate
1020 3454 1096 3518 fidei
1118 3453 1266 3519 christia-

295 3559 358 3604 nae
380 3538 457 3603 olim
485 3558 505 3602 a
532 3559 585 3602 me
613 3539 770 3620 scriptum
793 3539 1027 3622 germanice,²)
1050 3559 1137 3604 nunc
1158 3551 1267 3604 autem

295 3645 430 3689 versum
458 3645 478 3688 a
507 3621 651 3688 studioso
679 3623 834 3705 quodam,
862 3623 1012 3706 quamvis
1039 3647 1105 3689 nou
1135 3625 1267 3689 omuino

295 3709 441 3775 feliciter.
493 3707 624 3790 Quaeso
653 3709 880 3775 munusculum
909 3710 971 3775 hoe
1006 3709 1082 3775 boni
1107 3710 1266 3775 consulas.

295 3797 381 3861 Amo
403 3801 436 3858 te
459 3818 500 3858 ex
523 3795 639 3858 animo.
684 3794 777 3860 Vale.
822 3796 936 3880 'ligari
956 3796 1044 3882 23.³)
1067 3817 1153 3861 anno
1176 3801 1266 3860 1544.

297 3879 466 3948 Salutabis
489 3881 613 3944 fratres.

809 4000 853 4066 Η.
875 4000 1089 4085 Bullingerus
1111 4009 1197 4067 tuus.

299 4155 503 4167 μ.-

315 4254 382 4318 wa
403 4255 429 4320 1)
449 4255 489 4310 N.
506 4252 566 4308 557.
583 4253 644 4308 665.

401 4323 431 4384 2)
450 4325 506 4377 Der
524 4325 563 4377 alt
582 4323 672 4391 gloub.
707 4323 761 4376 Das
786 4323 834 4376 der
852 4323 977 4378 Christen
1000 4325 1082 4394 gloub
1100 4343 1153 4379 von
1170 4325 1270 4394 onlong

300 4393 349 4445 der
367 4395 431 4445 wilt
448 4397 553 4462 gewirt
569 4392 647 4452 habe,
675 4391 724 4444 der
741 4393 817 4444 recht
834 4410 907 4446 wear
931 4395 969 4445 alt
992 4395 1065 4446 ruod
1089 4395 1270 4463 vnpezwylolt

299 4461 381 4530 gloob
404 4478 460 4531 syc.
498 4461 602 4512 Zr'rrioh.
623 4459 699 4514 1539.
723 4461 749 4514 8.
788 4461 883 4515 Verrio
906 4461 995 4515 latino
1017 4477 1088 4531 qtscc
1110 4462 1148 4517 ud
1169 4477 1269 4517 munuc

299 4544 357 4584 aaa
374 4535 414 4583 cet
430 4529 518 4596 cobis,
547 4528 729 4582 Βίιιὴιῑπιιιιι
747 4529 893 4584 ceccaum
911 4535 1033 4584 acmen
1051 4533 1175 4612 opposcit
1195 4532 1270 4584 1544.

283 4653 286 4661 ,
402 4597 432 4658 3ι
450 4612 567 4651 mmm
589 4597 712 4652 udacrbc
730 4599 901 4669 Aequorum,
926 4615 1003 4668 quem
1025 4600 1076 4654 libs
1098 4605 1123 4654 et
1142 4601 1271 4670 prosim

280 4679 415 4736 coquens
438 4665 549 4721 Gelani
574 4683 735 4732 saporosum
763 4673 789 4721 ct
810 4683 880 4738 quaa
903 4674 986 4723 amec
1011 4668 1045 4723 dc
1069 4669 1160 4725 codem
1183 4685 1270 4740 puero

299 4734 481 4804 Ballinpcrus
497 4735 609 4804 scripsit
625 4736 820 4791 commendant.

1767 433 1844 506 569.

1512 589 1746 660 OALVINUS
1768 586 2084 657 BULLINGERO.

1405 763 1470 831 Uar
1485 765 1583 846 prius
1608 763 1645 830 dc
1666 783 1767 844 puero
1793 761 1849 827 illo
1876 781 1938 828 aon
1964 760 2171 844 responderit,
2199 779 2287 843 qoem

1317 851 1384 916 iam
1421 852 1577 916 Gcacvcm
1611 849 1727 912 reniti
1760 847 1849 913 iubet.
1909 847 2053 912 Alterum
2088 846 2287 912 Taricecocm

1316 936 1389 1002 bave
1408 936 1519 1004 babere
1538 934 1686 1018 affimant.

1317 1109 1373 1172 (Dx
1391 1107 1559 1175 autographo
1576 1104 1657 1160 Arcb.
1677 1104 1765 1160 Turio.
1783 1105 1854 1158 Plut.
1874 1103 1920 1160 v1.
1938 1104 1998 1158 Vol.
2017 1102 2076 1170 166,
2099 1104 2163 1157 olim
2181 1101 2224 1170 24,
2241 1103 2288 1157 fol.

1316 1176 1359 1230 b8.
1396 1175 1563 1244 Apoprapba
1585 1179 1694 1228 exstant
1716 1177 1743 1227 in
1762 1175 1832 1226 Bibl.
1851 1173 1954 1228 Gener.
1978 1172 2043 1228 Ood.
2066 1171 2137 1225 107³.
2163 1169 2286 1236 fulloc,

1317 1247 1382 1298 setis
1399 1245 1527 1298 mendose
1545 1243 1710 1310 descriptum
1729 1259 1761 1295 ex
1786 1259 1839 1312 quo
1857 1242 1993 1294 fluxerunt
2016 1241 2070 1294 alia
2087 1243 2140 1294 duo
2157 1242 2186 1294 in
2204 1239 2287 1294 Arcb.

1254 1365 1258 1371 .
1316 1315 1399 1368 Beru.
1417 1314 1487 1383 Epp.
1506 1312 1555 1404 VI.
1574 1329 1600 1382 p.
1618 1310 1666 1366 841
1686 1317 1715 1364 ct
1735 1310 1791 1435 bloi
1811 1309 1907 1433 {5100
1927 1317 2007 1365 etex
2024 1311 2067 1363 his
2084 1327 2126 1380 sp.
2145 1309 2288 1364 Simlerum

1853 1383 1875 1446 ·)

1318 1551 1538 1618 Ornatissimo
1565 1551 1636 1618 viro
1657 1549 1699 1616 D.
1722 1551 1892 1616 Hauricbo
1920 1551 2113 1636 Bullingero
2135 1549 2289 1617 ecclesiae

1317 1640 1495 1724 ligurinae
1516 1635 1580 1703 fido
1602 1637 1723 1722 pastori
1732 1637 1848 1788 ciffi
1848 1637 1892 1788 oin
1906 1637 2048 1703 Domino
2071 1636 2239 1704 carissimo
2256 1643 2289 1702 et

1404 1859 1440 1927 S.
1475 1860 1571 1942 Quod
1592 1861 1697 1926 scrius
1720 1861 1871 1943 opinione
1892 1865 1950 1925 tua
1970 1858 2032 1924 tibi
2054 1881 2140 1926 nunc
2158 1857 2291 1923 demum

1319 1944 1508 2030 respondeo,
1531 1946 1717 2012 doctissime
1729 1945 1921 2028 Bullinperc,
1943 1967 1981 2010 eo
1998 1946 2119 2011 lactum
2137 1941 2290 2027 estquod

1319 2033 1477 2098 hactenus
1500 2031 1764 2113 exspectavimus
1786 2031 1864 2096 dum
1886 2043 1979 2113 pater
2000 2032 2102 2114 pueri,
2126 2031 2182 2114 qui
2204 2031 2290 2094 Tau-

1319 2119 1382 2182 rini
1403 2125 1461 2194 est,
1483 2118 1666 2200 pecuniam,
1695 2117 1780 2182 sicut
1802 2116 1967 2200 pollicitus
1989 2118 2104 2196 fuerat,
2127 2116 2193 2182 huo
2214 2115 2290 2179 mit-

1318 2210 1411 2268 teret.
1443 2204 1541 2270 Nune
1559 2223 1647 2278 vero,
1670 2224 1769 2286 quum
1787 2201 1910 2266 tamdiu
1929 2200 2100 2284 distulerit,
2120 2201 2290 2267 eonsilium

1318 2291 1472 2372 cepimus,
1496 2309 1556 2374 ego
1579 2298 1613 2352 et
1630 2290 1753 2352 amicus
1770 2287 1826 2353 ille
1848 2309 1939 2354 meus
1961 2289 2053 2354 cuius
2076 2297 2192 2372 rogatu
2211 2307 2289 2370 pue-

1318 2397 1392 2440 rum
1414 2375 1475 2440 tibi
1496 2373 1811 2450 commendaveram,
1834 2395 1899 2438 nou
1918 2395 1988 2440 esse
2010 2373 2096 2440 ultra
2118 2372 2211 2438 uobis
2229 2371 2289 2436 dif-

1318 2460 1489 2525 ferendum
1515 2461 1595 2543 quin
1626 2480 1700 2525 eum
1729 2459 1838 2524 statim
1860 2480 2095 2526 revocaremus.
2140 2459 2288 2524 Primum

1318 2569 1376 2612 sex
1399 2555 1566 2612 coronatos
1589 2545 1647 2610 tibi
1676 2546 1769 2610 mitto
1797 2543 1885 2609 unde
1913 2545 2104 2628 bibliopolae
2127 2544 2233 2610 solvas
2254 2551 2289 2608 et

1318 2654 1358 2697 ex
1380 2643 1472 2714 parte
1494 2631 1619 2697 scribae
1640 2637 1750 2696 vestro
1778 2629 1818 2694 do
1845 2632 1949 2712 pretio
1971 2633 2078 2696 victua
2100 2631 2288 2697 satisfacias.

1317 2717 1446 2783 Deinde
1466 2737 1546 2800 rogo
1564 2725 1609 2795 ut,
1631 2738 1732 2799 quum
1749 2717 1891 2799 primum
1914 2716 1974 2782 has
1990 2717 2102 2782 literas
2119 2717 2289 2798 receperis,

1317 2803 1493 2869 contrahas
1521 2801 1621 2869 libros
1643 2823 1724 2884 quos
1747 2803 1841 2878 emit,
1868 2809 1901 2866 et
1923 2824 1963 2867 ex
1992 2803 2058 2868 illis
2080 2802 2289 2886 quantulum-

1317 2910 1445 2971 eunque
1466 2888 1589 2971 poteris
1610 2889 1767 2972 pecuniae
1785 2887 1899 2952 saltem
1921 2889 1956 2952 in
1974 2887 2127 2954 viaticum
2145 2887 2196 2952 illi
2213 2907 2290 2953 cou-

1317 2975 1424 3054 ficias,
1458 2983 1491 3038 et
1518 2973 1617 3040 simul
1649 2972 1714 3039 huo
1743 2993 1816 3038 eum
1850 2972 1892 3038 ad
1914 2995 1973 3038 nos
2006 2973 2164 3040 remittas.
2208 2974 2291 3038 Peto

1318 3060 1416 3125 etiam
1439 3059 1496 3124 abs
1518 3069 1550 3124 te
1571 3067 1609 3123 ut
1629 3059 1742 3142 paucis
1759 3056 1868 3124 verbis
1890 3060 2033 3124 rationes
2055 3060 2190 3142 colligas
2208 3079 2292 3143 quae

1318 3167 1379 3212 nos
1401 3144 1537 3210 doceant
1558 3153 1715 3228 quantum
1745 3145 1871 3210 scribae
1893 3143 2071 3210 debebitur.
2116 3145 2189 3230 Ego
2210 3165 2291 3210 vero

1318 3231 1403 3314 quod
1421 3231 1557 3296 restabit
1573 3229 1691 3296 curabo
1707 3231 1744 3294 iu
1761 3237 1906 3312 tempore
1924 3239 2142 3296 numeratum.
2164 3231 2292 3296 Verum

1318 3317 1420 3382 nolim
1441 3316 1542 3382 ullam
1572 3317 1608 3381 in
1634 3316 1737 3380 literis
1763 3317 1964 3380 mentionem
1990 3317 2089 3382 facias
2117 3337 2177 3382 sex
2198 3336 2291 3381 coro·

1318 3412 1478 3466 natorum.
1523 3402 1590 3467 Eos
1612 3403 1700 3465 enim
1718 3399 1758 3466 da
1779 3395 1852 3466 ineo
1874 3401 1972 3468 solvo.
2016 3401 2132 3484 Itaque
2152 3401 2240 3467 malo
2259 3410 2293 3468 ct

1318 3497 1454 3570 patrem,
1475 3495 1605 3552 etcum
1626 3489 1661 3550 in
1684 3487 1777 3552 cuius
1804 3489 1944 3571 gratiam
1973 3508 1991 3552 e
2015 3509 2034 3552 o
2061 3487 2161 3552 fidem
2183 3509 2293 3553 meam

1319 3573 1512 3655 interposui,
1539 3573 1728 3638 existimare
1755 3573 1863 3639 adbuc
1885 3575 1958 3638 istic
1985 3509 2110 3651 deberi,
2137 3594 2202 3656 quo
2223 3575 2292 3638 siut

1319 3659 1360 3724 ad
1389 3657 1591 3724 reddendum
1618 3659 1844 3742 promptiores.
1887 3658 2044 3741 Inprimis
2073 3666 2184 3724 autem
2213 3681 2292 3744 rogo

1320 3753 1358 3810 ut
1378 3766 1431 3808 me
1453 3755 1644 3810 excusatum
1672 3744 1791 3810 habeas
1813 3742 1898 3826 quod
1920 3743 2005 3808 hanc
2025 3745 2084 3809 tibi
2107 3744 2291 3810 molestiam

1320 3830 1534 3896 exhibuerim.
1579 3829 1733 3905 Puerum,
1756 3829 1841 3895 sicut
1862 3830 1926 3893 iam
1949 3830 2026 3906 dixi,
2048 3831 2099 3895 fac
2119 3831 2291 3896 utstatim

1320 3915 1477 3992 remittas,
1499 3936 1541 3978 ne
1563 3915 1644 3978 mihi
1667 3916 1782 3979 maiori
1805 3916 1848 3980 sit
1869 3915 1977 3980 fraudi
1996 3915 2124 3999 longior
2145 3937 2248 3980 mora

1406 4002 1495 4066 Puer
1516 4009 1627 4064 autem
1648 4021 1745 4082 quom
1768 4009 1804 4064 tu
1827 3999 1907 4064 mihi
1929 4001 2174 4079 commendasti,
2197 4022 2291 4084 prae·

1321 4093 1469 4169 terquam
1506 4085 1591 4168 quod
1627 4085 1726 4152 habet
1758 4086 1918 4170 hospitem
1946 4085 2083 4170 probum
2119 4087 2231 4152 virum
2259 4094 2292 4152 et

1321 4171 1516 4250 humanum,
1551 4169 1633 4236 mihi
1667 4173 1765 4236 otiam
1800 4192 1898 4236 aurae
1934 4173 2004 4238 erit.
2054 4171 2127 4236 Ilo
2155 4183 2292 4240 etcum

1321 4257 1401 4339 ipso,
1424 4265 1549 4321 etcum
1567 4255 1752 4340 paedagogo
1769 4279 1865 4340 quem
1883 4254 1969 4321 domi
1991 4279 2069 4321 sarae
2085 4194 2195 4335 babet,
2218 4258 2291 4324 dili·

1321 4355 1436 4426 genter
1462 4343 1523 4426 egi.
1569 4343 1614 4407 Et
1645 4345 1770 4425 quoties
1798 4363 1880 4424 opus
1901 4345 1965 4406 crit
1997 4353 2172 4424 utrumque
2203 4365 2291 4410 com·

1321 4427 1540 4494 monefaciam.
1585 4425 1678 4506 Vale,
1701 4427 1920 4493 eruditissime
1948 4429 2000 4494 vir
2028 4437 2061 4493 et
2082 4429 2187 4494 amice
2209 4431 2293 4498 inte-

1321 4515 1461 4597 gerrime
1483 4535 1521 4580 ao
1543 4513 1624 4578 mihi
1646 4511 1856 4580 observande.
1890 4513 2007 4580 Saluta
2028 4514 2204 4597 diligenter
2221 4537 2293 4582 mco

1321 4600 1454 4664 nomine
1475 4599 1593 4666 iratres
1614 4621 1736 4664 omnes.
1782 4601 1943 4664 Dominus
1970 4621 2028 4665 vos
2049 4621 2179 4682 semper
2200 4610 2293 4687 regat

1322 4685 1441 4767 diuque
1463 4684 1557 4750 nobis
1578 4695 1689 4751 servet
1708 4685 1894 4750 incolumes.
1928 4687 2083 4751 Genevae
2106 4691 2135 4749 6.
2155 4687 2292 4753 (laland.

1323 4769 1487 4856 Septemb.
1504 4770 1527 4855 ¹)

1777 4855 1919 4924 Ioannes
1941 4855 2099 4923 Calvinus
2119 4865 2208 4924 tuus.

1324 4983 1656 5088 {sii—*Protomae
1676 5025 1743 5080 laec
1765 5028 1871 5098 serapte
1892 5027 1948 5095 fait
1964 5032 2111 5096 coaequam
2129 5030 2294 5092 morosam

1321 5095 1478 5220 miscet
1496 5093 1633 5150 Gesacum
1651 5097 1831 5166 pervenisset,
1849 5095 1891 5152 ccl
1907 5097 2002 5152 adum
2017 5096 2096 5151 mua
2111 5097 2294 5155 auream
