4860 5968
306 320 370 386 439
1075 307 1336 376 meronda
1358 310 1526 372 tal-423

308 503 462 589 poenitet
505 499 592 568 Nam
612 504 651 565 nt
671 503 724 578 tu,
755 496 834 564 dum
855 517 967 562 eorum
987 497 1216 576 temeritatem,
1238 515 1275 562 ae

308 586 537 658 confidentiam
563 583 711 650 deridere
732 584 798 664 vis,
825 582 909 648 soles
937 580 1044 650 dicere
1071 603 1184 648 omues
1205 602 1276 648 esse

309 675 490 758 magistros,
512 671 559 738 sio
581 670 666 736 serio
687 689 830 736 asserere
843 665 946 734 audeo
967 669 1132 733 neminem
1146 689 1217 734 esse
1234 688 1276 732 ex

307 759 373 826 illis
394 759 516 824 bonum
528 754 721 838 discipulum
732 755 767 820 in
784 753 959 853 hacuparts.
993 752 1031 819 Si
1048 755 1197 832 mentior,
1220 760 1278 818 aut

1773 542 1848 616 422.

1575 679 1813 748 SULZERUS
1836 678 2052 747 OALVINO.

308 865 390 924 erro,
413 864 518 908 unum
539 841 623 906 mihi
642 841 777 906 nomina
805 859 860 922 qur
886 837 986 922 probe
1007 839 1094 922 loqui
1116 839 1157 904 de
1177 859 1278 904 coena
1315 909 1317 914 ,
1415 851 1565 918 Faunus
1580 852 1713 934 feliciter
1730 853 1773 918 ad
1790 851 1944 918 Memor
1960 853 2103 934 pervenit
2122 854 2175 920 oui
2190 855 2296 936 fam
2417 807 2418 832 l

307 929 419 1030 possit
462 926 530 995 Sed
551 928 618 992 iam
639 925 736 991 nimis
764 924 875 989 multa
919 923 996 990 Scio
1023 925 1111 990 euim
1140 945 1199 989 nos
1221 929 1278 988 aut
1329 939 1435 1003 omnia
1457 943 1664 1019 affirmantur
1684 939 1788 1004 amici,
1829 939 1920 1003 Nova
1936 937 2044 1003 bellica
2066 939 2242 1020 arpalum
2263 959 2297 1003 a

307 1014 400 1094 uilnl,
423 1020 480 1080 aut
500 1033 676 1097 perparum
693 1009 873 1077 dissentire.
907 1008 974 1076 Sed
990 1009 1124 1076 voluisti
1144 1010 1278 1088 malum,
1333 1025 1460 1104 ruma,
1484 1023 1603 1099 Gaura,
1626 1022 1796 1102 mandria,
1819 1023 2020 1090 emtam
2042 1043 2081 1088 en
2101 1025 2199 1090 domo·

308 1100 394 1185 quod
421 1099 553 1183 tuipse
580 1095 746 1181 agnoscis,
779 1094 985 1161 extenuando
1016 1095 1122 1160 solatii
1156 1093 1278 1178 aliquid

307 1185 391 1250 mihi
412 1184 499 1263 dare,
521 1204 563 1250 ne
583 1204 636 1248 me
657 1179 942 1267 praetermodum
963 1181 1132 1265 affligeret.

394 1269 581 1352 Literae²¹)
607 1266 730 1332 Farelli
759 1274 793 1331 et
825 1266 936 1332 fratris
963 1267 1029 1331 iam
1057 1267 1140 1330 mibi
1161 1265 1278 1330 allatae

308 1363 403 1456 ‘ml
423 1363 499 1420 πω
521 1353 588 1454 ‘159⁵
609 1360 755 1436 qualum·
788 1350 950 1418 Pumbam
969 1361 1078 1417 ”utem
1096 1350 1138 1450 ad
1155 1359 1277 1451 le.p⁰¹’'
1329 1383 1461 1449 Eximio
1482 1381 1607 1448 Christi
1634 1401 1729 1447 servo
1751 1379 1894 1447 Domino
1921 1383 2037 1448 Ioanni
2061 1382 2200 1450 Calvino
2232 1384 2298 1450 viro

308 1461 447 1520 venisse,
464 1460 617 1523 quomam
628 1459 683 1504 eas
694 1437 853 1502 retulerat
865 1436 978 1502 Patrue
989 1435 1277 1520 Oessonrensrs.²²)
1507 1466 1691 1534 dootissimo
1714 1470 1817 1534 amieo
1839 1477 1871 1532 et
1893 1477 2029 1551 patrono
2051 1489 2119 1534 suo·

306 1526 406 1592 Nunc
427 1525 502 1592 audi
526 1523 757 1608 temerante)
787 1523 891 1588 nostri
917 1522 1046 1588 delitias
1070 1543 1152 1606 quae
1179 1522 1277 1588 bilem

308 1611 377 1692 tibi,
400 1609 496 1678 simul
519 1629 557 1676 ac
584 1611 689 1674 risum
716 1617 877 1674 moveant.
927 1608 1058 1672 Nudius
1086 1609 1204 1672 tertius
1236 1605 1277 1673 ad
1415 1603 1516 1672 Salve
1538 1606 1583 1668 mi
1606 1604 1745 1670 Oalvine
1762 1605 1870 1670 frater.
1905 1605 2035 1672 Literas
2058 1605 2154 1670 hodie
2176 1607 2298 1688 aceepi-

307 1697 486 1762 mevenit:
514 1694 609 1779 petiit
636 1716 679 1760 an
706 1715 774 1758 non
802 1693 884 1758 mihi
906 1693 1049 1775 placeret
1074 1715 1169 1760 suam
1190 1692 1278 1758 Novi
1330 1712 1403 1757 mus
1420 1712 1440 1754 a
1457 1689 1673 1756 confratribus
1690 1691 1811 1756 nostris
1828 1690 2183 1757 classisNeocemensis
2200 1693 2298 1774 scrip-

308 1782 509 1848 Testameuti
536 1780 781 1846 translationem
810 1777 870 1843 edi.
914 1779 1083 1862 Respondi
1110 1801 1192 1863 opus
1219 1779 1278 1843 ha·
1330 1787 1381 1842 tas
1414 1777 1455 1842 ad
1484 1798 1519 1842 se
1545 1797 1565 1840 a
1593 1775 1719 1842 Farelle
1747 1785 1876 1854 nostro,
1909 1797 1977 1842 non
2009 1776 2168 1860 singulari
2200 1777 2299 1842 animi

306 1868 384 1932 bere
401 1867 513 1931 multis
530 1865 793 1932 correctionibus.
828 1863 970 1930 Causam
981 1865 1116 1948 rogavit
1140 1863 1279 1930 Ostendi
1331 1863 1513 1944 voluptate,
1541 1862 1661 1945 quippe
1683 1861 1799 1944 quibus
1826 1882 2016 1944 prosperum
2039 1862 2103 1926 iter
2124 1862 2173 1926 illi
2195 1863 2299 1928 Motae

308 1975 349 2018 ex
377 1953 488 2036 paucis
514 1949 581 2016 illis
608 1949 781 2034 capitibus,
816 1971 900 2032 quae
932 1949 1014 2014 mihi
1046 1951 1082 2014 in
1114 1950 1279 2032 specimen
1331 1948 1506 2032 contigisse
1537 1947 1763 2031 cognevimus,
1797 1948 1953 2012 nimirum
1978 1947 2110 2031 optimis
2139 1948 2299 2030 auspiciis,

306 2037 500 2120 iampridem
523 2035 665 2102 dederat.
714 2035 869 2119 Excepit,
899 2056 934 2100 se
963 2035 1063 2101 fnisse
1084 2035 1120 2100 iu
1145 2035 1278 2118 reliquis
1331 2054 1414 2118 quae
1441 2035 1482 2098 D.
1512 2032 1553 2098 ad
1581 2035 1632 2098 sui
1667 2033 1808 2098 nominis
1834 2034 2014 2116 profectum
2048 2033 2174 2116 potenti
2201 2053 2299 2098 manu

307 2123 556 2206 diligentiorem.
612 2119 739 2186 Deinde
777 2121 898 2185 iterum
930 2123 1058 2203 rogavit
1089 2119 1166 2203 quid
1197 2119 1279 2184 mihi
1330 2119 1457 2204 diriget.
1501 2118 1613 2184 Nihilo
1636 2139 1713 2184 vero
1734 2119 1844 2183 minus
1866 2117 2039 2184 oblectavit
2060 2118 2300 2202 capppaypdrov

306 2208 458 2291 placeret
512 2205 681 2290 Respondi
712 2227 764 2272 me
797 2205 885 2271 nolle
913 2204 1071 2288 impedire
1104 2207 1278 2288 quominus
1330 2212 1517 2272 sauctorum
1538 2203 1808 2286 cordatorumque
1830 2213 1944 2270 sancta
1964 2207 2142 2286 συμβουλία,
2164 2224 2301 2287 quorum

307 2295 564 2376 imprimeretur:
595 2297 747 2375 paratum
773 2297 884 2356 tamen
912 2312 982 2356 esse
1011 2291 1052 2356 ad
1085 2291 1183 2356 fidem
1215 2290 1278 2356 sol·
1329 2312 1427 2373 opera
1448 2299 1545 2372 atque
1566 2290 1717 2372 precibus
1738 2297 1863 2354 eertum
1880 2299 1930 2354 est
1950 2289 2129 2373 plurimum
2151 2290 2301 2356 adiutum

308 2378 449 2444 vendam
479 2399 578 2460 quam
607 2375 761 2442 dederam
782 2376 902 2442 Ioanni
927 2377 1133 2461 Girerd0,²⁴)
1162 2397 1279 2459 nempe
1328 2377 1371 2440 iri
1392 2377 1482 2442 hune
1503 2375 1621 2440 fertem
1643 2383 1792 2440 nostrum
1812 2376 2051 2458 intrantumque
2070 2375 2195 2442 Obristi
2216 2375 2302 2440 mili·

308 2471 346 2528 ut
367 2463 579 2546 inspicerem,
608 2482 646 2528 ac
667 2462 863 2546 corrigerem
889 2463 918 2527 si
944 2461 1024 2544 quid
1050 2461 1279 2546 corrigendum
1330 2473 1406 2540 tem,
1428 2462 1554 2526 intem
1576 2459 1677 2526 arduo
1698 2463 1889 2543 praesertim
1911 2483 2015 2544 opere.
2059 2459 2116 2528 Sic
2134 2462 2225 2526 enim
2247 2480 2301 2524 ne-

308 2551 399 2614 leret.
451 2548 629 2614 Reeusavit
655 2547 741 2612 hano
761 2547 994 2613 conditionem:
1022 2545 1140 2612 obtulit
1169 2555 1279 2612 temen
1331 2549 1507 2614 cessarium
1524 2556 1575 2612 est
1595 2555 1633 2610 ut
1649 2548 1813 2612 communi
1831 2547 2126 2630 circumspectione,
2148 2569 2209 2613 ceu
2228 2567 2302 2612 ocu·

308 2655 343 2700 se
365 2643 559 2712 venturum,
589 2651 626 2696 ae
651 2633 734 2697 mihi
760 2632 938 2710 lecturum,
966 2633 994 2698 si
1021 2641 1143 2699 certam
1165 2633 1280 2698 horam
1330 2633 1371 2700 lis
1392 2631 1638 2715 undiquaquam
1658 2632 1804 2710 intentis,
1827 2653 1879 2697 res
1900 2639 2012 2698 tantae
2032 2641 2245 2718 peragantur,
2271 2637 2303 2695 et

308 2717 521 2784 condicerem.
565 2718 693 2802 Negavi
722 2738 774 2784 me
801 2717 863 2784 hoc
884 2719 1061 2798 iacturum,
1091 2719 1119 2784 si
1148 2727 1280 2783 eentum
1331 2738 1405 2783 cum
1426 2718 1542 2800 primis
1563 2717 1700 2782 eoeleste
1721 2716 1898 2783 advocetur
1914 2717 2122 2801 praesidium.
2167 2717 2303 2784 Certum

308 2811 478 2870 coronatos
500 2803 607 2882 daret,
637 2811 673 2868 ut
699 2823 751 2868 me
779 2803 821 2868 ad
850 2811 956 2870 certas
984 2804 1081 2869 horas
1102 2801 1282 2888 adstringe-
1331 2804 1418 2868 enim
1447 2811 1498 2869 est
1526 2811 1743 2870 veteratorem
1774 2801 1932 2868 Satanam
1961 2805 2113 2869 omuibus
2141 2802 2304 2870 machinis

308 2911 389 2968 rem,
413 2887 530 2956 deinde
547 2895 585 2954 ut
603 2888 766 2973 litigarem
783 2889 952 2954 interdum
967 2888 1048 2955 duas
1065 2891 1163 2955 horas
1182 2911 1281 2974 super
1331 2888 1539 2967 adnisurum,
1568 2897 1605 2953 ut
1627 2889 1680 2954 vel
1701 2909 1840 2972 surgens
1861 2889 2019 2971 impediat
2045 2887 2231 2954 aedilicium
2253 2885 2304 2954 vel

308 2997 375 3040 une
397 2972 540 3040 verbulo.
574 2972 672 3041 Sica
692 2995 745 3040 me
767 2972 924 3054 discessit,
946 2975 1060 3054 tristis,
1083 2981 1122 3040 ut
1143 2995 1279 3058 appare·
1331 2976 1396 3039 iam
1418 2981 1623 3041 exstructum
1650 2973 1794 3053 deiiciat,
1822 2975 1965 3040 maxime
1991 2996 2092 3058 quum
2112 2983 2206 3040 tanta
2229 2995 2305 3056 sup·

309 3060 372 3126 bat.
417 3059 462 3124 Ibt
483 3067 595 3125 tamen
623 3068 661 3124 ut
687 3059 770 3126 scias
799 3081 898 3143 quam
915 3060 1020 3126 fidelis
1042 3061 1086 3125 sit
1106 3061 1279 3144 interpres,
1331 3067 1420 3143 petat
1447 3061 1739 3128 instrumentorum
1767 3067 1864 3142 atque
1891 3061 2071 3126 satellitum
2094 3061 2193 3142 eopia.
2239 3060 2305 3124 Ve-

309 3145 388 3210 dum
405 3145 509 3211 multa
526 3145 600 3211 vult
615 3166 745 3222 novare,
766 3145 908 3228 plurima
924 3147 1076 3230 corrupit.
1111 3147 1280 3211 Proferam
1331 3167 1407 3211 rum
1428 3147 1475 3212 sic
1495 3153 1533 3210 ut
1554 3146 1661 3295 coepit
1682 3147 1793 3228 agenti
1815 3167 1920 3228 neque
1940 3167 2001 3229 ope
2018 3167 2123 3228 neque
2144 3145 2306 3228 sapientia

307 3231 416 3296 lecum
437 3251 550 3296 unum.
594 3231 660 3298 Ubi
689 3229 844 3296 habetur:
876 3231 1028 3314 L’eaperit
1053 3232 1090 3296 de
1108 3231 1203 3310 Dira,
1225 3232 1281 3313 qai
1332 3252 1392 3297 sua
1424 3231 1527 3297 deerit
1558 3251 1614 3297 eoe
1627 3231 1705 3297 estis
1735 3232 1947 3309 architectus,
1978 3233 2186 3315 perficietque
2221 3227 2306 3314 quod

307 3317 409 3382 babile
430 3337 468 3382 en
484 3337 572 3396 netas,
592 3317 750 3382 mutavit:
773 3316 865 3382 bonta
885 3338 923 3382 en
940 3337 1026 3396 aare,
1048 3338 1150 3399 quum
1170 3318 1281 3382 accur
1322 3313 1585 3383 'misericorditer
1616 3318 1730 3400 coepit.
1786 3317 1843 3384 Sic
1869 3319 1989 3382 etenim
2017 3325 2052 3382 et
2078 3317 2118 3382 de
2144 3315 2308 3382 catholiea

1449 1194 1505 1259 (lix
1522 1194 1690 1263 autographo
1708 1193 1777 1247 Bibl.
1796 1193 1896 1248 Gener.
1915 1193 1979 1247 coc.
1997 1193 2056 1264 112,
2074 1195 2117 1249 lbl.
2136 1195 2192 1262 95.)

207 3463 211 3472 .
310 3423 376 3468 non
393 3401 549 3479 habitare,
568 3402 625 3467 sed
641 3403 846 3484 frequentare
858 3401 964 3468 Gallis
981 3402 1151 3487 significet.
1185 3403 1281 3468 Unus
1333 3403 1541 3468 eeclesiarum
1574 3411 1740 3468 structura
1768 3413 1865 3486 atque
1892 3403 2098 3469 restitutione
2129 3399 2307 3486 persuade-

310 3487 366 3552 ille
383 3493 451 3552 tam
463 3487 597 3569 puerilis
607 3487 718 3570 lapsus
729 3495 839 3570 posset
855 3486 940 3553 libro
951 3487 1121 3553 infamiam
1137 3489 1279 3554 inurere.
1332 3509 1406 3554 mus
1427 3489 1529 3567 nobis,
1551 3488 1729 3571 quamlibet
1748 3488 1863 3571 iniqua
1883 3509 1993 3554 rerum
2017 3489 2106 3566 faeie,
2127 3491 2198 3553 fore
2220 3485 2308 3554 soili-

311 3571 384 3656 Ego
406 3579 517 3637 tamen
537 3573 619 3638 tales
647 3574 786 3656 ineptias
815 3574 935 3639 tacitus
958 3572 1085 3638 devoro.
1130 3574 1214 3638 Vale
1236 3575 1282 3638 mi
1333 3581 1385 3640 cet
1401 3581 1440 3640 ut
1461 3575 1633 3640 convulsas
1654 3583 1747 3640 sanet
1775 3581 1808 3639 et
1828 3572 2038 3657 redintegret.
2082 3573 2197 3656 Neque
2220 3573 2308 3640 enim

311 3659 420 3722 frater.
464 3655 628 3723 Dominus
659 3666 692 3722 te
724 3679 853 3742 semper
881 3667 1051 3724 conservet
1082 3679 1119 3725 ae
1151 3659 1279 3743 dirigat.
1334 3668 1386 3726 est
1407 3658 1595 3726 abbreviata
1611 3679 1728 3724 manus
1751 3660 1903 3738 Domini,
1931 3682 1954 3724 n
1996 3681 2036 3724 ue
2063 3660 2097 3724 in
2119 3667 2229 3724 totum
2252 3655 2307 3723 ab

312 3741 430 3808 Saluta
447 3763 559 3809 omnes
581 3743 713 3809 fratres:
741 3745 858 3826 quibus
879 3753 990 3809 tamen
1011 3765 1078 3810 non
1100 3745 1281 3810 communi·
1333 3745 1410 3810 iecit
1430 3745 1556 3811 viscera
1576 3745 1816 3810 misericordiae
1838 3766 1925 3810 suae.
1956 3681 2081 3826 e&uere
2102 3766 2169 3810 non
2191 3743 2252 3810 abs
2273 3765 2309 3808 re

310 3827 399 3894 cabis
421 3827 539 3893 omnia.
584 3828 741 3895 Generae
764 3833 792 3894 3.
815 3827 908 3896 eidus
926 3827 1090 3913 Septemb.
1113 3835 1204 3896 1542.

841 3967 906 4032 Ioa.
929 3965 1088 4032 Calvinus
1110 3974 1196 4032 tuus.

315 4105 373 4113 ...-
381 4105 518 4113 ---—-——--

317 4236 391 4292 dim
399 4169 447 4236 21)
465 4169 540 4223 Hinc
562 4169 659 4238 incipit
681 4171 769 4225 cerato
792 4171 909 4240 anglica
944 4171 1052 4226 Feralia·
1073 4171 1167 4226 tarrae
1190 4171 1283 4240 deper-

401 4304 449 4368 22)
470 4305 502 4358 st
518 4305 585 4375 qnid
601 4305 721 4360 cidenas
739 4306 838 4360 Petrae
861 4307 905 4362 bie
927 4309 1004 4362 verbi
1023 4307 1147 4362 minator
1170 4314 1231 4363 eret
1253 4309 1284 4362 in

318 4371 418 4440 oppido
437 4373 571 4429 eossonea
588 4375 658 4428 inter
677 4375 1149 4432 IabrodanametLeueannamsite.
1175 4376 1285 4432 Bonnet

318 4441 410 4494 babet.-
427 4441 457 4494 P.
476 4443 612 4513 Oossouuy
631 4443 750 4510 (Hermj.
769 4444 822 4498 IV.
841 4443 874 4496 92
894 4444 926 4497 Ρ.
948 4445 1099 4516 Masuyer).

404 4507 650 4570 readunatione.
687 4511 773 4566 &eiua
796 4511 891 4568 Babb'o
913 4513 1013 4581 pellice
1036 4515 1142 4568 demum
1164 4531 1190 4568 α.
1215 4513 1284 4568 1555

316 4575 486 4646 prodierunt,
505 4580 685 4646 quadriennio
697 4585 763 4648 poet
779 4581 922 4636 editionem
940 4583 1060 4636 latinum.
1092 4583 1148 4636 [lla
1159 4585 1283 4652 cp.Her-

317 4647 435 4716 neptun,
452 4647 518 4700 bere
534 4647 610 4715 epod
629 4649 786 4717 oporinum,
803 4655 945 4719 utrunque
962 4651 1152 4706 Basilerneen.

403 4713 451 4780 24)
469 4717 525 4785 qai,
542 4721 573 4770 ut
588 4717 702 4784 ridetur,
724 4717 883 4773 Ocatelbbna'
895 4719 1003 4787 walum
1020 4727 1284 4776 aaaneoncesaerct.

1333 3832 1502 3914 ingentem
1523 3851 1565 3895 ex
1587 3831 1648 3896 hoc
1668 3833 1787 3896 nuncio
1809 3831 2011 3914 voluptatem
2033 3832 2203 3906 traximus,
2225 3849 2310 3913 quae

1334 3939 1393 3981 nos
1420 3918 1456 3981 in
1484 3916 1731 3999 perturbatione
1759 3925 1793 3981 et
1818 3917 1948 3998 publica
1976 3925 2009 3982 et
2035 3917 2163 3999 privata
2190 3917 2311 3981 iucun-

1336 4002 1467 4068 dissime
1489 4009 1614 4068 recreat
1636 4009 1669 4065 et
1690 4004 1803 4080 reficit,
1832 4023 1891 4068 eeu
1913 4003 1949 4067 in
1971 4022 2092 4086 magna
2112 4009 2312 4084 tempestate

1335 4088 1495 4172 effulgens
1516 4109 1559 4152 ex
1582 4093 1672 4170 parte
1694 4089 1865 4154 serenitas:
1889 4088 2103 4170 dabimusque
2119 4109 2257 4171 operam
2274 4091 2314 4150 ιιι

1335 4174 1556 4257 pientissimus
1584 4181 1720 4238 conatus
1749 4194 1824 4240 cum
1852 4174 1988 4241 ecclesia
2015 4181 2129 4238 nostra
2157 4174 2313 4238 iuvemus

1334 4260 1480 4324 oratione
1501 4259 1622 4326 sedula.

1422 4343 1557 4411 Accedit
1577 4367 1656 4412 vero
1678 4345 1756 4412 huie
1784 4345 1904 4410 nuncio
1930 4343 2019 4410 aliud
2045 4343 2214 4427 quidpiam
2244 4364 2313 4408 non

1334 4453 1467 4516 prorsus
1488 4431 1741 4514 inauspicatum:
1765 4453 1882 4513 nempe
1900 4431 2102 4496 navarchum
2124 4431 2254 4496 'furcae
2276 4428 2312 4492 vi

1336 4517 1538 4599 tempestatis
1566 4539 1640 4582 cum
1664 4537 1782 4600 magna
1809 4516 1980 4580 hominum
2001 4517 2202 4598 naviumque
2223 4513 2314 4579 mul·

1335 4602 1476 4667 titudine
1498 4623 1697 4686 oppressum,
1720 4623 1820 4686 quum
1837 4601 1914 4688 πρός
1931 4610 2102 4682 συμμαχίαν
2119 4601 2210 4667 Galli
2231 4621 2313 4666 eon·

1337 4688 1494 4753 tenderet.
1537 4687 1653 4771 Itaque
1675 4688 1794 4753 falsum
1824 4709 1862 4753 ea
1884 4709 1941 4770 spe
1963 4707 2074 4772 regem
2095 4707 2162 4752 nen
2183 4686 2315 4752 modie-

1336 4774 1434 4842 criter
1454 4775 1648 4856 perturbari.
1683 4771 1749 4838 Sed
1771 4781 1803 4838 et
1822 4773 1965 4838 Venetos
1987 4775 2114 4839 Turcae
2135 4774 2315 4856 negavisse

1336 4861 1512 4925 transitum
1534 4881 1593 4941 per
1610 4881 1703 4925 suam
1720 4859 1886 4937 ditionem,
1908 4857 1995 4941 quod
2016 4858 2162 4941 plerique
2183 4859 2317 4923 miran-

1336 4955 1398 5010 tur.
1441 4946 1580 5018 Famam
1609 4954 1719 5009 autem
1747 4945 1832 5011 hauc
1863 4945 1981 5028 probat
2007 4947 2239 5009 transmissum
2271 4965 2316 5008 ex

1337 5032 1456 5097 Genua
1475 5031 1510 5095 iu
1521 5029 1700 5113 Hispanias
1720 5031 1864 5096 italicum
1887 5029 2068 5096 subsidium
2085 5029 2318 5096 aMarchione

1340 5117 1512 5195 mansee,
1543 5115 1628 5198 quod
1660 5115 1754 5181 facile
1786 5115 1980 5198 prohibituri
2008 5117 2135 5181 'l'urcae
2166 5117 2318 5190 fuerant,

1337 5203 1402 5269 nisi
1423 5203 1488 5266 fato
1510 5201 1617 5284 aliquo
1638 5203 1802 5287 profligati
1823 5210 1932 5268 tutum
1953 5203 2111 5286 praebere
2131 5201 2319 5268 transitum
