4846 5962
300 275 368 341 att
1068 267 1331 340 EPISTOLAE
1352 271 1531 336 aot-sot.
2025 314 2031 334 .
2235 271 2295 333 212

302 462 433 530 lumina
453 481 514 546 pro
533 459 756 526 instaurandis
777 459 932 526 ecclesiis.
975 459 1093 524 Visum
1115 461 1178 524 fuit
1197 459 1278 542 ipsis
1328 459 1508 524 Dominum
1535 464 1569 524 at
1593 459 1683 542 pios,
1712 478 1754 522 ex
1781 458 1889 523 auimo
1909 457 2004 540 cepio
2024 457 2219 536 consultam,
2241 465 2298 524 ant

301 549 424 615 stauos
446 547 588 612 salutare
609 545 723 614 literis.
760 545 933 628 Philippus
954 543 1046 622 ittet)
1075 545 1277 628 provinciam
1329 565 1382 608 me
1404 565 1538 626 prorsus
1559 544 1661 608 latere
1682 541 1823 608 liborum
1844 563 1864 609 a
1885 551 1975 607 tanto
1997 563 2109 622 onere,
2137 543 2223 626 quod
2242 543 2297 610 de-

303 633 448 716 suscepit
468 653 506 698 ao
527 631 674 697 omnium
694 631 830 697 nomine
851 631 989 713 scripsit.
1032 631 1105 714 Ego
1122 631 1278 696 fratribus
1329 649 1450 712 ponere
1472 650 1539 693 non
1566 629 1669 695 audeo
1695 650 1795 712 quum
1824 627 2007 694 aDomino
2033 629 2224 713 impositum
2245 632 2297 710 sit,

302 717 388 784 dodi.
433 718 479 782 Et
504 718 656 802 quamvis
684 727 757 800 post
781 717 863 782 alios
886 717 1036 800 legerem,
1063 727 1173 780 mmen
1195 716 1277 779 mihi
1330 737 1435 797 nequo
1462 715 1547 780 ferre
1575 733 1722 798 possum:
1755 715 1827 797 pios
1866 715 2049 780 hortatores
2087 716 2122 778 in
2155 713 2298 781 Domino

303 825 370 870 non
405 811 482 868 sunt
513 805 604 868 visae
636 803 699 868 nisi
733 802 807 886 piae
842 823 880 867 ao
906 802 1024 886 dignae
1051 821 1131 884 quas
1163 801 1277 865 audire
1329 801 1455 883 excipio
1483 809 1515 865 et
1547 801 1686 884 gratiam
1715 799 1820 864 habeo
1852 798 2057 866 studentibus
2089 798 2131 865 ad
2164 801 2299 867 meliora

305 888 446 954 debeant
466 889 521 972 pii.
566 889 712 972 Attingit
732 887 818 952 idem
848 887 911 952 alia
933 887 973 951 de
994 887 1199 952 institutione
1220 887 1277 952 illa
1328 907 1381 951 me
1411 887 1552 952 invitare
1582 886 1623 951 ad
1656 905 1739 969 quae
1769 887 1886 968 aspiro.
1937 885 2012 950 Non
2044 887 2130 950 enim
2163 887 2299 969 quiescit

305 983 382 1040 ante
421 995 570 1051 coenam,
609 975 782 1057 praecipue
820 973 904 1056 quod
938 972 978 1036 ad
1016 971 1115 1036 tidem
1149 973 1276 1048 attinet,
1329 971 1459 1036 animus
1495 972 1532 1035 in
1559 979 1627 1036 tam
1659 971 1882 1054 incompositis
1914 971 2019 1036 rebus.
2070 971 2167 1036 Hane
2198 971 2298 1058 igitur

304 1059 390 1144 quod
419 1059 575 1125 fratribus
602 1081 666 1124 non
703 1059 832 1122 videtur
868 1057 1062 1136 absurdum,
1093 1079 1158 1122 non
1191 1055 1278 1140 quod
1329 1079 1399 1122 esse
1420 1057 1510 1122 viam
1532 1065 1625 1140 puto,
1656 1077 1756 1139 quum
1777 1056 1867 1122 aliud
1893 1077 1961 1120 non
1988 1077 2133 1134 cernam,
2161 1067 2200 1122 ut
2219 1079 2299 1141 quos

303 1146 412 1210 velint
432 1145 634 1228 pontificium
657 1143 780 1226 aliquid
801 1163 961 1220 revocare,
981 1141 1139 1226 siquidem
1161 1143 1212 1208 vel
1235 1141 1277 1208 ad
1329 1163 1394 1206 non
1417 1144 1507 1226 prius
1528 1143 1693 1220 novimus,
1722 1163 1760 1208 ac
1789 1141 1829 1207 de
1851 1163 1988 1226 quorum
2014 1141 2078 1206 tide
2099 1144 2217 1208 merito
2238 1143 2298 1208 dn-

305 1231 407 1296 solam
430 1232 591 1312 pontilicis
621 1230 805 1294 antichristi
826 1229 1106 1294 nomenclaturam
1132 1228 1275 1306 horrent,
1329 1228 1485 1306 bitamus,
1510 1228 1749 1310 interrogemus
1773 1225 1851 1311 quid
1876 1227 2013 1293 credant
2038 1237 2072 1292 et
2092 1230 2239 1294 sentiant
2259 1229 2298 1294 de

304 1316 436 1400 quidvis
458 1318 567 1398 potius
589 1314 761 1381 admissuri
783 1335 881 1396 quam
905 1323 1033 1379 tantum
1056 1315 1183 1378 hostem
1208 1315 1275 1398 pio·
1328 1314 1367 1377 iis
1389 1314 1425 1377 in
1447 1311 1564 1396 quibus
1591 1312 1687 1378 cardo
1716 1323 1846 1378 nostrae
1868 1313 1983 1378 salutis
2004 1324 2168 1392 versatur,
2199 1323 2233 1380 et
2253 1316 2298 1380 sie

303 1403 381 1468 tatis
408 1401 462 1466 val
491 1400 612 1483 aliquid
643 1400 684 1464 ab
711 1421 749 1464 eo
771 1403 962 1482 proiectum.
1007 1396 1073 1464 Sed
1095 1421 1196 1482 quum
1218 1420 1275 1463 ex·
1328 1398 1518 1481 diligentius
1555 1397 1634 1480 quid
1667 1397 1787 1464 talibus
1819 1398 1972 1482 expediat
2002 1419 2232 1481 pernoscamus
2261 1421 2298 1466 ac

302 1488 472 1572 pariamur
493 1505 615 1563 ornnes,
638 1487 877 1550 sanctissimam
900 1505 1034 1550 coenam
1055 1495 1088 1548 et
1109 1484 1201 1548 nulla
1222 1505 1275 1548 ra·
1327 1505 1488 1549 curemus.
1538 1484 1623 1548 Nam
1652 1485 1679 1547 si
1707 1484 1780 1567 quis
1805 1493 1981 1566 rumpatur
2012 1485 2232 1550 concionando
2263 1495 2297 1550 et

302 1573 392 1638 tione
419 1570 652 1654 profanandam
685 1571 841 1636 eeclesiae
873 1571 1133 1634 communionem
1165 1570 1275 1634 offerri
1327 1591 1393 1634 non
1415 1569 1475 1634 hos
1496 1570 1672 1636 conveniat
1693 1579 1726 1633 et
1748 1569 1866 1646 audiat,
1897 1569 1981 1632 nihil
2001 1571 2127 1635 efficiet.
2171 1571 2296 1636 Paulus

303 1657 541 1742 profanissimis
563 1667 596 1720 et
615 1677 742 1720 summe
765 1657 872 1740 impiis
894 1655 1088 1732 homiuibus,
1115 1657 1170 1738 qui
1192 1655 1274 1718 nihil
1327 1676 1392 1718 non
1421 1661 1551 1718 tanturn
1572 1675 1685 1719 omnes
1712 1675 1778 1718 una
1807 1653 1932 1732 docuit,
1959 1675 2073 1720 vorum
2107 1657 2205 1720 etiam
2238 1678 2297 1739 per

303 1749 420 1808 tenent
441 1763 549 1824 nequa
571 1751 695 1806 norunt
717 1741 857 1820 Christi,
881 1761 961 1824 quos
984 1743 1011 1805 si
1033 1741 1124 1823 prius
1145 1741 1274 1805 intincti
1327 1739 1473 1823 singulas
1496 1739 1616 1804 domos.
1661 1741 1825 1804 Existimo
1853 1740 1994 1823 pastoris
2015 1761 2086 1805 esse
2108 1743 2216 1826 gregis
2239 1764 2297 1807 ex·

302 1847 371 1894 non
396 1838 506 1893 essent
532 1848 628 1892 nemo
655 1827 857 1901 admitteret,
892 1827 956 1890 nisi
989 1827 1206 1909 interrogatos
1235 1825 1274 1890 dc
1326 1827 1479 1890 actionem
1502 1823 1622 1890 habere
1644 1844 1766 1903 curam,
1800 1839 1838 1888 ut
1864 1825 2019 1908 singulas,
2047 1841 2206 1909 quantum
2226 1829 2298 1893 fieri

301 1913 375 1990 fide,
399 1912 591 1978 adsacrum
614 1913 796 1978 lavacrum:
825 1913 943 1994 alioqui
965 1913 1135 1994 profanare
1158 1911 1274 1976 merito
1326 1917 1449 1994 potest,
1477 1909 1717 1992 contempletur
1743 1930 1830 1987 oves,
1858 1930 1895 1976 ae
1917 1911 2090 1994 unicuique
2114 1921 2200 1978 reete
2223 1935 2297 1996 pro-

302 1999 465 2066 diceretur
496 2009 736 2064 sacrosanctam
769 1997 895 2062 Christi
931 1999 1184 2074 institutionem,
1204 1997 1274 2079 qui
1326 1997 1449 2078 spiciat,
1471 1995 1557 2060 iusto
1578 2005 1612 2061 et
1632 1995 1748 2060 ordine
1769 2005 1802 2060 et
1824 1993 1929 2074 modo,
1951 2005 1988 2060 ut
1998 2005 2145 2063 errantes
2155 2005 2321 2078 revocet,-

301 2087 349 2149 ita
376 2086 447 2149 sine
475 2083 584 2166 aliqua
611 2083 834 2166 exploratione
863 2081 1073 2166 intingendos
1105 2083 1188 2147 tales
1221 2104 1275 2147 eu·
1326 2081 1489 2164 dispersas
1516 2090 1708 2166 congreget,
1736 2082 1846 2164 sieque
1874 2089 1952 2165 agat
1976 2093 2013 2146 ut
2040 2081 2123 2147 bene
2154 2083 2298 2149 habeant

302 2180 400 2248 reret,
422 2191 487 2234 non
510 2169 630 2233 minori
652 2169 817 2251 religiono,
840 2189 881 2232 ne
903 2167 1008 2233 dicam
1034 2168 1157 2244 maiori,
1181 2189 1273 2232 sane-
1325 2177 1358 2232 et
1379 2189 1479 2232 sanae
1498 2168 1566 2232 sint
1585 2189 1677 2232 oves:
1700 2189 1783 2250 quoe
1809 2167 2028 2251 negligentius
2054 2169 2174 2234 omissa
2193 2169 2296 2234 video.

301 2257 428 2322 tissima
451 2275 551 2320 coena
568 2253 675 2318 danda
696 2255 796 2333 venit,
819 2275 920 2336 aqua
937 2254 1053 2318 merito
1071 2251 1273 2318 excludimus
1325 2254 1400 2318 Non
1422 2254 1517 2336 pauci
1539 2253 1613 2336 plus
1634 2254 1714 2318 satis
1736 2264 1854 2335 putant
1875 2275 1910 2318 se
1928 2253 2041 2318 iecisse
2063 2255 2089 2318 si
2108 2253 2160 2318 vel
2178 2253 2298 2338 frigide

301 2363 382 2424 quos
409 2341 449 2405 ab
474 2340 665 2404 intinctione
692 2361 761 2403 non
788 2361 944 2404 arcemus.
995 2340 1120 2420 Atque,
1147 2347 1186 2402 ut
1213 2359 1274 2422 ego
1326 2338 1453 2404 literam
1486 2339 1674 2404 enarrarint
1705 2346 1835 2404 tantum
1870 2337 2002 2402 Iudaeis
2040 2339 2178 2404 notatis:
2219 2339 2298 2423 quid

301 2429 444 2510 ingenue
470 2427 589 2503 fateor,
618 2424 710 2488 nulla
736 2446 772 2490 re
799 2426 904 2508 magis
932 2445 1036 2508 angor
1061 2425 1184 2502 animo,
1214 2446 1273 2489 neo
1326 2423 1417 2506 plebs
1456 2433 1547 2507 agat,
1588 2433 1626 2488 ut
1658 2423 1766 2502 vivat,
1806 2420 1884 2506 quid
1922 2425 2046 2490 fructus
2079 2435 2223 2508 reportet
2256 2448 2298 2492 ex

302 2510 477 2596 quidquam
510 2513 544 2574 in
577 2510 712 2576 ecelesia
744 2531 805 2592 ago
838 2509 924 2592 quod
951 2510 997 2573 ita
1029 2531 1081 2574 me
1112 2519 1202 2586 arat,
1235 2518 1274 2573 ut
1327 2508 1456 2588 auditis,
1479 2531 1546 2573 non
1569 2517 1691 2574 curant.
1736 2511 1965 2592 Aegrotorum,
1989 2530 2179 2592 pauperum,
2204 2513 2299 2596 igno-

302 2619 421 2664 eoenae
448 2596 696 2662 administratio.
741 2597 797 2661 Mo
817 2605 946 2659 tantum
974 2615 1041 2659 non
1063 2595 1274 2677 perdiderunt
1325 2597 1484 2673 rentium,
1511 2595 1709 2672 iuventutis,
1738 2615 1780 2662 ue
1803 2594 1909 2662 dicam
1934 2597 2095 2674 omnium,
2124 2597 2218 2662 nulla
2239 2598 2299 2662 ha·

303 2684 357 2766 qui
380 2681 493 2746 multis
521 2683 620 2764 aliqui
653 2701 723 2746 esse
743 2679 911 2759 videntur,
940 2679 1001 2744 sibi
1031 2701 1106 2745 vero
1127 2681 1272 2758 maximi,
1326 2679 1489 2746 betur-ab
1517 2680 1569 2744 hia
1598 2679 1697 2744 ratio:
1718 2680 1835 2762 quibus
1856 2678 1958 2763 pudet
1980 2701 2032 2744 me
2054 2689 2183 2746 tantum
2206 2703 2298 2749 aece-

303 2789 383 2852 quos
427 2766 600 2832 studebam
652 2766 801 2832 attollere
846 2775 885 2830 ut
923 2765 1056 2830 Christo
1100 2766 1271 2832 servirent.
1325 2765 1418 2842 dere,
1449 2787 1487 2831 ae
1516 2787 1595 2830 uror
1623 2764 1709 2849 quod
1737 2767 1921 2850 prospicere
1943 2785 2011 2829 non
2034 2767 2165 2848 possim.
2209 2768 2299 2833 Nam

302 2853 429 2918 Verum
452 2852 518 2916 illis
540 2852 623 2917 alius
645 2873 711 2916 non
734 2859 785 2918 est
805 2851 958 2917 Christus
984 2873 1080 2933 quam
1108 2859 1272 2934 quaestus,
1325 2853 1380 2934 qui
1402 2851 1463 2917 hos
1484 2851 1616 2916 nomine
1638 2859 1735 2916 tenus
1761 2862 1907 2934 pastores
1935 2851 2122 2930 andierunt,
2151 2853 2228 2936 plus
2251 2857 2299 2920 eis

302 2938 407 3024 gloria
428 2959 502 3003 eum
524 2938 589 3002 otio
611 2937 786 3020 voluptatis
807 2937 913 3022 pleno.
963 2937 1011 3002 Hi
1034 2945 1099 3002 tam
1122 2938 1273 3020 pcrlunc-
1326 2937 1475 3002 tribuunt
1496 2957 1593 3020 quam
1615 2935 1764 3002 omnibus
1784 2937 1962 3020 scripturis.
2012 2936 2119 3018 Quam
2141 2949 2194 3004 est
2214 2941 2299 3006 mibi

302 3024 385 3090 toria
418 3029 523 3106 agunt
558 3024 666 3087 omnia
698 3043 794 3106 quam
826 3023 891 3088 rasi
923 3022 1001 3087 olim
1034 3043 1109 3088 suas
1142 3023 1272 3088 obmur-
1325 3043 1399 3088 cum
1428 3023 1480 3087 his
1512 3022 1687 3088 molestum
1728 3022 1873 3088 certare?
1928 3021 1997 3088 Sed
2034 3022 2205 3104 Christus,
2241 3027 2299 3108 qui

302 3109 481 3175 murabant
502 3127 628 3191 preces:
657 3109 704 3172 ita
729 3129 863 3174 coenam
895 3115 928 3172 et
962 3107 1188 3172 intinctionem
1215 3129 1273 3172 ex·
1324 3108 1408 3172 mihi
1429 3108 1532 3172 adfuit
1554 3115 1668 3172 eontra
1683 3109 1873 3190 pontificios,
1895 3129 1961 3173 non
1973 3105 2076 3173 deerit
2086 3111 2300 3176 contendenti

301 3195 448 3280 pediunt,
471 3194 530 3259 vix
551 3194 630 3277 ipsis
652 3193 845 3278 denegaturi
865 3193 1009 3271 canibus,
1030 3193 1126 3258 modo
1147 3193 1273 3275 placeat
1324 3203 1362 3258 ut
1383 3193 1497 3276 purius
1526 3203 1560 3258 et
1586 3193 1776 3276 diligentius
1801 3195 1836 3256 in
1864 3193 1999 3260 ecelesia
2025 3201 2093 3258 tam
2120 3205 2236 3262 saneta
2265 3209 2299 3262 et

301 3279 420 3365 populo
448 3299 545 3362 quam
574 3301 590 3344 a
616 3291 677 3344 unt
702 3279 859 3344 subulam:
883 3279 971 3344 aliud
999 3299 1065 3342 non
1087 3287 1165 3361 puto
1188 3279 1272 3343 eius·
1324 3278 1546 3361 suscipiantur
1573 3285 1608 3342 et
1634 3277 1878 3344 distribuantur.
1928 3279 2015 3344 Nam
2043 3277 2160 3344 horreo
2182 3282 2299 3348 videre

302 3366 391 3431 modi
413 3363 553 3430 eredere.
593 3301 693 3430 lianc
715 3365 937 3430 confusionem
958 3363 1111 3429 eeclesiae
1139 3385 1177 3429 aa
1203 3384 1271 3428 om·
1324 3363 1407 3430 tales
1435 3361 1531 3429 hodie
1552 3363 1705 3430 constitui
1725 3373 1881 3446 pastores,
1903 3385 1963 3448 per
1983 3385 2063 3448 quos
2087 3365 2200 3432 omnia
2221 3389 2299 3450 pro-

302 3453 395 3516 nium
430 3450 672 3533 dissipationem
711 3461 923 3532 satanamque
956 3449 1133 3529 malorum,
1171 3469 1272 3532 quum
1324 3449 1487 3514 fanantur.
1531 3449 1636 3514 Taceo
1659 3448 1700 3514 de
1720 3449 1815 3532 plebe
1836 3451 1972 3532 passim,
2000 3471 2100 3532 quum
2128 3453 2164 3515 in
2186 3463 2300 3534 paste-

303 3557 390 3602 nora
420 3535 525 3600 indies
558 3543 727 3618 emergant
759 3534 864 3599 auctis
900 3534 1074 3616 prioribus,
1107 3545 1271 3616 acceptam
1324 3536 1414 3601 ribus
1441 3542 1607 3617 utcunque
1631 3555 1705 3602 oum
1731 3533 1886 3600 iratribus
1913 3534 1967 3599 hic
2000 3545 2211 3619 prospectum
2244 3541 2297 3605 sit

304 3621 373 3686 fero
404 3620 621 3703 profanationi
652 3621 882 3704 mysteriorum
904 3619 986 3698 Dei,
1016 3619 1094 3684 dum
1115 3620 1186 3684 sine
1219 3620 1272 3683 de·
1324 3621 1400 3686 Non
1427 3619 1557 3687 videtur
1586 3619 1783 3705 negligenda
1809 3619 1911 3703 plebs,
1938 3621 2016 3704 quin
2036 3621 2155 3688 melius
2176 3625 2300 3690 forme-

304 3706 392 3772 leetu
420 3707 527 3789 porois
562 3725 599 3770 ao
633 3705 768 3770 canibus
797 3703 1018 3770 obtruduntur
1039 3707 1155 3770 omnia.
1199 3706 1273 3770 Ma·
1325 3716 1379 3771 tur
1410 3715 1443 3771 et
1475 3707 1618 3772 sanetius
1651 3707 1827 3772 conveniat
1859 3719 1892 3771 at
1928 3715 2040 3771 utatur
2071 3715 2140 3772 tam
2171 3711 2300 3776 sanetis

305 3793 465 3878 gistratus
488 3789 646 3872 quomedo
668 3811 703 3855 se
725 3799 818 3874 gerat
839 3791 971 3874 passim,
992 3790 1047 3855 alii
1068 3791 1195 3856 vident:
1219 3790 1273 3856 hio
1324 3791 1499 3876 mysteriis.
1548 3791 1613 3857 Hic
1638 3791 1756 3857 lubens
1784 3813 1893 3856 meum
1921 3791 2012 3857 vobis
2041 3795 2151 3875 aperio
2169 3807 2298 3877 peetus.

327 3877 384 3943 uid
428 3875 648 3942 desideremus
688 3876 781 3960 iuges
824 3876 939 3941 docent
987 3875 1272 3958 expostulationes.
1324 3877 1453 3942 Vellem
1472 3885 1509 3941 ut
1526 3877 1643 3959 plures,
1662 3878 1690 3941 si
1701 3876 1863 3942 Dominus
1882 3877 1982 3956 derret,
2001 3899 2067 3942 una
2077 3889 2301 3948 tractaremus

305 3897 373 4044 bui
392 3963 515 4045 pamas
534 3969 632 4038 tenet,
655 3963 778 4043 primus
790 3980 828 4026 ao
844 3961 1036 4044 praecipuus
1048 3981 1107 4044 per
1117 3961 1274 4026 familiam
1327 3962 1367 4027 do
1389 3963 1451 4042 his,
1474 3962 1624 4028 invocato
1645 3961 1797 4028 Domino.
1841 3963 1973 4028 Interea
1995 3963 2071 4028 boni
2093 3967 2205 4031 omnia
2227 3989 2308 4034 eon·

306 4049 443 4114 offendit
469 4046 648 4125 eeclesiam,
678 4067 738 4112 nee
760 4046 872 4110 dubito
894 4068 964 4111 esse
989 4047 1043 4130 qui
1067 4055 1194 4112 tantum
1217 4068 1274 4129 pa·
1327 4047 1456 4127 eulatia,
1490 4047 1567 4131 plus
1595 4067 1665 4112 rem
1693 4050 1798 4132 ipsam
1831 4058 1864 4113 et
1893 4049 2045 4115 affectum
2077 4050 2307 4134 expendentes

306 4157 381 4198 nem
409 4133 563 4199 auserunt
589 4153 610 4197 a
644 4152 757 4211 coena,
789 4134 924 4198 verbum
957 4153 1062 4216 neque
1095 4143 1276 4214 sequuntur
1327 4155 1424 4216 quam
1442 4155 1525 4216 quae
1546 4133 1630 4198 mihi
1652 4134 1688 4198 in
1711 4135 1762 4199 his
1780 4134 1999 4200 anxietatibus
2017 4132 2180 4201 excidunt
2215 4139 2307 4203 Nam

307 4239 412 4302 neque
433 4217 577 4284 audiunt.
587 4215 616 4302 ⁴)
660 4217 731 4282 Has
770 4217 858 4283 labes
895 4217 1063 4296 ecelesiae,
1093 4239 1135 4282 ne
1167 4227 1275 4300 pestes
1327 4241 1426 4302 supra
1448 4219 1580 4284 modum
1602 4241 1730 4304 gravor,
1754 4229 1788 4283 et
1808 4241 1872 4302 quc
1893 4219 2003 4285 minus
2021 4241 2153 4303 possum
2170 4243 2209 4288 eo
2229 4225 2305 4307 plu·

309 4303 424 4378 dicam,
446 4307 472 4368 si
491 4303 530 4368 dc
548 4303 612 4368 fide
631 4304 723 4386 prius
734 4303 846 4367 liceret
863 4303 1073 4386 interrogare,
1083 4303 1275 4368 haberemus
1327 4305 1417 4370 ribus
1439 4305 1569 4384 obruor,
1591 4317 1629 4370 ut
1649 4305 1709 4371 vix
1730 4317 1844 4389 putem
1872 4304 1968 4370 hodie
1989 4306 2103 4372 vivere
2130 4307 2305 4376 hominem

308 4409 442 4454 eoenam
464 4389 569 4472 magis
603 4387 813 4472 compositam
842 4399 874 4454 et
900 4389 973 4471 plus
1003 4390 1127 4454 tructus
1155 4410 1196 4453 cx
1223 4408 1273 4452 ea:
1327 4391 1420 4455 euius
1441 4411 1513 4456 sors
1534 4392 1577 4456 sit
1598 4391 1823 4456 calamitosior.
1867 4391 1919 4455 Ita
1941 4393 2047 4456 visum
2071 4399 2121 4456 est
2141 4391 2305 4476 Domine,

309 4481 342 4538 et
364 4483 485 4556 quanto
502 4475 702 4558 frequentior
719 4486 812 4550 essct,
836 4493 874 4539 uc
890 4475 994 4538 maior
1011 4473 1276 4557 participantium
1327 4477 1419 4540 euius
1446 4497 1565 4541 nomen
1592 4477 1635 4541 sit
1657 4475 1873 4542 benedictum.
1924 4475 2049 4543 Omnes
2077 4477 2133 4560 qui
2157 4479 2212 4545 hic
2246 4483 2305 4547 do·

308 4579 394 4644 pane
422 4559 555 4622 Domini
583 4561 664 4624 ratio
693 4560 880 4637 haberetur,
909 4569 1000 4623 tanto
1022 4561 1126 4643 magis
1148 4559 1276 4641 experi·
1327 4581 1436 4626 cemus
1458 4583 1516 4628 vos
1537 4561 1747 4640 obtestamur,
1770 4569 1807 4627 ut
1828 4560 2007 4646 dignemini
2033 4585 2093 4628 nos
2120 4563 2306 4633 admonere

309 4663 421 4710 remur
444 4643 618 4708 Dominum
649 4647 828 4722 efficacem,
857 4665 916 4728 per
942 4645 1090 4726 spiritum
1113 4666 1219 4723 strum,
1241 4645 1276 4708 in
1328 4667 1440 4712 eorum
1462 4668 1544 4729 quae
1566 4649 1684 4730 cupitis
1706 4671 1765 4713 nos
1786 4649 1878 4730 sequi
1905 4647 1940 4711 in
1967 4647 2118 4714 Domino.
2168 4649 2307 4718 Intelli-

309 4731 379 4797 suis
414 4729 627 4793 sanctissimis
659 4731 833 4813 mysteriis.
882 4730 978 4794 Nune
1018 4751 1117 4812 quum
1146 4739 1277 4796 vocatus
1328 4733 1413 4816 getis
1443 4755 1522 4798 sane
1553 4755 1652 4816 quam
1684 4734 1769 4817 grati
1801 4754 1914 4816 parere
1952 4733 2185 4800 contendemus
2234 4749 2306 4803 tam

309 4817 364 4882 hie
381 4815 492 4881 omnia
510 4821 577 4876 tam
595 4815 778 4880 inordinata
795 4815 981 4898 repererim,
1003 4835 1040 4880 ae
1057 4837 1174 4899 querar
1190 4816 1277 4900 apud
1329 4817 1421 4884 nobis
1453 4819 1488 4882 in
1516 4817 1648 4884 Obristo
1681 4818 1892 4884 observandis
1923 4820 2077 4885 ecelesiae
2108 4819 2306 4890 luminibus.

326 4956 463 4962 ,...-
1330 4901 1487 4986 Cupimus
1525 4905 1616 4970 vobis
1654 4903 1896 4970 commendatos
1929 4926 1999 4970 esse
2037 4905 2128 4970 varie
2159 4907 2307 4976 afflictos

414 5035 444 5100 ³)
463 5035 556 5089 ium,
574 5063 607 5073 -
624 5033 843 5092 Mamm
864 5035 1006 5105 mn
1028 5037 1111 5094 m
1131 5035 1210 5094 M
1240 5035 1268 5092 Β
1328 4999 1461 5071 propter
1488 4989 1709 5088 evapgelium,
1737 5001 1775 5089 ut
1801 5011 1859 5073 pro
1888 4990 2012 5089 viribus
2041 5011 2095 5057 eos
2122 4990 2307 5064 adiuvetis

310 5099 378 5160 ΠΙ,
394 5103 472 5159 1249.
1210 5076 1217 5092 '
1269 5076 1277 5092 '
1330 5073 1446 5139 Valete
1461 5085 1565 5138 nostrl
1578 5095 1735 5140 memores
1752 5098 1787 5140 ιιι
1805 5085 1924 5141 vestas
1940 5076 2097 5158 precibus.
2134 5077 2308 5148 Dominus

416 5172 444 5240 4)
463 5171 506 5238 Gt.
524 5169 672 5240 Hottc'ayer
688 5169 728 5226 Κ.
746 5171 780 5228 θ.
798 5173 861 5228 111.
880 5171 940 5230 747.
1329 5159 1421 5225 Iesus
1443 5179 1599 5242 prospera
1621 5159 1711 5225 vobis
1734 5163 1844 5226 omnia
1864 5161 1970 5240 iaciat,
1993 5169 2026 5226 et
2047 5183 2126 5228 suae
2143 5165 2309 5234 ecelesiae
