4898 5970
298 273 360 336 103
1065 263 1326 332 nplsuobalc
1350 268 1517 330 546--547
1871 194 1875 224 Ι
2226 267 2287 328 704

297 457 443 524 toribus?
488 456 575 523 Sunt
607 463 717 520 autem
749 453 829 520 haec
862 451 1007 518 modeste
1032 458 1066 516 et
1087 449 1265 534 prudenter
1315 449 1420 534 exigit
1451 449 1603 518 Christus
1635 453 1703 516 sint
1734 453 1900 532 liberiora,
1934 476 1972 520 ea
2006 460 2115 520 menen
2146 452 2219 537 lege
2251 459 2287 518 ut

296 543 468 610 tractanda
489 550 523 608 et
544 539 740 606 vindicanda
761 539 915 606 ecclcsiae
937 536 1077 604 libertas.
1316 534 1546 618 praecludatur
1574 537 1628 602 via
1649 541 1689 602 ad
1719 537 1849 617 ἀταξίαν,
1879 561 1944 622 qua
1970 539 2053 604 nihil
2080 544 2187 622 potest
2216 558 2286 604 esse

381 629 423 692 In
445 627 596 693 divorum
618 625 708 690 feriis
730 623 888 706 quaedam
910 630 990 688 sunt
1011 643 1093 705 quae
1111 622 1168 688 vix
1185 621 1264 689 tole·
1317 620 1470 686 eeelesiae
1500 623 1680 688 nocentius.
1726 623 1867 690 (laneam
1897 633 1998 710 egent
2025 633 2171 690 vestram
2199 623 2287 708 apud

295 715 364 780 rari
380 721 524 796 possunt,
542 709 700 794 quaedam
718 719 828 793 aperte
849 709 1071 791 superstitiosa
1087 705 1266 791 etindigna
1317 706 1512 789 prinoipem:
1548 731 1615 774 non
1649 708 1827 774 accendant
1856 711 1926 774 sins
1955 710 2101 776 animum
2131 709 2287 776 adversus

297 799 476 866 christiana
497 797 640 874 ecclesia,
663 796 853 878 praesertim
872 795 970 859 feriae
987 793 1216 876 Ocnocptionis
1234 801 1267 857 et
1315 791 1535 858 ministerium
1558 803 1718 873 vestrum,
1742 817 1782 860 ne
1804 795 1962 877 spolietur
1983 795 2117 862 ecclesia
2138 817 2196 860 suo
2218 795 2286 860 iure

296 883 539 966 Assumpticnis
567 883 708 957 Mariae,
745 901 827 964 quae
854 879 980 946 nullam
1009 878 1129 944 habent
1156 879 1265 944 imita·
1317 890 1350 940 et
1371 898 1458 942 nova
1480 879 1655 962 tyrannide
1677 883 1888 962 opprimatur.
1920 881 2008 951 Nam
2031 882 2092 948 hoe
2114 902 2179 946 non
2202 886 2286 946 esset

297 971 419 1036 tionem
441 970 560 1035 veteris
582 967 744 1036 ecclcsiae.
1317 963 1526 1046 tyrannidem
1555 975 1587 1028 et
1613 973 1769 1048 papatum
1796 965 1965 1034 sustulisse
1993 965 2050 1034 sed
2078 965 2288 1045 mutasse,si

383 1056 434 1120 De
456 1053 684 1119 tintinnabulis
710 1073 776 1118 non
824 1059 952 1118 utamm
975 1071 1045 1116 esse
1067 1048 1267 1114 contenden-
1318 1048 1476 1114 ministris
1505 1049 1595 1114 nulla
1623 1063 1709 1116 esset
1741 1051 1775 1116 in
1802 1053 1935 1118 ecclesia
1963 1051 2089 1118 Christi
2121 1051 2287 1130 autoritas,

298 1141 385 1207 dum.
426 1139 494 1220 Qui
515 1161 626 1206 eorum
649 1137 768 1202 tinnitu
790 1071 993 1202 dilectantur
1013 1135 1144 1219 pulsent
1166 1155 1266 1216 quen·
1318 1133 1374 1198 sed
1395 1141 1589 1217 cogerentur
1611 1137 1828 1202 caeremonias
1850 1147 1884 1202 et
1901 1137 2104 1220 disciplinam
2122 1137 2287 1203 ecclesias·

297 1234 371 1294 tum
388 1227 506 1304 volent,
529 1227 557 1291 si
574 1247 595 1290 a
611 1223 704 1289 vobis
721 1244 814 1290 secus
831 1221 1021 1304 persuaderi
1039 1241 1104 1286 non
1122 1228 1265 1302 possunt.
1317 1219 1416 1283 ticam
1437 1217 1478 1282 ad
1495 1221 1653 1305 principis
1672 1221 1907 1305 praescriptum
1929 1235 1961 1288 ct
1979 1233 2096 1288 nutum
2115 1225 2286 1306 suscipere.

297 1311 411 1380 Vestri
443 1318 553 1376 tamen
585 1309 649 1376 erit
681 1309 778 1374 cilicii
811 1307 924 1374 docere
954 1305 1032 1390 quid
1061 1305 1267 1370 Christianos
1319 1303 1407 1370 Sunt
1428 1325 1506 1389 ergo
1528 1306 1608 1372 haec
1630 1328 1751 1391 magna
1777 1308 1934 1376 modestia
1955 1319 1989 1374 et
2009 1309 2216 1392 simplicitate
2237 1309 2287 1372 in·

298 1397 423 1474 deeset,
452 1395 579 1478 quaudo
606 1416 640 1462 se
668 1395 782 1460 offeret
803 1395 934 1471 occasio,
962 1392 1061 1474 idque
1086 1391 1203 1469 libere,
1235 1398 1268 1456 et
1319 1388 1457 1455 dicanda
1489 1390 1545 1455 nbi
1575 1411 1609 1457 se
1638 1394 1733 1458 offert
1763 1393 1897 1473 occasio,
1931 1393 1989 1459 sed
2021 1395 2068 1460 sio
2100 1403 2177 1459 sunt
2209 1395 2288 1459 haee

297 1491 441 1566 pugnate
472 1480 628 1548 adversus
660 1479 931 1563 superstitionem.
977 1477 1068 1558 Quae
1101 1476 1221 1560 corrigi
1249 1497 1268 1540 a
1319 1475 1530 1557 temperanda
1555 1485 1593 1542 ut
1622 1499 1690 1542 non
1711 1479 1881 1545 ecclesiam
1902 1501 1923 1545 a
1944 1480 2082 1562 posteris
2109 1479 2289 1562 prodidisse

296 1569 389 1636 vobis
410 1587 477 1634 nou
507 1577 659 1650 poterunt
680 1565 853 1647 relinquite
873 1564 1023 1628 Domino.
1067 1563 1140 1628 Hoc
1162 1562 1267 1626 solum
1319 1562 1392 1626 iure
1425 1564 1549 1628 censeri
1582 1565 1751 1646 possimus,
1784 1586 1890 1648 neque
1923 1587 2054 1630 rursum
2089 1566 2289 1649 principibus

297 1663 411 1721 cavete
430 1673 472 1716 ne
494 1650 571 1735 quid
594 1651 735 1734 probetis
756 1659 958 1733 repugnante
979 1649 1117 1714 veritate
1138 1657 1172 1712 et
1189 1667 1269 1712 sane
1320 1647 1488 1712 affectatae
1520 1649 1592 1734 ini)
1626 1649 1808 1732 tyrannidis
1845 1652 2062 1734 suspicionem
2095 1651 2288 1733 praebuisse.

299 1739 505 1804 conscientia.
1321 1733 1527 1816 Accipiamus
1548 1735 1640 1800 verbi
1660 1735 1724 1800 Dei
1745 1736 1907 1820 regulam,
1939 1759 1957 1800 a
1979 1757 2042 1819 qua
2063 1759 2123 1802 nos
2145 1758 2211 1802 ncn
2233 1758 2289 1819 pa·

385 1823 477 1890 Haec
504 1832 596 1897 sunt,
625 1823 783 1889 carissimi
812 1822 944 1897 fratres,
973 1839 1056 1901 quac
1083 1819 1174 1884 vobis
1202 1838 1268 1882 non
1320 1818 1440 1882 tiamur
1462 1819 1576 1884 abduci
1599 1829 1632 1886 et
1653 1820 1773 1904 abripi:
1803 1821 1889 1887 unde
1907 1822 2071 1906 principes
2093 1831 2128 1888 et
2148 1821 2290 1888 ministri

298 1908 561 1994 praescribimus,
590 1907 647 1973 sed
674 1927 757 1991 quae
785 1907 902 1972 facturi
924 1926 1068 1970 essemus
1091 1905 1119 1968 si
1141 1925 1177 1968 ec
1199 1904 1269 1969 loco
1320 1925 1417 1969 suum
1445 1904 1574 1970 discant
1601 1906 1754 1972 officium.
1799 1905 1896 1972 Absit
1917 1930 1937 1972 a
1958 1908 2050 1973 nobis
2077 1908 2288 1988 contumacia,

298 2015 352 2061 res
374 2002 504 2060 nostrae
525 1993 683 2060 adductae
705 2001 821 2058 essent.
846 1992 921 2056 Non
943 1991 1148 2074 congerimus
1171 2011 1268 2072 argu·
1320 1990 1404 2055 absit
1425 1997 1459 2054 et
1479 1991 1579 2056 nimie
1608 1992 1743 2058 facilitas
1771 1993 1807 2058 in
1835 1992 1933 2058 rebus
1961 1993 2136 2060 novandis:
2168 2015 2208 2059 ne
2230 1994 2290 2057 im·

299 2091 412 2146 mente
433 2081 549 2162 quibus
571 2101 629 2144 vos
651 2099 823 2154 armemus,
847 2087 903 2142 eut
925 2075 1086 2140 diluamus
1108 2096 1190 2156 quae
1215 2096 1268 2140 vo·
1321 2074 1497 2157 prudentes
1524 2099 1657 2142 rursum
1685 2079 1889 2144 Antichristo
1919 2078 2005 2144 viam
2038 2093 2222 2144 sternamus
2250 2075 2291 2144 ad

298 2165 350 2232 bis
366 2165 460 2232 obiici
475 2175 621 2246 possunt,
646 2164 798 2246 quoniam
819 2183 857 2228 ea
874 2161 1066 2243 locupletius
1084 2158 1270 2242 suppeditat
1321 2161 1514 2244 mysterium
1536 2161 1729 2246 iniquitatis,
1752 2164 1837 2230 sicut
1860 2165 2024 2230 veteribus
2045 2165 2200 2231 accidisse
2221 2165 2290 2248 ipsa

299 2251 392 2320 vobis
414 2249 547 2332 spiritus
573 2249 630 2314 ille
650 2249 812 2323 coelestis,
843 2255 877 2312 et
898 2245 1062 2312 assiduum
1091 2245 1270 2328 scripturae
1320 2269 1379 2312 nos
1397 2267 1507 2311 rerum
1525 2249 1726 2330 experientia
1744 2249 1843 2314 docet
1866 2249 2066 2332 Experimur
2084 2251 2171 2316 enim
2189 2271 2291 2334 quan·

299 2357 411 2402 sacrae
433 2333 587 2408 studium,
610 2335 727 2416 reliqui
750 2333 888 2414 denique
909 2333 974 2398 viri
996 2333 1041 2414 pii
1059 2353 1136 2414 quos
1155 2353 1269 2396 consu·
1320 2341 1392 2396 tum
1420 2333 1611 2416 excogitatis
1634 2356 1653 2399 a
1674 2357 1709 2400 se
1731 2335 1942 2401 caeremoniis
1971 2337 2174 2417 profecerint
2218 2335 2292 2400 Non

299 2421 377 2487 litis.
399 2421 492 2486 Haec
510 2420 615 2486 solum
633 2419 675 2483 ad
692 2419 910 2486 vosscribere
933 2417 1105 2495 voluimus,
1130 2429 1269 2500 atquae
1320 2419 1443 2482 frustra
1476 2419 1653 2501 appellavit
1684 2420 1848 2502 apostolus
1884 2423 2078 2506 mysterium
2110 2421 2291 2504 iniqnitatis

300 2514 387 2572 esset
415 2517 526 2570 nostra
553 2505 718 2570 sententia
745 2504 986 2586 intelligeretis,
1017 2513 1187 2585 postquam
1209 2523 1269 2568 nos
1321 2503 1519 2570 Antichristi
1551 2525 1647 2588 opus:
1681 2525 1759 2570 nam
1789 2506 1944 2572 occultius
1972 2515 2022 2572 cst
2051 2527 2147 2590 quam
2173 2514 2210 2570 ut
2238 2505 2291 2571 vel

300 2589 416 2674 dignos
442 2588 609 2655 iudicastis
630 2611 650 2654 a
671 2590 789 2672 quibus
810 2589 980 2655 consilium
1010 2590 1176 2671 peteretis:
1206 2609 1270 2670 quo
1322 2589 1519 2655 sanctissimi
1541 2589 1783 2673 deprehendere
1805 2601 1932 2676 queant.
1967 2589 2034 2658 Sed
2056 2593 2147 2675 prius
2168 2590 2290 2656 radices

300 2677 427 2742 aunam
449 2682 516 2740 tam
538 2677 651 2740 iuvere
678 2697 858 2757 possemus,
885 2673 1045 2756 quemad
1067 2673 1100 2738 id
1122 2683 1270 2757 prompto
1323 2677 1392 2758 agit
1424 2683 1456 2740 et
1488 2675 1617 2742 fructus
1649 2675 1798 2758 producit
1829 2698 1905 2744 suos
1945 2699 2044 2760 quam
2076 2675 2294 2744 animadverti

301 2782 416 2828 sumus
444 2761 554 2826 animo
576 2769 611 2825 et
631 2761 808 2826 voluntate.
852 2760 925 2826 Hoc
951 2761 1085 2843 insuper
1111 2759 1270 2840 addimus,
1322 2761 1425 2844 possit
1446 2783 1466 2826 a
1487 2763 1589 2828 nobis.
1611 2763 1791 2845 Postquam
1812 2771 1922 2830 autem
1945 2763 2046 2828 semel
2067 2763 2208 2830 invaluit
2228 2783 2295 2828 non

300 2845 406 2914 videri
429 2847 521 2912 nobis
542 2846 833 2925 consultissimum,
855 2853 893 2910 ut
913 2867 972 2928 per
994 2846 1036 2910 D.
1060 2845 1218 2910 Buceram
1239 2853 1272 2910 ct
1322 2847 1417 2913 facile
1438 2846 1574 2912 tollitur.
1609 2847 1794 2931 Sequemur
1815 2870 1892 2933 ergo
1914 2849 2124 2932 apostolicam
2147 2848 2296 2932 regulam

300 2931 442 3015 reliquos
462 2932 533 3014 pios
555 2954 592 2998 ac
614 2931 723 2998 doctos
741 2933 840 3008 viros,
862 2953 944 3014 quos
961 2930 1053 2998 vobis
1070 2939 1271 3016 compertum
1323 2941 1357 2997 et
1379 2931 1648 3011 moderationem,
1670 2955 1735 3016 qua
1756 2934 1876 3000 otiosas
1897 2943 1931 3000 et
1952 2955 2054 3000 vanas
2074 2935 2296 3000 caeremonias

301 3025 353 3084 est
369 3017 477 3082 velere
498 3017 606 3100 gratia
627 3025 659 3082 et
682 3019 854 3082 autoritate
876 3016 963 3100 apud
985 3037 1039 3084 eos
1061 3017 1118 3100 qui
1134 3017 1272 3099 principi
1323 3018 1523 3096 reiioiamus,
1554 3019 1651 3084 utiles
1673 3040 1752 3086 vero
1774 3041 1812 3086 ac
1833 3021 2034 3086 necessarias
2054 3028 2087 3086 et
2111 3019 2209 3086 verbo
2231 3017 2296 3086 Dei

300 3114 379 3172 sunt
400 3125 420 3168 a
441 3103 598 3180 consiliis,
621 3113 654 3168 et
675 3124 811 3186 quorum
832 3121 933 3168 suasu
955 3100 1142 3168 huiusmodi
1164 3122 1272 3167 caere·
1323 3124 1483 3170 consonas
1505 3103 1648 3170 studiose
1669 3105 1820 3172 colamus.
1844 3105 1971 3184 Valete,
1989 3105 2150 3172 carissimi
2168 3107 2296 3171 fratres.

299 3189 428 3256 monice
455 3189 488 3252 in
518 3197 643 3256 vestras
672 3189 822 3254 ecclesias
851 3195 1110 3270 comportentur,
1146 3199 1183 3252 ut
1209 3189 1272 3271 ipsi
1324 3189 1522 3255 Lausannae
1544 3193 1563 3254 3
1586 3191 1667 3258 Maii
1693 3197 1782 3258 1544.

300 3275 386 3342 serio
408 3273 692 3356 admoneantur,⁴)
715 3283 752 3338 ut
773 3275 927 3340 maiorem
948 3273 1091 3340 habeant
1112 3273 1272 3340 rationem

301 3359 550 3435 aedificationis,
591 3381 686 3425 verae
718 3359 972 3438 reformationis,
1005 3379 1042 3422 ao
1074 3360 1272 3424 infirmitatis

301 3466 413 3512 corum
442 3443 499 3527 qui
525 3465 638 3510 recens
661 3443 793 3510 Christo
821 3453 1026 3510 accesserunt
1059 3453 1092 3508 et
1112 3445 1273 3510 accessuri

301 3538 390 3606 sunt,
412 3551 549 3612 quorum
566 3530 762 3595 infirmiores
779 3537 856 3597 sunt
872 3530 983 3608 animi,
1005 3549 1103 3612 quam
1119 3531 1174 3612 qui
1192 3530 1274 3595 citra

300 3615 534 3700 gravissimum
555 3615 786 3680 offendiculum
807 3623 932 3680 tentam
955 3615 1167 3680 mutationem
1189 3616 1273 3682 ferre

303 3707 433 3784 queant
457 3700 671 3766 Meminerint
693 3706 861 3782 praeterea
882 3708 1042 3784 quantum
1059 3721 1187 3783 semper
1204 3709 1271 3766 tur-

302 3785 413 3852 barint
423 3785 575 3850 ecelesias
589 3785 699 3852 studia
717 3787 1003 3864 caeremoniarum,
1022 3793 1143 3868 quanta
1159 3808 1272 3852 aarum

302 3872 402 3938 inerit
423 3871 556 3936 libertas
577 3871 613 3936 in
635 3873 739 3936 veteri
767 3871 917 3948 ecclesie,
940 3872 1006 3938 illis
1029 3874 1126 3936 etiem
1149 3882 1272 3954 tempo·

303 3958 395 4023 ribus
416 3956 533 4039 quibus
550 3978 589 4022 ea
605 3959 671 4023 iam
688 3957 761 4039 plus
778 3958 880 4022 nimio
896 3955 1081 4022 istiusmodi
1102 3957 1274 4024 servilibus
1772 3983 1835 4054 547

304 4043 456 4108 oneribus
484 4041 536 4127 (ut
556 4043 733 4126 Augustini
755 4043 865 4108 verbis
882 4043 1029 4127 utamur)
1057 4043 1272 4125 premebatur.
1836 4031 1845 4056 ’

304 4127 445 4193 veniunt
462 4129 497 4192 in
518 4136 661 4193 mentem
683 4149 767 4212 quae
788 4127 849 4194 hac
871 4126 911 4192 de
933 4149 968 4192 ro
991 4129 1112 4211 scripte
1134 4135 1213 4194 sunt
1234 4127 1275 4192 ab
1328 4137 1562 4206 GALVINUS
1593 4139 1832 4207 mmspffls
1862 4140 2307 4212 Moyssspffifflnqy.

300 4213 441 4280 Irenaeo
469 4213 510 4278 ad
531 4213 699 4280 Victorem
732 4223 766 4280 et
795 4214 831 4278 in
859 4214 1085 4280 ecclesiasticis
1114 4213 1273 4281 historiis:
1741 4242 1884 4310 SIBUS·

304 4319 348 4364 ne
369 4297 562 4366 scindantur
583 4299 737 4366 ecclesiae
759 4308 816 4364 aut
837 4319 968 4382 pessum
991 4309 1066 4363 eant
1087 4300 1128 4364 ob
1150 4319 1205 4365 eas
1222 4321 1276 4364 res

304 4405 387 4466 quae
408 4385 491 4450 citra
513 4383 717 4466 dispendium
739 4385 852 4484 abesse
869 4394 1014 4467 possunt.
1029 4385 1110 4483 'Hoc
1127 4394 1276 4469 urgeant,
1413 4412 1533 4478 [gemm
1554 4433 1658 4478 mm
1679 4417 1801 4482 ,mimos
1820 4415 1942 4495 may,
1963 4436 2001 4482 ,w
2021 4415 2083 4482 διὰ·
2105 4424 2217 4484 mm
2236 4441 2312 4488 m,

302 4475 344 4536 ut
360 4491 444 4552 qnae
461 4469 502 4534 ad
520 4491 631 4569 veram
651 4477 885 4569 poenitentiam
907 4477 939 4534 ct
956 4491 1180 4568 remissionem
1202 4491 1275 4554 pec·
1327 4498 1490 4564 mengum
1505 4499 1570 4564 „pm
1584 4499 1657 4578 ,qm
1671 4503 1847 4581 pagam
1869 4502 1954 4568 ,im
1968 4501 2103 4582 yrgvopw
2120 4509 2178 4570 aug
2196 4525 2313 4589 W„

299 4563 453 4621 ceterum
474 4563 638 4637 pertinent
660 4578 726 4622 non
743 4563 945 4634 omittantur,
968 4555 1094 4639 relique
1111 4577 1193 4639 quae
1210 4578 1276 4622 non
1327 4583 1466 4648 ,ymas
1476 4587 1691 4665 mmmm,
1708 4588 1891 4652 mmm
1902 4587 2095 4653 mmmm
2112 4591 2314 4672 papum„

309 4731 336 4740 q,
351 4729 512 4738 *—
1328 4668 1462 4736 elem.
1513 4669 1573 4736 Ubi
1588 4675 1701 4736 camec
1724 4671 1897 4737 Latiarum
1924 4675 2029 4756 obeam
2049 4674 2088 4739 ob
2110 4677 2313 4744 msedamm

654 4829 659 4841 Ι
979 4827 984 4839 ,
1272 4829 1278 4840 ,
1329 4755 1566 4836 temperantia
1586 4757 1733 4824 sindual.

408 4829 438 4890 4)
461 4827 540 4897 stod
562 4829 705 4883 comatam
727 4833 860 4898 sequace
881 4843 938 4882 csse
955 4827 1064 4882 cedam
1084 4828 1234 4895 Tceecuus,
1252 4844 1277 4882 ss
1573 4887 1578 4896 ,

345 4913 377 4951 “⁶
393 4903 514 4978 ”afim
531 4897 694 4952 flamm*
710 4904 736 4952 ‘l
752 4899 852 4966 ΜΝ
866 4898 985 4978 ,(Βῒθιῑΐῑ
1003 4897 1047 4978 Ῑ,Ῑ-
1067 4896 1276 4978 135llfflssflq·
1328 4907 1424 4976 (Manu
1446 4911 1548 4979 scripte
1569 4928 1624 4964 non
1648 4915 1755 4971 exstat.¹
1779 4911 1862 4966 Edita
1879 4919 1922 4970 est
1938 4931 1954 4966 a
1971 4913 2041 4967 Besa
2058 4913 2088 4966 in
2105 4933 2156 4986 snp
2179 4917 2314 4974 lamentis

341 4981 369 5045 r!
390 4967 457 5020 W
474 4971 499 5020 ‘l
515 4981 573 5020 ’¹⁰2³
589 4965 628 5020 “d
644 4983 671 5020 α·
691 4965 766 5046 Ῑρ43·
802 4965 911 5047 ⁸⁰¹3&
928 4967 1073 5046 ΒΜΜ
1095 4966 1166 5020 “M
1189 4967 1278 5046 illyr&
1397 4977 1498 5032 Gener.
1516 4975 1593 5041 1576,
1611 4996 1637 5048 p.
1654 4969 1714 5034 lac.
1750 4977 1854 5036 Ohcuct
1871 4999 1897 5052 p.
1911 4977 1971 5036 590.
2006 4985 2096 5038 Amet.
2114 5001 2141 5054 p.
2157 4933 2246 5056 ζῶ.)

302 5033 548 5113 ῃιιΔιιριιιιιιᾶτο
571 5041 653 5090 cumr
671 5035 731 5101 [ιιιι
746 5040 778 5090 at
790 5050 860 5103 pecs
874 5041 971 5104 poam
989 5035 1124 5115 meret,
1142 5050 1177 5088 ae
1193 5051 1278 5090 armes
1665 5085 1669 5093 .

301 5105 601 5238 mmmm,
619 5109 651 5159 ut
667 5103 708 5160 ait
724 5103 776 5172 ube,
792 5119 847 5173 pro
860 5103 969 5173 piacita
985 5120 1147 5174 mapumam
1163 5103 1277 5178 diceet.
1325 5171 1460 5238 ¹5)
1512 5109 1534 5116 ““

351 5185 383 5241 02¹
410 5211 434 5227 ,.
1479 5187 1531 5226 Μ·
1657 5179 1659 5186 '

1825 3312 1946 3376 Vester
1973 3331 2015 3376 ex
2041 3313 2151 3378 animo

1848 3397 1968 3463 Petrus
1985 3397 2121 3464 Viretus

1682 3479 1879 3566 reliquorum
1903 3485 2041 3546 fratrum
2064 3485 2120 3565 qui
2142 3483 2197 3553 hic
2219 3491 2300 3551 sunt

1802 3568 1933 3634 nomine
1952 3577 1988 3640 ⁴et
2009 3589 2180 3635 consensu.
