4888 5966
175 323 236 388 avt
1006 323 1085 390 1541
1108 321 1335 392 aarum.
2109 331 2174 396 att

174 510 321 576 tiainter
335 509 490 592 quosdam
501 511 619 576 fratres
629 511 761 594 agitari:
784 529 848 592 qua
864 511 947 574 inre
962 530 1016 575 eos
1033 511 1150 574 fratres
1200 513 1295 577 utin
1324 509 1591 594 promissionibus
1619 519 1654 576 et
1679 512 1937 578 exhibitionibus
1965 534 2076 580 rerum
2102 537 2171 582 non

174 616 234 680 per
244 595 417 660 Christum
434 615 513 680 rogo
533 603 567 660 et
584 595 706 674 hortor,
724 605 762 662 ut
778 617 818 660 ea
838 595 1048 678 inquisivisse
1069 595 1149 660 satis
1200 596 1394 674 visibilium,
1424 615 1506 678 quae
1533 605 1612 661 sunt
1638 599 1750 681 magni
1777 598 1949 678 momenti,
1976 608 2011 665 et
2031 621 2172 684 quarum

174 681 307 758 duoant,
329 701 412 764 quae
429 701 467 746 eo
488 681 620 759 faeiunt,
643 689 680 746 ut
691 701 787 746 earne
798 679 922 746 Christi
944 687 978 744 et
988 681 1147 765 sangnine
1200 682 1350 766 eupimas
1378 680 1430 747 vel
1456 681 1704 763 promissionem
1730 684 1784 748 vel
1810 684 2045 750 exhibitionem
2072 707 2171 768 quam

173 787 254 832 vere
276 775 465 849 pascentur,
495 766 557 834 hoe
578 778 644 845 est,
673 775 710 832 ut
735 767 770 832 in
793 765 921 832 Christo
943 766 1058 832 vivant
1079 765 1149 849 ple·
1200 766 1396 850 gravissime
1417 767 1532 845 faeere,
1559 767 1655 852 signo
1675 789 1804 852 semper
1825 769 2037 836 exhibeamus
2058 771 2171 838 visibi-

173 853 257 930 nins‚
281 859 317 916 et
337 852 431 917 illum
452 851 677 918 viventemin
699 853 1088 936 sepotentiussentiant,
1116 859 1150 916 et
1199 851 1254 918 lia.
1297 853 1351 917 Ita
1374 863 1412 916 ut
1444 852 1516 917 fieri
1544 852 1694 920 videmus
1723 855 1758 919 in
1790 857 1920 940 magnis
1951 856 2169 940 emptionibus

173 939 264 1004 omni
278 938 348 1004 vite
358 937 518 1020 prolixius
527 938 746 1020 explieentad
758 938 933 1021 proximos.
958 935 1051 1018 Quae
1062 936 1148 1020 apud
1199 949 1234 1003 et
1254 936 1508 1016 venditionibus,
1542 939 1622 1005 aetia
1650 949 1683 1004 et
1708 939 1904 1019 foederibus,
1934 941 2169 1025 oollationeqne

173 1044 235 1089 nos
258 1022 300 1088 de
328 1023 390 1088 hoe
417 1024 575 1108 mysterio
607 1024 733 1088 a'tata
763 1023 908 1106 quaestio
937 1033 1001 1101 est,
1036 1021 1148 1088 damni
1199 1043 1395 1107 magnarum
1424 1021 1621 1108 dignitatum
1648 1034 1681 1090 et
1708 1033 1914 1108 potestatum.
1969 1025 2060 1092 Deus
2091 1049 2169 1111 ergo

174 1109 270 1174 nobis
285 1108 380 1258 gedit
396 1108 584 1192 plurimum.
619 1045 729 1190 &aare
746 1109 798 1174 vel
816 1115 928 1174 nostro
946 1107 1032 1172 malo
1050 1107 1147 1187 docti,
1199 1109 1256 1192 qui
1276 1129 1336 1174 sua
1354 1109 1440 1174 inter
1460 1129 1520 1175 nos
1548 1109 1603 1193 agi
1624 1110 1698 1176 vult
1718 1132 1817 1194 quam
1837 1111 2031 1195 gravissime
2059 1121 2092 1177 et
2116 1133 2169 1178 ar·

175 1203 262 1262 artes
309 1193 340 1260 io
362 1192 506 1260 Satanae
533 1192 720 1278 diligentius
742 1215 858 1260 oavore
880 1192 1012 1260 debetis.
1055 1193 1148 1262 Haeo
1201 1193 1406 1273 dentissime,
1433 1202 1521 1260 reete
1547 1203 1580 1260 et
1607 1195 1756 1280 symbola
1784 1205 1818 1261 et
1846 1217 1929 1279 quae
1957 1217 2015 1280 pro
2036 1198 2168 1282 ingenio

175 1279 285 1354 doeuit
295 1279 457 1346 Dominus
478 1278 565 1345 olere
587 1289 733 1345 nostram
750 1301 882 1346 earnem
900 1289 934 1344 et
954 1279 1146 1363 sanguinem
1198 1287 1312 1344 nostro
1330 1279 1372 1344 ad
1390 1277 1596 1345 excitandum
1614 1289 1649 1346 et
1662 1281 1932 1347 inflammandum
1949 1283 2075 1348 animos
2091 1303 2168 1349 eon·

175 1365 271 1450 regni
292 1363 357 1430 Dei
384 1365 620 1430 haereditatem
649 1385 716 1430 non
748 1387 843 1448 posse
872 1366 1052 1448 pereipere:
1086 1365 1147 1431 hoo
1199 1365 1393 1430 sideratione
1428 1373 1463 1429 et
1492 1373 1607 1431 saneta
1633 1366 1810 1448 eupiditate
1842 1366 2002 1433 donorum
2035 1389 2169 1434 suorum

176 1459 235 1530 est,
260 1451 438 1528 iustitiam,
466 1457 500 1516 et
520 1450 625 1516 vitam
647 1459 821 1516 aeternam.
867 1449 936 1516 Sua
957 1451 1068 1533 itaque
1088 1471 1148 1515 no·
1198 1451 1347 1528 valeant,
1382 1449 1529 1516 adhiberi
1553 1451 1587 1516 in
1614 1451 1811 1518 exhibitione
1842 1451 1999 1518 donorum
2034 1474 2168 1520 suorum

175 1535 226 1604 bis
253 1555 351 1602 earne
378 1544 411 1600 et
437 1537 597 1620 sanguine
624 1557 706 1620 opus
734 1555 818 1604 esse:
848 1536 964 1618 quibus
997 1536 1052 1619 qui
1080 1557 1146 1600 non
1198 1536 1312 1602 voluit
1356 1534 1446 1600 Hine
1466 1544 1501 1600 et
1526 1536 1605 1620 ipse,
1628 1545 1666 1602 ιιι
1692 1539 1849 1604 sanitates
1870 1539 2077 1622 impositione
2098 1560 2167 1604 ma·

175 1623 328 1708 paseitur,
351 1641 426 1686 eum
450 1621 551 1686 vitam
569 1623 603 1686 in
621 1643 656 1688 se
677 1620 796 1687 hebere
817 1623 966 1704 nequire:
989 1621 1046 1704 qui
1067 1641 1146 1686 vero
1198 1643 1311 1698 nuum,
1336 1619 1520 1704 digitorum,
1542 1622 1629 1706 sputi
1648 1623 1796 1689 linitione
1818 1624 1872 1690 vel
1894 1633 2035 1702 ettaetu,
2065 1625 2168 1690 itaet

176 1727 309 1776 earnem
336 1707 421 1774 hano
448 1706 530 1786 edit,
567 1716 599 1771 et
626 1709 819 1791 sanguinem
842 1706 939 1786 bibit,
968 1707 1056 1774 hune
1077 1707 1146 1772 vie-
1198 1705 1456 1772 benedietionem
1495 1708 1700 1790 impositione
1737 1729 1911 1786 manuum,
1950 1723 1984 1775 et
2016 1711 2168 1793 spiritum

176 1800 287 1859 turum
308 1794 343 1857 in
364 1800 541 1872 aeternum,
564 1793 639 1876 quia
659 1815 852 1860 mansurum
873 1793 909 1858 in
930 1793 1015 1876 ipso,
1044 1797 1078 1858 et
1098 1793 1147 1874 ip-
1198 1802 1348 1858 sanetum
1369 1794 1463 1870 flatu,
1492 1801 1526 1858 et
1547 1815 1664 1878 eorpus
1692 1803 1726 1860 et
1747 1797 1940 1880 sanguinem
1962 1816 2058 1861 suum
2080 1816 2166 1878 pane

177 1900 250 1946 snm
274 1877 463 1944 habiturum
492 1887 681 1944 manentem
707 1879 743 1944 in
771 1900 815 1945 se.
859 1878 956 1944 Hane
977 1899 1054 1942 vero
1077 1897 1146 1943 ear·
1198 1887 1232 1942 ot
1249 1879 1325 1944 vino
1337 1877 1496 1961 praebuit,
1513 1900 1652 1962 suosque
1669 1880 1765 1946 iussit
1775 1881 1975 1946 ablutionem
1994 1881 2167 1948 coelestem

177 1985 253 2030 nem
275 1971 309 2028 et
330 1963 418 2029 hune
440 1963 635 2048 sanguinem
667 1963 745 2030 dare
766 1963 964 2030 vescendum
983 1971 1017 2028 et
1038 1961 1147 2028 biben-
1198 1985 1264 2044 qua
1294 1983 1528 2047 regeneramur
1560 1965 1717 2031 tinetione
1750 1967 1803 2031 vel
1836 1967 2022 2050 aspersione
2053 1987 2166 2049 aquae,

178 2049 269 2128 dum,
298 2057 331 2114 et
351 2049 450 2114 verbo
478 2049 610 2133 quidem
632 2060 665 2114 et
685 2049 897 2132 singulariter
917 2048 1072 2134 symbolis
1094 2070 1146 2114 sa·
1199 2049 1355 2114 sanitates
1381 2057 1415 2114 et
1443 2049 1701 2116 benedietionem
1727 2052 1929 2133 spiritualem
1957 2060 2167 2134 potestatem-

177 2155 251 2202 orae
278 2133 503 2200 eucharistiae.
556 2135 683 2201 Panem
710 2136 799 2200 enim
831 2156 928 2217 quem
956 2135 1145 2218 frangimus,
1199 2155 1263 2217 que
1280 2134 1364 2200 saeri
1381 2135 1555 2200 ministerii
1573 2137 1769 2221 imponendo
1786 2158 1903 2204 manus
1920 2138 2074 2204 eonferre.
2111 2137 2166 2202 Ad

176 2241 241 2286 non
263 2220 359 2302 panis
380 2227 518 2300 tentum,
542 2221 599 2286 sed
620 2223 717 2286 etiam
739 2221 881 2303 eorporis
898 2221 949 2286 sui
967 2241 1038 2286 osse
1059 2241 1147 2286 eom·
1199 2219 1340 2285 eundem
1359 2220 1492 2285 modum
1521 2222 1591 2305 egit
1617 2231 1651 2287 et
1676 2244 1750 2289 eum
1771 2223 1891 2307 populo
1914 2224 2025 2289 veteri
2069 2223 2167 2288 Hane

176 2305 440 2384 munioationem‚
462 2315 496 2370 et
512 2305 644 2372 ealioem
662 2306 843 2392 gratiaram
861 2305 997 2372 aetionis
1014 2305 1147 2390 sangui·
1198 2306 1308 2388 itaque
1338 2311 1463 2370 tentam
1502 2307 1605 2388 patris
1637 2316 1671 2372 et
1703 2309 1852 2392 magistri
1883 2311 1987 2374 nestri
2018 2309 2167 2374 eoelestis

175 2391 229 2458 nis
249 2392 316 2470 sui,
344 2412 412 2456 non
439 2391 510 2458 vini
536 2401 673 2458 tantum.
724 2391 821 2458 Unde
847 2391 1007 2475 praebens
1027 2411 1147 2475 panem
1198 2389 1322 2456 Christi
1351 2396 1584 2476 φιλανθρωπίαν
1609 2394 1642 2458 in
1669 2415 1731 2460 usu
1758 2415 1924 2460 saerorum
1945 2393 2167 2479 symbolorum

176 2476 275 2542 dixit:
298 2477 445 2560 Aooipite
464 2485 497 2541 et
517 2477 720 2556 mandueata,
742 2478 804 2543 hoe
823 2486 873 2543 est
888 2498 1005 2560 eorpus
1026 2497 1145 2542 meum.
1198 2478 1252 2558 pie
1273 2477 1475 2559 excipiamus
1496 2487 1529 2542 et
1546 2479 1781 2556 exosculamur,
1804 2501 1872 2544 non
1888 2481 2076 2545 euriosieet
2093 2499 2167 2562 pro·

175 2561 295 2642 Bibito,
318 2561 372 2628 hie
394 2571 444 2628 est
465 2563 598 2647 sanguis
615 2585 715 2629 mens.
759 2563 848 2628 Vere
869 2563 957 2628 enim
975 2583 1058 2646 pane
1075 2583 1147 2628 eor·
1198 2562 1283 2626 fanis
1304 2561 1547 2644 quaestionibus
1568 2565 1765 2631 eontumelia
1787 2565 1976 2632 afficiamus.
2021 2563 2166 2648 Spiritus

174 2668 253 2731 pus,
282 2649 358 2714 vino
379 2649 572 2732 sanguinem
601 2671 699 2716 suum
725 2647 823 2714 dabat
843 2649 878 2713 in
906 2648 1015 2714 eibum
1036 2655 1069 2714 et
1089 2667 1147 2730 po·
1197 2653 1330 2712 sanetus
1350 2667 1410 2731 per
1420 2648 1561 2714 Paulum
1582 2657 1616 2714 et
1637 2651 1718 2716 alios
1738 2651 1899 2734 apostolos
1920 2649 2054 2716 tradidit
2074 2651 2168 2716 nobis

175 2741 247 2798 tum
268 2753 337 2798 non
365 2735 549 2818 periturum
578 2734 719 2814 ventris,
748 2733 805 2800 sed
833 2733 1001 2799 vivifieum
1028 2732 1147 2798 mentis
1198 2732 1285 2814 quod
1302 2731 1350 2796 illi
1372 2736 1757 2815 aeoeperantaDomiuo.
1791 2737 1978 2802 Hieautem
1999 2736 2167 2802 institutu-

175 2819 316 2902 indeque
338 2825 372 2884 et
392 2819 492 2885 totius
513 2819 663 2886 hominis.
702 2821 748 2884 At
769 2819 940 2884 eoelestem
962 2829 1087 2884 tamen:
1111 2817 1146 2880 in
1198 2838 1257 2882 rus
1278 2815 1340 2882 hoo
1361 2819 1554 2902 mysterium
1571 2819 1744 2903 disoipulos
1762 2841 1838 2888 suos
1856 2822 1918 2888 sibi
1939 2819 2091 2886 adiunxit
2111 2822 2168 2904 qui
2271 2859 2279 2876 ι

175 2903 273 2971 eoelis
295 2906 384 2970 enim
405 2914 454 2970 est
475 2913 508 2970 et
529 2915 642 2970 manet
661 2905 835 2980 Dominus,
857 2904 890 2970 id
914 2916 973 2982 est,
1002 2904 1036 2968 in
1058 2905 1146 2968 inae·
1198 2901 1305 2966 adhue
1326 2902 1533 2968 seetabantur
1560 2911 1594 2968 et
1622 2905 1789 2972 doetrinae
1811 2908 1882 2972 eius
1909 2907 2045 2972 studiosi
2067 2905 2167 2972 habe-

175 3010 267 3056 oessa
289 2991 392 3073 patris
414 2989 518 3076 gloria
539 3010 622 3074 quae
642 2989 732 3056 nullo
754 2990 823 3056 loeo
840 2989 955 3054 mundi
978 2989 1146 3072 alligatur:
1198 2987 1326 3052 bantur.
1358 2987 1432 3054 Hoe
1452 3009 1511 3054 nos
1533 3009 1609 3055 vere
1630 3011 1701 3056 esse
1723 2991 1920 3069 studeamus,
1944 3013 2002 3058 nee
2024 2992 2104 3058 alios
2125 2991 2169 3058 ad

175 3075 254 3160 quia
274 3075 332 3142 ille
352 3075 512 3142 mundum
539 3075 671 3160 reliquit
698 3083 732 3140 et
760 3073 801 3140 ad
827 3083 954 3158 patrem
980 3075 1014 3140 iu
1044 3075 1146 3139 vitam
1198 3072 1279 3137 haee
1298 3074 1455 3158 mysteria
1481 3073 1707 3154 admittamus,
1735 3075 1814 3140 dum
1865 3098 1941 3142 ones
1967 3098 2027 3143 nos
2054 3097 2168 3142 eorum

175 3161 349 3230 eoelestem
371 3162 531 3238 transivit,
553 3163 616 3228 hoo
637 3169 696 3240 est,
719 3161 936 3228 conditionem
957 3160 1056 3225 huius
1078 3179 1147 3224 sae-
1198 3158 1436 3224 administratio
1457 3160 1569 3226 fuerit:
1605 3181 1671 3226 non
1692 3162 1800 3227 minus
1852 3183 1943 3228 emus
1964 3182 2097 3246 operam
2119 3171 2168 3226 ιιι-

174 3247 241 3312 ouli
263 3247 365 3326 exuit,
387 3255 420 3311 et
440 3247 579 3330 gloriam
607 3268 705 3330 quam
733 3247 772 3312 ab
800 3246 893 3311 initio
920 3245 1034 3310 habuit
1054 3266 1146 3328 repe·
1198 3265 1284 3323 men,
1297 3253 1345 3309 ιιι
1363 3265 1445 3327 quos
1465 3245 1557 3323 huet,
1584 3245 1654 3311 eins
1676 3267 1770 3312 veros
1791 3245 1965 3329 diseipnlos
1993 3248 2167 3312 faciamus:

174 3333 245 3412 tiit,
273 3332 397 3416 inqua
426 3339 535 3398 temen
564 3340 598 3398 et
622 3331 675 3399 hie
703 3354 778 3398 eum
807 3332 875 3398 suis
903 3339 953 3397 est
980 3352 1083 3415 usque
1105 3329 1146 3395 ad
1198 3329 1232 3395 id
1253 3331 1282 3395 si
1304 3351 1503 3413 nequeamus
1524 3332 1609 3396 nihil
1630 3329 1780 3398 detrahet
1802 3333 1910 3410 nobis,
1939 3333 1968 3398 si
1989 3331 2046 3395 alii
2067 3331 2168 3396 etiam

174 3417 488 3484 eonsummationem
516 3418 615 3484 huius
643 3418 778 3486 saeeuli:
807 3439 885 3482 nam
912 3424 946 3482 et
973 3418 1060 3500 ipsos
1087 3437 1147 3482 nos
1198 3415 1306 3499 palam
1333 3415 1448 3482 Iudaei
1480 3418 1555 3483 sint.
1605 3417 1674 3483 Nee
1701 3439 1761 3484 nos
1788 3429 1921 3502 propter
1945 3416 2048 3482 malos
2075 3415 2167 3482 bonis

173 3511 270 3588 pater
301 3503 336 3568 in
362 3505 433 3586 ipso
464 3503 708 3570 oonvivifieetos
735 3513 770 3567 et
800 3504 957 3570 exeitatos
986 3503 1084 3568 etiam
1113 3502 1147 3566 in
1199 3501 1332 3566 Domini
1365 3501 1511 3567 fraudari
1543 3503 1642 3569 deest
1697 3504 1826 3569 Deinde
1854 3512 1894 3568 ut
1923 3503 2073 3568 minister
2100 3521 2168 3566 non

174 3587 371 3654 eoelestibus
398 3590 433 3654 in
461 3611 498 3654 eo
526 3590 592 3654 iam
618 3589 790 3656 oellooavit
817 3599 851 3654 et
876 3587 966 3652 dedit
994 3589 1028 3652 in
1050 3587 1147 3654 ooelis
1199 3608 1259 3652 sua
1287 3586 1345 3651 sed
1367 3589 1503 3652 Domini
1529 3590 1632 3655 verba
1657 3588 1817 3672 loquitur,
1845 3610 1884 3654 ea
1908 3609 1968 3653 nos
1996 3587 2060 3653 fide
2091 3607 2170 3652 vera

175 3682 328 3740 nostrum
349 3673 469 3740 habere
488 3679 661 3756 πολίτευμα.
705 3673 779 3756 Quo
802 3683 838 3739 ut
859 3673 1072 3756 respiciemus
1095 3693 1147 3739 eo·
1199 3683 1238 3736 ut
1260 3673 1360 3738 verba
1381 3673 1517 3738 Domini
1545 3675 1756 3758 exeipiamus.
1807 3675 1889 3759 Agit
1913 3674 2037 3759 gratias
2064 3673 2167 3756 patri:

174 3760 275 3826 alesia
296 3759 396 3826 etiam
424 3769 555 3843 patrum
576 3767 733 3844 tempore,
760 3781 859 3844 quum
882 3759 948 3824 iam
977 3758 1148 3823 tractanda
1200 3777 1335 3841 egemus
1353 3779 1427 3823 una.
1456 3761 1586 3842 Aeeipit
1601 3781 1720 3843 panem
1737 3769 1772 3826 et
1788 3761 1912 3838 vinum,
1935 3779 2036 3842 eaque
2058 3759 2168 3824 distri·

173 3853 287 3910 essent
307 3847 464 3928 mysteria
484 3865 585 3922 saera,
608 3845 777 3924 invitabat,
799 3845 914 3911 iubens
933 3843 1054 3910 hebere
1076 3864 1148 3908 sur·
1199 3843 1302 3909 bueus
1319 3843 1409 3908 iubet
1427 3845 1586 3928 accipere:
1609 3867 1648 3910 ea
1664 3847 1859 3930 aoeipiamus
1878 3855 1910 3911 et
1927 3867 1997 3924 nos,
2019 3845 2168 3910 minister

172 3953 250 3997 sum
279 3928 386 3996 eorda.
437 3931 528 3995 Nihil
557 3933 667 4014 itaque
693 3930 748 3996 hie
774 3931 911 4010 terreni,
939 3929 1022 3994 nihil
1050 3927 1147 3994 huius
1199 3927 1241 3992 ad
1259 3927 1518 3994 distribuendum
1544 3939 1578 3995 et
1605 3931 1816 4012 sumendum,
1842 3931 1933 4016 plebs
1963 3930 2005 3996 ad
2034 3947 2168 3994 sumen·

173 4015 299 4083 saeouli
321 4015 541 4099 cogitandum,
571 4017 698 4082 etiamsi
727 4031 761 4080 et
782 4037 842 4081 nos
868 4024 902 4080 et
927 4023 1061 4098 propter
1089 4035 1147 4080 uos
1200 4013 1287 4079 dum.
1332 4011 1525 4080 Subiunxit:
1549 4015 1636 4080 edite
1659 4017 1774 4082 bibite:
1797 4017 1932 4082 edamus
1953 4024 1987 4080 et
2008 4015 2166 4093 bibamus,

172 4099 326 4186 symbola
357 4108 489 4184 totaque
517 4109 654 4168 externa
681 4103 764 4168 aetio
791 4101 1020 4186 mysteriorum
1048 4099 1147 4164 huius
1199 4119 1266 4164 non
1297 4098 1562 4166 eireumferamus
1594 4101 1648 4166 vel
1680 4102 1894 4168 includamus.
1943 4098 2061 4165 Addit:
2093 4097 2168 4164 Hoo

172 4186 285 4252 adhue
305 4186 426 4251 saeeuli
448 4208 501 4253 res
518 4187 595 4252 sint.
628 4185 763 4252 Addioit
783 4187 906 4252 amiens
927 4187 1030 4251 amieo
1048 4185 1147 4250 fidem
1199 4195 1250 4248 est
1270 4205 1388 4268 eorpus
1410 4205 1533 4264 meum,
1561 4186 1615 4252 hio
1637 4190 1771 4272 sanguis
1792 4205 1898 4253 meus:
1925 4183 1960 4248 id
1988 4183 2167 4264 eradamus,

171 4271 324 4360 symbolo
345 4273 510 4356 praebitae
527 4272 670 4351 dextrae,
693 4273 750 4337 sed
771 4273 799 4337 si
821 4293 899 4338 vere
920 4279 954 4336 et
970 4269 1073 4336 amiee
1094 4292 1147 4336 res
1185 4290 1258 4346 vneo
1280 4269 1467 4336 dubitemus
1494 4270 1575 4338 haee
1597 4271 1667 4337 dari
1697 4273 1791 4339 nobis
1819 4273 1871 4338 his
1897 4269 1976 4353 ipsis
2005 4267 2167 4352 symbolis,

170 4359 317 4443 geritur,
357 4357 411 4422 hie
443 4377 511 4422 non
543 4365 728 4424 oontnetum
760 4377 877 4422 manus
909 4357 967 4422 sed
999 4355 1146 4421 animum
1198 4363 1232 4420 et
1252 4354 1322 4420 dari
1345 4355 1381 4420 in
1402 4355 1510 4421 eibum
1532 4363 1566 4421 et
1586 4367 1698 4441 potum
1717 4361 1803 4424 vitae
1825 4365 1984 4434 aeternae,
2007 4363 2044 4419 ut
2063 4355 2167 4440 magis

170 4453 385 4526 mentemque
411 4443 508 4508 fidem
536 4463 629 4510 suam
657 4443 831 4526 obligantis
860 4443 957 4508 amioi
980 4441 1009 4507 is
1035 4443 1088 4508 oui
1109 4443 1148 4506 fit
1197 4440 1365 4524 magisque
1387 4441 1538 4508 vivemus
1555 4443 1589 4507 in
1604 4443 1737 4509 Christo
1754 4453 1788 4508 et
1806 4441 1984 4508 habeamus
2005 4440 2098 4505 illum
2117 4441 2167 4505 vi·

169 4529 351 4614 promissio
361 4529 502 4612 respieit,
520 4551 621 4612 enque
632 4550 668 4594 re
684 4529 821 4594 mirifioe
838 4535 1004 4594 reoreatur
1020 4537 1054 4592 et
1070 4549 1146 4593 oon·
1198 4534 1331 4590 ventem
1351 4525 1387 4590 in
1409 4525 1510 4592 nobis.
1555 4527 1730 4594 Adiunxit:
1760 4525 1846 4610 quod
1867 4523 2007 4592 traditur
2028 4546 2086 4608 pro
2107 4546 2166 4591 vo-

169 4616 342 4681 firmetur:
364 4616 494 4680 tametsi
515 4615 632 4680 frivole
654 4633 758 4697 saepe,
781 4623 814 4679 et
834 4613 925 4678 nulla
942 4623 1032 4680 eerta
1048 4613 1146 4678 bene·
1198 4611 1261 4688 bis,
1293 4611 1349 4693 qui
1380 4611 1529 4678 funditur
1555 4615 1591 4678 in
1620 4614 1842 4680 remissionem
1873 4621 2078 4695 peoeatorum
2104 4631 2165 4694 pro

169 4701 338 4766 velentiae
350 4700 586 4784 signifieatione
602 4700 754 4766 dexterae
765 4699 857 4784 iungi
868 4699 1002 4764 soleant
1025 4697 1146 4764 Suffla·
1198 4697 1288 4762 vobis
1315 4704 1349 4761 et
1376 4716 1435 4778 pro
1457 4697 1583 4779 multis,
1610 4701 1665 4782 qni
1693 4706 1742 4764 est
1768 4719 1890 4762 novum
1916 4703 2167 4762 testamentum:

169 4785 230 4854 bat
258 4787 296 4852 in
324 4785 500 4869 diseipulos
529 4785 682 4852 Christus
710 4797 743 4850 et
772 4784 903 4850 iubebat
935 4793 1045 4849 tamen
1073 4783 1146 4850 illos
1197 4781 1278 4848 haee
1308 4781 1477 4849 eradamus
1507 4793 1541 4849 et
1570 4785 1693 4868 gratias
1719 4783 1862 4848 Domino
1895 4804 2046 4868 agemus,
2078 4779 2165 4863 quod

170 4873 324 4956 aoeipere
351 4872 502 4954 spiritum
529 4881 681 4938 sanetum
713 4892 810 4954 quem
837 4880 870 4936 et
899 4889 978 4936 vers
1010 4869 1077 4934 illis
1108 4890 1146 4935 eo
1197 4866 1417 4933 immolatione
1438 4868 1490 4934 sui
1522 4881 1635 4935 nostra
1663 4881 1796 4953 psooata
1820 4869 1973 4952 expiavit,
1995 4875 2030 4932 et
2050 4865 2164 4932 foedus

169 4956 325 5044 symbolo
348 4955 459 5034 dabat,
488 4957 545 5023 sed
572 4978 632 5023 nee
660 4957 695 5022 in
723 4977 761 5022 eo
789 4955 855 5022 oris
883 4954 1035 5021 dominiei
1063 4955 1145 5020 flatu
1196 4955 1320 5036 gratiae
1341 4973 1463 5020 novum
1480 4961 1514 5019 et
1529 4963 1699 5020 aeternum
1715 4955 1802 5019 inter
1818 4965 1945 5039 patrem
1962 4960 1996 5018 et
2012 4972 2072 5017 nos
2088 4971 2165 5018 san·

168 5043 323 5110 localiter
342 5043 507 5108 inelusum
528 5051 587 5108 aut
612 5043 718 5108 eidem
745 5041 813 5108 ulla
832 5041 930 5108 huius
951 5038 1071 5107 saeeuli
1092 5061 1146 5104 ra·
1197 5039 1275 5105 eivit
1297 5045 1330 5104 et
1353 5040 1573 5106 eontirmavit:
1595 5039 1707 5105 utillo
1728 5041 1821 5106 nobis
1843 5047 1944 5122 pater,
1972 5057 2031 5102 nos
2053 5035 2084 5102 ei
2104 5036 2165 5102 tilii

169 5129 264 5196 tione
282 5127 487 5195 adiunctum:
510 5149 587 5196 vere
605 5135 715 5194 tamen
732 5136 830 5278 athrge
846 5126 979 5194 realiter
995 5147 1033 5192 eo
1052 5125 1146 5210 signo
1197 5125 1306 5190 simus.
1351 5123 1447 5189 Iubet
1468 5123 1608 5208 denique
1636 5125 1717 5192 haee
1741 5127 1846 5192 faeere
1875 5125 1909 5190 iu
1932 5141 2164 5190 commemora·

168 5215 368 5284 exhibitum.
402 5211 459 5280 Sio
481 5221 601 5281 natura
619 5215 660 5280 ab
681 5213 752 5298 ipso
808 5214 916 5282 omino
937 5211 1014 5279 laeti
1032 5231 1146 5280 sumus
1197 5211 1318 5278 tionem
1340 5209 1408 5275 eui:
1431 5219 1534 5276 totum
1555 5212 1664 5297 itaque
1683 5213 1769 5280 eirea
1786 5212 1866 5277 haee
1883 5208 2041 5294 mysteria
2051 5207 2168 5276 otru-

1913 5309 1958 5365 18·
