4888 5966
152 329 214 394 885
1022 327 1102 390 1542
1124 325 1277 394 APRlIr.
2086 333 2151 400 386

152 535 234 594 aere,
257 533 300 578 ue
318 533 371 578 me
393 513 515 580 frustra
531 521 607 580 ante
624 521 752 598 tempus
771 525 948 598 torqueam.
984 514 1123 580 Interim
1175 513 1256 578 lium
1275 513 1420 593 eeolesia,
1441 514 1511 596 ipse
1528 513 1675 598 eopiosus
1695 520 1747 580 est
1767 517 1870 595 testis,
1893 515 1972 582 dum
1992 523 2059 582 tam
2077 527 2151 586 stu-

152 622 219 667 non
251 597 363 664 desino
396 599 505 664 omnia
537 607 665 664 tentare
693 621 777 682 quae
805 599 847 665 ad
879 599 1123 684 impetrandum
1176 598 1265 664 diose
1282 599 1351 664 suis
1371 619 1444 664 eam
1462 599 1676 679 oommendat,
1698 607 1733 665 et
1757 609 1824 665 tam
1843 599 1996 668 ardenter
2015 625 2035 667 a
2053 613 2147 686 patre

151 688 278 753 faotura
298 685 380 749 mihi
402 684 562 750 videntur.
597 684 814 750 (iratissimus
835 686 929 751 nobis
949 686 1013 750 fuit
1031 683 1123 750 Mon·
1175 685 1332 768 efflagitat
1352 684 1430 750 hine
1458 684 1499 750 ad
1528 685 1622 750 illum
1643 686 1855 768 migraturus,
1883 686 1983 752 huius
2004 689 2052 752 rei
2074 691 2146 772 quis

152 771 228 840 steri
244 773 269 854 ¹)
292 768 468 848 adventus,
499 770 627 834 tametsi
657 792 725 836 non
753 769 845 836 lieuit
872 793 946 836 eum
975 771 1123 852 exeipere
1175 769 1271 834 hodie
1293 769 1473 851 perieulum
1496 792 1558 834 non
1581 769 1682 836 feeit?
1719 769 1758 836 Si
1779 772 1832 837 vel
1854 772 2012 838 minimus
2033 794 2146 839 eorum

152 866 192 924 ut
211 855 398 920 merebatur
419 863 453 920 et
474 856 568 921 nobis
589 853 678 920 oordi
701 865 778 920 erat.
814 855 971 922 Namsua
990 857 1123 921 festina·
1175 855 1230 937 qui
1259 855 1312 921 hio
1341 856 1510 922 ministrat
1531 856 1697 922 seiunctus
1720 855 1760 921 ab
1783 855 1856 922 aliis
1877 856 2003 936 fuisset,
2036 867 2145 926 aetum

153 943 244 1008 tione
265 940 300 1005 id
321 961 436 1023 passus
458 948 603 1006 nonest.
649 940 870 1018 Exhibuimus
899 949 1009 1006 tamen
1039 961 1123 1024 quae
1176 947 1247 1006 erat
1268 961 1400 1022 prorsus
1422 941 1462 1006 de
1483 941 1618 1008 eeclesia
1641 941 1716 1006 hae:
1746 941 1774 1006 si
1796 963 1838 1006 ex
1860 943 1979 1009 vieinis
2001 944 2145 1010 eoelesiis

154 1027 320 1113 potuimus
342 1025 586 1092 benevolentiae
608 1027 710 1110 signa.
1176 1046 1257 1108 quas
1280 1024 1413 1092 Christo
1435 1047 1554 1092 nomen
1582 1026 1739 1092 dederant
1765 1026 1874 1110 aliqua
1895 1037 2044 1110 separata
2064 1029 2145 1096 luis·

239 1111 308 1176 Nos
340 1110 515 1176 admodum
548 1113 636 1176 anxii
669 1133 783 1178 snmus
811 1111 897 1194 quod
929 1133 996 1176 non
1028 1111 1124 1178 eitius
1177 1119 1235 1188 set,
1258 1112 1468 1194 perieramus,
1492 1111 1578 1195 quod
1598 1133 1651 1178 res
1669 1113 1740 1194 ipsa
1757 1113 1883 1178 elamat.
1919 1113 2006 1178 Nam
2028 1115 2146 1197 sipost

154 1205 229 1283 post
247 1197 367 1262 dietam
385 1197 580 1262 sententiam
599 1197 760 1262 Bernates
781 1207 814 1262 et
835 1198 939 1264 nostri
956 1204 1125 1280 exponunt
1177 1217 1307 1261 omnem
1340 1217 1473 1279 operam
1507 1197 1563 1262 vix
1596 1198 1701 1280 potuit
1732 1197 1884 1280 impediri
1917 1197 2066 1278 Satanas,
2099 1200 2146 1264 ita

155 1283 234 1367 qnid
255 1283 400 1347 habeant
420 1283 456 1346 in
473 1284 590 1361 animo,
613 1281 669 1347 sed
688 1304 788 1366 quum
810 1291 938 1348 nostros
960 1304 1123 1368 urgemus,
1176 1290 1354 1346 eommotus
1377 1289 1410 1348 et
1431 1282 1544 1348 furens
1565 1281 1664 1366 longa
1685 1291 1719 1348 et
1737 1283 1794 1347 diu
1811 1305 1923 1366 pressa
1945 1285 2003 1362 ira,
2026 1285 2146 1351 oonfla·

155 1389 285 1452 semper
302 1368 468 1445 obiieiunt,
487 1388 625 1450 aequum
643 1389 713 1434 esse
730 1377 767 1432 ut
789 1369 883 1434 alteri
904 1376 1069 1452 praeeant,
1092 1375 1126 1434 et
1176 1367 1218 1432 tis
1250 1367 1430 1432 innumeris
1462 1368 1577 1451 quibus
1606 1389 1676 1433 sese
1703 1367 1956 1434 invictissimum
1985 1369 2145 1448 eredebat,

155 1454 190 1520 id
212 1475 300 1520 nuno
322 1454 404 1518 seire
426 1454 572 1536 eupiunt,
601 1475 644 1518 an
672 1453 793 1536 aliquid
815 1455 855 1520 ab
884 1453 948 1520 illis
976 1453 1125 1536 responsi
1175 1450 1255 1535 quid
1276 1453 1360 1517 sisa
1381 1474 1464 1536 quae
1486 1451 1575 1518 dedit
1595 1451 1757 1518 Dominus
1779 1455 1872 1520 nobis
1894 1456 1929 1518 in
1951 1454 2146 1521 destructio-

154 1539 307 1606 habuerit
328 1537 471 1604 Senatus
492 1549 607 1604 vester.
653 1537 691 1604 Si
720 1539 797 1622 quid
818 1539 858 1604 de
881 1561 919 1604 ea
946 1561 982 1604 re
1009 1539 1124 1604 elieere
1176 1559 1253 1602 nem
1280 1536 1422 1604 Satanae
1451 1539 1486 1603 in
1513 1559 1572 1604 nos
1601 1559 1698 1604 versa
1724 1539 1883 1604 fuissent?
1928 1539 1975 1605 Ut
2002 1540 2043 1605 de
2073 1541 2146 1606 aliis

153 1625 339 1693 alanonlum
366 1625 499 1706 poteris,
531 1623 740 1690 vehementer
766 1635 917 1708 rogatum
949 1633 981 1689 te
1015 1625 1123 1702 velun,
1175 1644 1263 1688 nune
1295 1631 1422 1689 taoeam
1454 1625 1511 1706 qui
1541 1624 1707 1690 vobiseum
1739 1623 1943 1704 laborarunt,
1978 1645 1997 1690 o
2028 1627 2146 1692 fratres

153 1721 192 1777 ut
211 1709 294 1775 mihi
316 1711 487 1793 signifioes.
522 1709 595 1792 Ego
612 1707 716 1775 modis
733 1709 882 1775 omnibns
903 1710 1054 1776 daturum
1072 1731 1124 1774 me
1175 1728 1303 1773 summa
1325 1709 1445 1791 pietate
1474 1710 1661 1793 integritate
1684 1718 1717 1773 et
1739 1709 1886 1776 doetrina
1914 1710 2008 1776 nobis
2029 1713 2146 1776 merito

154 1816 289 1881 operam
321 1795 455 1878 resipio,
488 1817 529 1860 ne
560 1787 663 1860 nostri
696 1795 763 1861 sint
795 1796 935 1862 nimium
966 1794 1122 1860 diffieiles.
1175 1792 1378 1872 observandi,
1408 1815 1466 1860 vos
1493 1795 1527 1859 in
1554 1795 1625 1878 ipso
1648 1795 1795 1873 articulo,
1820 1815 1863 1860 ne
1889 1794 2035 1861 funditus
2064 1795 2145 1862 haee

153 1881 355 1964 Quanquam
381 1881 442 1946 hoe
470 1879 578 1964 ipsum
605 1901 670 1946 non
692 1881 783 1964 potui
805 1881 911 1946 adhue
932 1889 1124 1964 extorquere
1175 1879 1311 1944 eoelesia
1332 1887 1541 1958 everteretur,
1564 1881 1757 1958 oeourristis,
1779 1880 1889 1946 omnia
1906 1903 1988 1964 quae
2010 1879 2052 1946 ad
2072 1902 2144 1946 rem

152 1977 191 2034 ut
212 1967 338 2052 priores
359 1965 602 2048 responderent,
631 1965 688 2031 sed
716 1966 772 2032 ubi
794 1967 835 2032 ad
858 1987 1022 2032 summum
1044 1987 1123 2032 ven·
1174 1965 1318 2030 faoerent
1343 1965 1547 2030 exaotissime
1574 1966 1779 2049 attingentes.
1823 1963 1913 2046 Quid
1934 1967 2052 2032 vestris
2071 1967 2145 2032 lite·

153 2061 225 2118 tum
247 2051 355 2130 fuerit,
375 2051 444 2118 illio
464 2073 516 2117 me
538 2059 644 2116 totum
665 2051 861 2136 impendam.
900 2051 1039 2116 Interim
1060 2051 1124 2116 uti·
1176 2049 1222 2115 ris
1240 2053 1264 2132 ¹)
1277 2047 1477 2116 absolutius?
1511 2049 1599 2132 Quid
1610 2051 1766 2116 omisistis
1783 2049 1981 2116 fulciendum
1992 2051 2144 2116 munien-

153 2159 231 2204 nam
259 2135 322 2202 hoo
348 2137 491 2203 offioium
517 2135 610 2202 nobis
639 2147 793 2220 praestes.
837 2137 921 2202 Vale
949 2137 1070 2220 optime
1092 2143 1126 2202 et
1176 2134 1254 2200 dum
1283 2143 1315 2200 et
1342 2135 1535 2218 erigendum
1563 2137 1599 2200 in
1623 2137 1739 2202 eastris
1761 2136 1904 2214 Domini,
1937 2157 2000 2218 quo
2031 2136 2145 2202 nullus

152 2223 237 2288 mihi
259 2222 461 2288 observande
482 2223 591 2288 irater.
643 2222 767 2289 Virrius
788 2235 820 2288 te
841 2231 874 2288 et
895 2223 1035 2308 eollegas
1056 2242 1124 2286 om·
1176 2230 1302 2304 pateret
1330 2221 1418 2286 hosti
1445 2221 1574 2286 aditus?
1619 2221 1708 2286 Losa
1728 2223 1838 2286 omnia
1865 2221 2051 2304 pervidistis
2073 2223 2144 2304 qui-

152 2330 213 2374 nee
236 2317 310 2374 tuos
332 2317 520 2374 reverenter
547 2307 678 2388 salutat,
708 2307 824 2392 quibus
852 2308 951 2373 etiam
985 2308 1124 2374 salutem
1175 2305 1236 2371 bus
1258 2305 1347 2371 viam
1368 2307 1431 2372 sibi
1453 2315 1612 2372 sterneret
1633 2305 1773 2372 Satanas
1794 2307 1831 2371 in
1852 2327 1985 2391 gregem
2003 2307 2144 2372 Christi:

153 2394 242 2460 dioes
263 2414 336 2458 meo
357 2395 498 2460 nomine.
541 2392 705 2459 Dominus
723 2393 816 2460 Iesus
838 2415 897 2460 vos
919 2393 975 2458 diu
997 2413 1125 2458 oonser-
1175 2391 1349 2456 stationem
1371 2411 1464 2457 suam
1487 2391 1658 2474 nniouique
1682 2402 1771 2457 reato
1793 2389 1914 2470 ordine,
1942 2389 2075 2474 etquid
2097 2391 2146 2456 la-

154 2491 211 2546 vet
244 2501 282 2546 ae
315 2479 433 2562 spiritu
464 2500 524 2546 suo
552 2500 680 2561 semper
709 2477 836 2563 dirigat.
881 2477 965 2544 Vale
993 2479 1123 2544 iterum
1175 2475 1327 2542 oiendum
1349 2478 1464 2560 auique
1491 2483 1592 2556 esset,
1620 2475 1830 2561 designastis,
1860 2485 1898 2541 ut
1924 2476 2019 2542 faoile
2041 2477 2145 2542 hostis

155 2563 313 2632 Genevae
338 2571 385 2631 lt.
410 2563 543 2632 Oalend.
565 2567 671 2631 Maias
696 2569 776 2629 1542
790 2563 828 2650 ²).
1175 2563 1333 2645 impetum
1354 2563 1439 2628 ferre
1461 2563 1532 2627 sine
1554 2561 1749 2628 detrimento
1771 2571 1804 2627 et
1823 2562 1949 2628 hostem
1972 2561 2146 2628 deturbare

703 2683 749 2749 10-
773 2682 932 2749 oeus
1175 2653 1307 2796 aaa,
1327 2647 1524 2798 Βιιιιι
1538 2647 2147 2816 {regratiaretur

1316 2782 1323 2810 i

1176 2838 1235 2900 per
1256 2815 1393 2882 solidam
1414 2816 1586 2882 veritatem
1607 2817 1681 2895 Dei,
1709 2817 1858 2883 inimioos
1879 2818 1927 2882 ita
1948 2816 2147 2898 denudastis,

540 2959 557 2970 .
569 2959 583 2969 ..
1177 2909 1215 2966 ut
1237 2901 1326 2966 nullo
1348 2903 1480 2985 negotio
1501 2913 1559 2966 aut
1579 2900 1715 2967 herbam
1736 2903 1903 2986 porrigere
1920 2914 1977 2968 aut
1997 2904 2148 2988 iugulum

1176 2987 1331 3070 praebere
1363 2994 1528 3070 eogantur.
1572 2987 1712 3069 Experti
1742 3008 1855 3052 sumus
1887 3009 1998 3052 omnes
2030 2989 2148 3053 miram

1176 3073 1240 3138 Dei
1262 3073 1367 3137 nostri
1398 3073 1462 3138 vim
1496 3073 1532 3135 in
1559 3071 1677 3138 vestris
1706 3071 1826 3150 literis,
1855 3079 1888 3136 et
1915 3072 2007 3137 verbi
2039 3073 2148 3138 effioa·

607 3193 672 3264 392
1177 3159 1261 3224 eiam
1286 3155 1373 3223 unde
1402 3157 1591 3240 desumptae
1618 3163 1705 3222 sunt
1749 3156 1947 3222 Admonitus
1974 3157 2148 3239 unnsquis-

673 3241 683 3264 ⁶
1178 3265 1241 3327 que
1258 3243 1355 3309 offioii
1377 3243 1548 3322 intellexit,
1570 3241 1698 3325 quidet
1720 3262 1782 3324 quo
1803 3251 1888 3306 esset
1905 3241 2014 3306 animo
2032 3262 2148 3326 geren-

196 3330 448 3400 FARELLUS
472 3329 711 3398 MINIS'PRIS
734 3328 1081 3398 TURIOENSIBUS.
1178 3331 1273 3408 dum,
1307 3339 1341 3394 et
1372 3330 1408 3394 in
1437 3348 1501 3411 quo
1529 3349 1594 3393 non
1627 3328 1707 3392 satis
1739 3324 1949 3409 responderet
1977 3327 2147 3392 voeationi

1178 3415 1271 3480 Inter
1299 3435 1378 3497 quos
1406 3435 1465 3498 ego
1493 3414 1633 3497 ingenue
1655 3420 1757 3478 testor
1785 3419 1923 3476 tantum·
1937 3411 2019 3476 mihi
2041 3431 2147 3478 aeaea-

244 3505 378 3571 Gratiae
399 3504 442 3568 iia
463 3505 529 3586 opit
550 3504 587 3569 de
603 3523 682 3586 pace
701 3503 844 3568 Neoeomi
865 3523 971 3568 eorum
991 3503 1128 3566 maxime
1179 3500 1268 3578 sisse,
1297 3507 1335 3564 ut
1361 3519 1468 3564 meam
1495 3497 1583 3582 apud
1603 3518 1657 3562 me
1686 3497 1864 3562 detestatus
1891 3495 2072 3562 soeordiam
2093 3505 2147 3574 (ut

152 3589 654 3658 medaeamrtaarettuta.
683 3587 843 3654 Oulaiaiet
861 3588 960 3653 Virete'
973 3589 1127 3654 Geranea-
1178 3586 1243 3650 alia
1264 3591 1465 3668 praeteream
1482 3605 1565 3666 quae
1593 3581 1701 3648 audivi
1723 3603 1857 3668 gemens
1879 3591 1912 3646 et
1931 3603 1984 3646 me
2005 3581 2145 3660 deflens)

151 3679 200 3743 aia
218 3675 364 3741 odaiae
378 3679 625 3740 restaurarem
641 3675 721 3740 true.
756 3673 798 3738 Ιιι
817 3673 1039 3738 Geneveneiam
1058 3692 1128 3738 eum
1178 3669 1264 3754 quod
1286 3678 1353 3735 tam
1377 3669 1492 3753 proeul
1520 3669 1560 3734 ab
1582 3688 1620 3734 eo
1649 3690 1746 3750 quem
1774 3667 1959 3752 depingitis
1973 3689 2086 3746 essem,
2108 3679 2147 3732 ut

152 3759 374 3828 Bonnensibus
401 3759 455 3826 tte
480 3761 686 3840 componenda
712 3761 742 3825 si
769 3759 846 3842 qaid
876 3759 979 3842 faeere
1000 3759 1127 3841 possint
1177 3757 1243 3820 iarn
1264 3754 1392 3820 nonde
1418 3753 1557 3838 petendo
1578 3753 1690 3836 proeul
1713 3774 1842 3820 seeessu
1864 3753 2003 3836 amplius
2024 3753 2146 3836 eogita-

152 3847 283 3914 omniao
304 3867 342 3912 ne
362 3847 518 3929 aepltqoat
538 3845 687 3910 hortatur.
1177 3841 1251 3920 rim,
1273 3849 1311 3906 ut
1332 3841 1432 3922 prius,
1455 3839 1532 3905 dum
1553 3837 1829 3922 indigneferrem
1848 3838 1934 3921 quod
1955 3857 1974 3902 a
1995 3838 2059 3921 piis
2081 3839 2145 3902 fra·

1178 3927 1292 4004 tribus,
1322 3926 1496 4009 praeeipne
1524 3944 1544 3988 a
1570 3924 1772 4008 symmystis,
1801 3925 1920 3988 iterum
1949 3924 1984 3986 in
2006 3922 2066 3987 has
2087 3941 2145 3986 an-

151 4019 211 4082 <¹⁶¹
241 4023 357 4138 *aar
376 4015 552 4138 tarta
572 4015 751 4138 tutata
769 4015 997 4136 atltae
1010 4013 1038 4150 ‚1-
1178 4005 2145 4180 &territuriasterritaretur

422 4239 428 4252 .
468 4240 474 4253 .
514 4238 520 4251 .
673 4238 679 4251 .
931 4238 939 4252 .
1025 4236 1032 4250 .
1079 4235 1085 4250 .
1178 4182 1288 4248 dioens
1310 4193 1389 4247 tune
1411 4180 1458 4245 eis
1480 4189 1620 4244 ventura
1640 4178 1720 4244 haee
1742 4179 1860 4256 omnia,
1883 4187 1919 4242 nt
1940 4176 2086 4258 privatus
2108 4176 2145 4242 in

242 4239 539 4306 Praestantissrmrs
561 4237 743 4321 pastoribus
764 4245 798 4302 et
819 4236 1002 4302 deoterrbus
1024 4255 1126 4319 msrg·
1178 4268 1282 4333 limis
1303 4267 1338 4348 (a
1358 4267 1474 4350 quibus
1495 4285 1548 4330 mo
1570 4273 1677 4330 totum
1699 4284 1801 4346 paene
1828 4263 1907 4328 haec
1935 4261 2061 4326 matio
2088 4261 2146 4326 ab-

150 4329 206 4394 ¹²1⁸
230 4323 388 4425 ⁶9⁰l⁰⁸i²⁰
409 4324 584 4424 &gurim
612 4324 692 4388 Viris
720 4343 849 4388 mma
868 4322 933 4387 ΜΘ
954 4323 1073 4405 piem
1095 4329 1128 4384 ⁰¹⁵
1178 4351 1287 4438 duxit)
1310 4355 1410 4416 vitam
1430 4351 1655 4434 transigerem,
1677 4371 1737 4414 nee
1754 4347 1892 4430 amplius
1908 4345 2056 4429 pellerer,
2077 4367 2146 4412 non

149 4413 307 4480 d⁰⁰lf¹¹¹⁸
327 4409 551 4492 ⁸¹¹⁸P¹⁰¹⁰¹¹d¹⁸·
950 4493 956 4508 .
1024 4493 1030 4506 .
1178 4461 1198 4504 a
1217 4439 1389 4522 pontifieiis
1409 4443 1443 4502 et
1463 4436 1505 4502 iis
1524 4437 1579 4519 qui
1600 4434 1805 4518 evangelium
1826 4430 2037 4511 detestantur,
2058 4431 2146 4514 qnod

919 4493 1041 4576 Qun·
1177 4523 1250 4590 leve
1277 4534 1375 4602 esset,
1405 4521 1471 4599 sed,
1498 4519 1584 4605 quod
1612 4519 1842 4604 gravissimum
1864 4523 1922 4595 est,
1952 4515 1993 4580 ab
2020 4517 2062 4582 iis
2088 4517 2145 4600 qni

244 4631 281 4698 s,
304 4631 442 4715 gratiam
468 4639 502 4696 ot
523 4651 634 4714 pm,
656 4651 677 4694 a
696 4629 778 4696 Deo,
821 4627 929 4711 Quam
951 4629 995 4694 git
1015 4648 1127 4694 ηοω.
1178 4607 1384 4692 evangelium
1394 4609 1594 4690 profitentur.
1627 4605 1750 4670 Verum
1768 4601 1959 4668 sioaffeetus
1975 4601 2146 4668 fuivestra

148 4721 247 4790 mig
269 4737 336 4801 pu
357 4725 390 4782 et
410 4724 523 4783 gamm
543 4717 726 4784 mummio
748 4715 872 4782 christi
892 4715 969 4780 1031,
990 4714 1025 4778 in
1049 4713 1127 4779 fido.
1179 4694 1398 4761 admonitione
1419 4701 1456 4757 ut
1472 4691 1648 4791 maioribus
1667 4689 1766 4755 animi
1787 4687 1911 4786 viribus
1932 4708 2002 4752 esee
2023 4686 2144 4786 perdu-

1178 4779 1317 4845 randum
1349 4787 1528 4856 statuerim,
1559 4784 1708 4842 rnvoeato
1736 4773 1890 4852 Domino,
1923 4779 1961 4837 ut
1992 4772 2073 4836 mrhr
2106 4793 2145 4836 ea

153 4842 416 4954 {aarum
442 4888 605 4942 mmm
631 4885 796 4953 ramam,
819 4885 883 4939 οιιιι
906 4883 1126 4963 mamm,
1178 4865 1355 4964 largiretur
1379 4885 1464 4962 pune
1491 4883 1549 4928 vos
1571 4859 1652 4960 mihi
1677 4859 1797 4958 partim
1824 4857 1952 4958 punse,
1982 4879 2023 4922 ex
2050 4855 2145 4922 robis

148 4969 257 5032 ww
274 4957 404 5012 ΜΨ
421 4955 522 5012 Μὴ
539 4956 735 5011 mmm
751 4961 777 5010 et
792 4953 928 5009 mairo
944 4952 1062 5032 ΜΨ,
1080 4951 1126 5006 de
1178 4951 1258 5034 ipsis
1290 4970 1344 5015 me
1375 4969 1484 5032 ipsum
1515 4953 1702 5023 metuentes,
1737 4943 1893 5023 serrbrtrs,
1926 4965 1964 5008 ae
1994 4961 2076 5027 quae
2108 4951 2147 5006 ut

148 5034 244 5102 „iprae
258 5026 333 5097 pros.
351 5025 507 5094 throtopiue,
530 5031 555 5080 et
571 5025 743 5080 ἀοοιίιιίιιιιιι
795 5023 953 5104 tppraptae,
971 5035 1052 5076 meaa
1068 5033 1126 5102 eoa

149 5095 327 5170 noprapla‘o
344 5101 370 5149 et
383 5095 498 5176 pluviosi
514 5093 595 5148 tutelli
612 5039 879 5217 hetfflffiw
895 5091 954 5146 οιίιι
970 5104 1127 5145 monera
1194 5153 1253 5216 m
1281 5153 1310 5218 l)
1329 5153 1362 5207 N.
1381 5151 1439 5206 375.

264 5234 296 5302 a)
315 5169 629 5290 daliwi?
637 5231 702 5285 xv.
721 5200 793 5285 uni.
1254 5199 1633 5302 ‘amrmemus'

266 5318 376 5376 aeae
389 5333 481 5388 epm
521 5317 579 5374 ve.
595 5315 649 5370 ιιι.
1225 5387 1227 5392 ἢ
1883 5299 1918 5354 aa
