4898 5970
289 289 350 352 799
1109 279 1370 352 ΕΡῙΒΤΟΙιΑΕ
1393 283 1455 346 teo
2213 284 2276 346 800

289 475 346 559 qui
368 471 479 540 codem
501 473 535 537 in
556 472 626 538 loco
649 470 776 535 scribit:
797 470 882 536 Nam
906 470 984 536 dum
1006 470 1093 535 filius
1108 490 1142 534 ¹a
1163 476 1255 552 patre
1304 470 1391 536 Nam
1417 469 1528 535 omnia
1554 489 1682 553 semper
1709 476 1825 554 potest,
1853 477 1891 535 nt
1919 471 2003 536 nihil
2030 477 2202 554 exceptum
2232 471 2276 536 sit

288 561 434 626 nascitur
453 559 561 623 omnia
581 556 785 634 naturaliter,
807 558 913 638 ipsum
935 557 1033 620 etiam
1054 577 1134 630 esse.
1157 577 1177 620 a
1198 575 1254 637 pa·
1305 555 1391 639 quod
1408 576 1475 620 non
1492 575 1550 638 per
1567 577 1641 619 eum
1660 559 1819 638 praestari
1841 567 1946 638 queat,
1968 569 2006 622 ut
2027 558 2147 622 faceret
2168 577 2207 622 ae
2225 577 2276 621 re·

289 653 339 710 tre
366 644 472 719 habet,
502 653 536 708 ct
561 642 633 708 ideo
660 642 778 706 dicitur
806 664 824 706 a
852 651 945 725 patre
974 643 1127 725 accipere.
1180 641 1255 706 Non
1305 643 1473 720 formaret,
1507 649 1540 704 et
1569 640 1660 724 lapsa
1687 643 1837 726 erigeret,
1866 653 1899 708 et
1927 651 2058 708 mortua
2085 643 2274 708 vivificaret

288 731 390 815 igitur
411 749 510 812 quum
535 724 725 792 nonhabet
753 729 938 809 acciperes
963 736 1056 811 patre
1084 725 1253 792 scribitur:
1305 727 1402 794 Unde
1424 728 1481 791 ait:
1506 725 1601 792 Siout
1627 736 1719 809 pater
1747 729 1845 794 babet
1872 730 1972 793 vitam
1999 730 2033 792 in
2064 737 2167 792 semet
2196 729 2274 810 ipso,

289 816 389 882 habet
419 815 506 880 enim
538 815 648 878 omnia
679 813 886 888 naturaliter,
922 835 1022 895 quum
1055 813 1190 877 verbum
1222 823 1256 876 et
1306 815 1352 880 sic
1381 811 1470 876 dedit
1496 812 1562 877 tilio
1592 813 1692 876 vitam
1722 813 1839 879 habere
1867 815 1903 878 in
1930 829 2034 878 semet
2060 817 2138 896 ipso.
2183 813 2277 878 Sicut

288 900 442 984 splendor
462 899 544 965 lucis
566 909 720 982 paternae
742 900 793 974 sit,
823 920 888 962 uno
918 899 985 962 solo
1012 908 1148 981 excepto
1170 897 1254 979 quod
1306 900 1394 963 enim
1416 909 1508 980 poter
1525 900 1662 964 suscitat
1679 911 1823 964 mortuos
1842 911 1876 963 et
1893 901 2044 976 vivificat,
2068 900 2114 965 sic
2134 907 2169 962 et
2189 899 2277 964 filius

287 997 383 1072 pater
410 1006 477 1049 non
506 995 564 1050 est.
614 984 771 1066 Accipere
799 995 909 1048 autem
933 1005 969 1048 se
995 1005 1015 1049 a
1043 995 1136 1067 patre
1162 983 1254 1060 dixit,
1306 1005 1385 1067 quos
1408 984 1479 1048 vult
1501 984 1652 1049 vivificat.
1686 985 1800 1067 Neque
1811 988 1898 1050 enim
1915 997 2009 1066 pater
2025 984 2148 1050 iudicat
2164 1005 2278 1068 quem-

289 1081 327 1138 ut
358 1072 486 1136 futuras
520 1071 756 1135 haereticorum
779 1069 948 1151 opiniones
977 1067 1132 1134 radicitus
1161 1091 1254 1134 ever·
1306 1091 1414 1152 quam,
1445 1069 1502 1134 sed
1534 1090 1630 1134 omne
1656 1070 1813 1134 iudicium
1841 1071 1931 1134 dedit
1958 1071 2036 1136 filio.
2089 1068 2177 1150 Quid
2209 1081 2278 1134 tam

289 1165 383 1224 teret.
428 1155 558 1220 Deinde
586 1155 666 1218 baec
693 1156 1030 1237 apertiusinsinuans
1058 1165 1256 1236 postpauca
1306 1157 1428 1220 iustum
1450 1155 1515 1220 nisi
1536 1165 1574 1219 ut
1596 1155 1713 1220 horum
1736 1177 1818 1238 quae
1840 1157 1915 1220 feeit
1936 1177 1994 1238 per
2015 1156 2109 1221 illum
2137 1157 2199 1238 ipsi
2221 1155 2278 1219 da-

288 1243 465 1312 subvertit:
487 1242 572 1306 Nam
595 1262 697 1322 quum
719 1261 761 1304 ex
782 1241 964 1314 substantia
993 1242 1094 1323 patris
1120 1238 1257 1323 prodeat
1308 1251 1359 1306 ret
1385 1240 1552 1318 iudicium,
1581 1249 1618 1304 ut
1647 1242 1752 1306 omnis
1781 1239 1960 1306 divinitatis
1986 1239 2156 1323 plenitudo
2185 1241 2278 1306 habi-

288 1329 400 1396 omnia
426 1327 528 1410 patris
557 1327 764 1391 aeternaliter
790 1325 897 1403 babet,
921 1327 1129 1392 aeternaliter
1158 1327 1255 1390 etiam
1308 1335 1395 1392 taret
1415 1327 1451 1390 in
1472 1326 1550 1408 ipso.
1595 1327 1661 1392 Per
1679 1325 1714 1390 id
1736 1337 1845 1392 autem
1862 1327 1949 1409 quod
1970 1327 2123 1404 diximus,
2147 1347 2278 1392 omnem

289 1414 353 1480 hac
374 1415 499 1478 ratione
521 1434 563 1476 ex
585 1433 623 1476 eo
645 1412 770 1494 accepit
791 1413 900 1477 omnia
922 1433 1004 1495 quae
1031 1413 1133 1494 ipsius
1154 1411 1258 1493 patris
1307 1413 1397 1476 illam
1426 1419 1621 1496 potestatem
1647 1421 1681 1477 et
1709 1412 1890 1479 divinitatis
1911 1412 2149 1496 plenitudinem
2177 1413 2215 1476 in
2244 1433 2277 1478 se

290 1508 378 1567 sunt.
422 1499 535 1564 Vitam
557 1498 659 1581 igitur
679 1497 803 1580 accipit.
847 1497 913 1562 Hic
941 1498 1040 1571 vides,
1068 1497 1097 1561 si
1125 1517 1257 1577 prorsus
1309 1497 1438 1576 habere,
1468 1497 1530 1563 boc
1557 1507 1616 1574 est,
1645 1499 1753 1564 Deum
1783 1519 1854 1564 esse
1881 1499 2062 1581 perfectum
2091 1498 2160 1580 (qui
2190 1498 2277 1562 enim

290 1600 404 1654 caecus
425 1605 489 1649 non
513 1605 547 1648 es
568 1583 620 1647 vel
642 1583 778 1647 limosus
799 1591 895 1661 totus,
920 1583 996 1667 quid
1015 1582 1095 1648 velit
1113 1581 1259 1666 Gyrillus
1309 1583 1390 1650 haec
1417 1583 1527 1648 omnia
1553 1605 1620 1648 non
1649 1584 1757 1662 habet,
1785 1605 1850 1649 non
1880 1593 1931 1648 est
1952 1585 2070 1661 Deus),
2100 1605 2180 1648 num
2201 1603 2277 1648 oon-

290 1692 391 1756 quum
412 1671 532 1752 inquit:
554 1667 592 1734 Si
615 1668 697 1732 nihil
719 1667 817 1733 habet
838 1668 925 1734 filius
947 1691 967 1734 a
988 1689 1024 1734 se
1046 1670 1124 1750 ipso,
1154 1689 1258 1750 neque
1310 1670 1401 1734 tinuo
1431 1667 1609 1745 Christum,
1639 1671 1673 1733 in
1701 1678 1860 1752 quantum
1881 1670 1982 1745 Deus,
2012 1690 2032 1732 a
2058 1670 2186 1752 seipso
2209 1689 2277 1734 esse

289 1758 389 1824 otiam
423 1755 553 1820 babebit
584 1765 678 1839 pater
708 1775 727 1817 a
756 1775 791 1818 se
818 1754 897 1836 ipso.
949 1753 985 1820 Si
1009 1753 1089 1820 haec
1111 1753 1169 1817 tibi
1193 1775 1258 1818 non
1308 1754 1504 1820 fatebimur?
1538 1755 1685 1820 Minime.
1730 1753 1795 1836 Qui
1818 1756 1878 1820 hoc
1900 1755 2077 1820 admittant
2093 1755 2158 1818 alic
2179 1774 2277 1836 quao-

289 1853 368 1910 sunt
385 1842 473 1918 satis,
496 1841 569 1924 lege
588 1860 671 1922 quae
687 1861 763 1903 mox
782 1839 1025 1922 appenduntur:
1051 1849 1120 1904 tum
1140 1859 1257 1922 agnos·
1308 1839 1400 1906 rendi
1424 1849 1509 1904 sunt
1552 1840 1600 1907 Ut
1622 1861 1702 1906 vero
1729 1840 1814 1923 quod
1841 1839 2081 1906 defendendum
2109 1839 2277 1922 suscepisti

288 1949 343 1996 ces
364 1948 461 2010 quam
481 1925 658 1992 oscitanter
675 1923 837 2008 Oyrillum
854 1925 1044 2008 inspexeris,
1068 1945 1164 2006 quem
1182 1933 1258 1989 tuae
1308 1925 1461 2003 stabilias,
1484 1947 1528 1990 ex
1544 1925 1702 2010 producta
1718 1927 1893 1992 autoritate
1911 1948 2024 1992 ansam
2043 1935 2160 1991 nactus
2177 1927 2277 1989 inter·

289 2013 472 2082 sententiae
498 2011 581 2077 falso
610 2012 707 2094 fingis
740 2019 942 2076 assertorem.
997 2011 1112 2094 Longe
1140 2012 1258 2093 quippe
1309 2030 1420 2094 rogas:
1451 2009 1635 2076 Aliundene
1664 2031 1706 2076 an
1735 2033 1756 2076 a
1781 2032 1817 2078 se
1844 2014 1916 2096 ipsa
1941 2013 1985 2078 sit
2013 2013 2070 2076 illa
2098 2010 2278 2076 divinitatis

289 2098 458 2165 discedens
485 2119 505 2163 a
531 2107 565 2162 te
592 2095 761 2162 divorsum
787 2098 888 2162 sentit
914 2117 1011 2178 quam
1039 2107 1144 2180 putes,
1172 2094 1258 2178 quod
1309 2095 1498 2180 plenitudo?
1538 2098 1622 2162 'Puni
1650 2097 1690 2161 ad
1720 2098 2018 2183 interrogationem,
2046 2098 2096 2164 cui
2119 2117 2188 2162 una
2207 2093 2278 2162 retl-

288 2185 450 2269 quisquis,
489 2184 554 2249 nisi
587 2181 713 2270 levibus
745 2183 881 2265 argutiis
914 2181 1051 2260 ducitur,
1082 2183 1176 2248 t'acile
1208 2183 1258 2246 in·
1311 2183 1505 2248 dendanon
1526 2191 1597 2246 erat
1618 2184 1792 2265 responsio,
1815 2182 2004 2264 respondes:
2027 2183 2132 2247 Nemo
2153 2181 2281 2264 estqui

290 2270 425 2354 telliget.
1310 2279 1418 2351 neget.
1466 2267 1541 2348 Qua
1570 2268 1681 2349 utique
1718 2270 1927 2352 responsione
1961 2279 1993 2333 to
2022 2271 2130 2351 ipsum
2161 2267 2282 2350 prodis,

375 2354 498 2419 Videor
519 2354 620 2437 igitur
641 2351 769 2418 abunde
791 2353 872 2416 satis
889 2353 1031 2436 strophis
1049 2354 1113 2418 tuis
1133 2373 1175 2417 ex
1193 2355 1259 2436 Dy-
1311 2365 1408 2436 atque
1427 2373 1525 2435 quam
1546 2375 1662 2436 parum
1685 2355 1731 2418 sis
1751 2355 1787 2417 in
1808 2354 1997 2420 disserendo
2018 2362 2156 2437 argutus
2177 2353 2284 2416 mani·

289 2441 356 2510 rilli
378 2441 606 2505 autoritatibus
628 2449 750 2502 temere
768 2437 903 2504 detortis
921 2439 1134 2522 respondisse.
1177 2438 1260 2502 Pro·
1311 2441 1420 2505 festas.
1464 2439 1616 2503 Alterum
1647 2439 1807 2521 siquidem
1836 2442 2071 2523 interrogatum
2098 2439 2139 2502 de
2161 2437 2282 2503 divini-

289 2527 367 2594 inde
395 2525 472 2590 binc
500 2527 600 2589 finem
628 2545 717 2586 eram
740 2525 896 2588 facturus:
929 2546 1043 2589 verum
1065 2524 1188 2606 aliquot
1208 2544 1260 2587 ar·
1312 2527 1389 2591 tatis
1416 2524 1616 2607 plenitudino
1644 2525 1864 2601 asserendum,
1894 2527 2032 2591 alterurn
2055 2545 2135 2590 vero
2157 2543 2280 2607 negan-

338 2621 449 2676 menta
470 2619 545 2674 tuae
566 2609 665 2692 priori
687 2607 843 2692 epistolae
864 2609 988 2674 inserta
1010 2631 1075 2676 non
1105 2611 1261 2675 siverunt.
1313 2609 1515 2676 dumfuerat.
1549 2611 1700 2688 Tttvero,
1719 2613 1812 2693 quasi
1830 2611 1937 2676 oleum
1955 2631 2122 2693 nunquam
2134 2609 2282 2686 vidisses,

326 2698 421 2762 uibus
449 2696 564 2760 fratros
591 2705 718 2760 nostros
746 2695 792 2760 sio
822 2695 973 2761 inescasti
1001 2705 1039 2760 ut
1066 2716 1087 2760 a
1108 2707 1166 2760 tua
1187 2715 1261 2760 sen·
1313 2695 1472 2762 adiecisti:
1495 2696 1600 2762 Nemo
1622 2707 1672 2762 est
1693 2699 1748 2780 qui
1769 2705 1875 2780 neget.
1920 2696 2057 2774 Deinde,
2083 2716 2147 2778 quo
2169 2713 2284 2759 aurem

290 2783 396 2850 tentia
428 2779 539 2846 divelli
573 2803 639 2844 nen
668 2780 802 2862 possint.
856 2779 948 2861 Quos
973 2783 1087 2846 crebro
1108 2781 1202 2846 oravi
1223 2789 1263 2845 ut
1313 2803 1426 2848 eorum
1444 2783 1499 2864 qui
1517 2791 1608 2846 tuam
1625 2781 1841 2847 adversantur
1858 2782 2055 2846 sententiam
2073 2780 2283 2864 percelleres,

291 2870 422 2952 integra
449 2865 529 2930 mihi
558 2865 757 2943 redderetur,
787 2866 845 2930 sed
867 2887 934 2932 non
956 2869 1096 2932 exoravi.
1140 2867 1262 2932 Hacte-
1314 2866 1482 2932 addidisti:
1512 2868 1575 2932 Est
1603 2875 1713 2934 tamen
1741 2869 1776 2932 in
1799 2889 1863 2949 quo
1888 2867 1987 2950 aliqui
2010 2866 2179 2942 falluntur,
2209 2866 2284 2948 quia

291 2975 356 3020 nus
384 2952 469 3018 hanc
497 2974 550 3018 me
578 2952 735 3018 celarunt.
788 2951 886 3033 Quod
911 2975 974 3036 qua
995 2955 1120 3018 ratione
1141 2953 1263 3019 factum
1313 2975 1380 3018 non
1401 2951 1607 3018 considerant
1624 2973 1742 3018 nomen
1760 2954 1819 3018 tilii
1837 2952 1901 3018 dici
1919 2953 1959 3017 de
1976 2973 2124 3035 persona.
2146 2951 2284 3033 ideoque

290 3041 336 3109 sit
356 3060 398 3104 ne
419 3037 549 3120 quidem
571 3037 728 3122 intelligo.
762 3037 908 3104 Tandem
926 3060 1005 3103 vero
1027 3061 1047 3103 a
1066 3039 1167 3104 fratre
1188 3058 1262 3102 nos·
1313 3041 1349 3104 in
1377 3037 1639 3121 praedicamento
1667 3039 1833 3104 relationis
1861 3039 2029 3104 contineri,
2073 3037 2190 3112 Nemo,
2212 3055 2284 3101 mec

290 3135 344 3193 tro
379 3122 564 3200 Mutotett)
602 3124 823 3208 fragmentum
855 3125 963 3190 nescio
996 3123 1080 3206 quod
1113 3123 1263 3206 precibus
1313 3123 1443 3202 iudicio,
1465 3124 1528 3190 nisi
1551 3123 1688 3190 Sabellii
1709 3145 1819 3189 errore
1840 3125 2026 3201 fascinatus,
2048 3123 2153 3187 filium
2171 3119 2213 3186 da
2234 3141 2284 3186 se-

291 3213 422 3280 extorsi.
468 3209 524 3276 Sic
546 3217 656 3274 antem
678 3209 831 3274 babebat:
855 3209 967 3289 Quum
989 3210 1086 3275 Pauli
1109 3230 1264 3292 expressa
1315 3209 1423 3276 cunda
1443 3229 1581 3291 persona
1602 3211 1635 3274 in
1658 3210 1788 3289 divinis,
1810 3209 1903 3275 idest
1924 3210 1964 3274 de
1980 3207 2166 3284 vorbo,dici
2184 3227 2284 3289 nega·

294 3300 361 3366 sint
381 3296 481 3362 verba
502 3295 587 3378 qaod
608 3296 644 3358 in
666 3294 800 3360 Christo
822 3295 949 3360 habitet
969 3296 1075 3360 omnis
1097 3295 1263 3379 plenitudo
1314 3297 1407 3372 verit,
1431 3303 1489 3360 aut
1510 3315 1666 3378 personae
1687 3317 1753 3360 non
1775 3297 1872 3360 fuerit
1899 3304 2091 3377 assequutus
2113 3293 2284 3358 rationem.

293 3383 485 3458 divinitatis,
514 3380 690 3446 aliundene
720 3403 763 3446 an
792 3401 811 3445 a
840 3383 966 3463 seipsa
995 3383 1038 3445 sit
1064 3381 1121 3446 illa
1143 3380 1262 3444 divini·
1314 3380 1418 3447 Ouios
1445 3383 1574 3464 generis
1601 3391 1678 3446 sunt
1703 3403 1768 3446 non
1796 3382 1892 3463 pauci
1913 3401 2053 3463 quorum
2075 3379 2210 3444 nomina
2232 3377 2285 3442 hic

291 3471 370 3536 tatis
396 3466 575 3552 plenitudo,
604 3487 698 3531 nemo
727 3467 859 3548 estqui
888 3473 995 3552 neget
1040 3465 1078 3533 si
1105 3467 1165 3532 tibi
1186 3485 1262 3531 oum
1315 3467 1372 3532 tibi
1394 3467 1537 3552 prudens
1558 3465 1736 3532 dissimulo.
1780 3468 1887 3532 Filius
1914 3468 2033 3550 quippe
2055 3465 2120 3530 Dei
2144 3481 2285 3548 persona

292 3555 403 3637 fungis
426 3561 512 3618 esset
532 3554 710 3636 negotium,
735 3551 871 3630 Calvino,
894 3553 1003 3618 forsan
1025 3551 1181 3618 eiusmodi
1209 3573 1261 3616 ar·
1314 3562 1373 3630 est,
1403 3561 1438 3617 et
1465 3573 1606 3635 persona
1632 3565 1692 3618 est
1709 3554 1807 3620 tilius.
1826 3554 1898 3618 Dei.
1949 3553 2074 3618 Verum
2102 3549 2183 3632 quid
2205 3548 2285 3614 baec

339 3641 459 3704 tiaram
481 3638 624 3721 strophis
645 3637 757 3702 ludere
787 3638 937 3704 licuisset
982 3639 1029 3703 Δι
1056 3658 1156 3721 quum
1188 3659 1261 3704 cum
1314 3639 1356 3704 ad
1378 3648 1561 3722 susceptam
1583 3659 1716 3704 eausam
1738 3640 1860 3704 faciant
1877 3659 1944 3704 non
1962 3637 2064 3702 video.
2098 3635 2174 3701 Non
2197 3635 2284 3700 enim

291 3661 355 3804 bib,
385 3725 442 3808 qui
470 3723 643 3806 aliquando
669 3724 705 3786 in
721 3723 849 3788 scholis
876 3745 1009 3789 manum
1038 3723 1162 3790 ferulae
1189 3724 1263 3789 sub·
1314 3726 1474 3807 sequitur:
1509 3725 1616 3790 Filius
1652 3725 1693 3789 de
1721 3745 1859 3808 persona
1886 3725 2096 3799 enuntiatur,
2126 3720 2282 3786 Christus

293 3811 461 3878 duxerunt
481 3817 789 3894 praeceptorumque
811 3830 910 3891 opera
926 3810 976 3875 usi
998 3819 1084 3886 sunt,
1106 3809 1182 3876 lieet
1204 3808 1263 3874 tibi
1313 3811 1423 3893 igitur,
1447 3819 1607 3893 quatenus
1630 3812 1720 3876 Deus
1742 3819 1799 3886 est,
1823 3831 1843 3874 a
1863 3832 1899 3876 se
1919 3812 1988 3892 ipso
2009 3811 2080 3872 erit
2119 3805 2211 3887 Quin
2233 3825 2284 3888 pc·

292 3896 475 3964 eruditione
497 3897 564 3959 sint
583 3895 733 3977 impares,
756 3897 923 3980 negotium
951 3897 1003 3972 sit,
1031 3896 1168 3962 miratus
1188 3917 1262 3960 sum
1315 3898 1379 3962 tius
1401 3896 1447 3962 sic
1470 3897 1577 3962 licebit
1598 3897 1763 3978 colligere:
1791 3897 1898 3961 Filius
1920 3896 1981 3962 Dei
2005 3897 2045 3958 de
2067 3911 2208 3977 persona
2229 3911 2284 3974 go-

292 4004 352 4050 cur
383 3991 450 4046 tam
479 4001 596 4063 parum
623 3981 768 4063 apposite
796 3982 1006 4046 ratiocinatus
1033 3981 1142 4045 fueris.
1195 3981 1262 4045 De·
1315 3981 1393 4057 nita,
1426 3980 1468 4046 ad
1499 4003 1595 4064 quam
1629 3993 1754 4064 spectat
1783 3983 1891 4047 earnis
1930 3981 2121 4063 assumptio,
2155 3976 2283 4043 dicitur.

291 4068 369 4136 inde
391 4089 450 4133 cur
471 4067 556 4132 hano
578 4063 675 4131 Pauli
697 4068 891 4131 sententiam
918 4087 1000 4148 quae
1028 4073 1084 4131 tuo
1109 4065 1192 4130 nihil
1213 4066 1263 4130 iu·
1314 4068 1404 4150 Ergo
1415 4065 1576 4144 Ohrist'us,
1598 4077 1759 4150 quatenus
1773 4068 1865 4133 Deus
1883 4077 1941 4141 est,
1963 4088 2029 4130 non
2046 4075 2097 4130 est
2113 4085 2133 4127 a
2151 4083 2188 4128 sc
2205 4064 2284 4144 ipso.

293 4154 397 4222 servit
429 4153 591 4236 proposito
628 4151 806 4226 induxeris,
835 4152 900 4216 nisi
927 4149 1012 4235 quod
1040 4151 1197 4230 intellexi,
1231 4161 1263 4215 ta
1314 4153 1400 4218 Nam
1428 4152 1589 4228 Obristus,
1618 4163 1780 4236 quatenus
1807 4155 1909 4226 Deus,
1939 4149 2081 4217 secunda
2106 4151 2142 4214 in
2164 4147 2286 4214 divinis

292 4239 505 4321 undequaque
527 4238 640 4302 furtim
661 4257 720 4320 pro
748 4237 847 4302 semel
875 4245 1000 4303 aeserta
1027 4237 1180 4320 opinione
1205 4257 1263 4302 ve-
1314 4259 1454 4320 persena
1480 4249 1550 4316 est,
1566 4239 1601 4304 id
1629 4251 1679 4305 ost
1707 4241 1855 4316 verbum,
1883 4239 2009 4303 ratione
2038 4237 2130 4302 ouius
2152 4235 2285 4300 Christe

293 4326 366 4392 nari
388 4324 552 4407 suffragia
597 4323 643 4386 Et
663 4323 746 4386 mibi
765 4321 885 4386 videris
901 4323 1006 4388 facero
1027 4322 1113 4406 quod
1130 4322 1264 4387 rabulae
1314 4324 1348 4388 in
1378 4322 1503 4390 duabus
1531 4326 1658 4412 naturis
1686 4345 1843 4406 personae
1870 4344 1989 4389 nomen
2017 4321 2186 4394 convenit,
2220 4339 2285 4384 non

293 4411 447 4487 forenses,
472 4410 544 4490 qui,
578 4407 656 4472 dum
688 4407 831 4490 iniquam
866 4427 997 4472 causam
1027 4407 1264 4473 defendendam
1314 4409 1441 4474 ratione
1463 4419 1630 4494 susceptae
1652 4421 1797 4476 naturae.
1841 4409 1988 4476 Subinde
2009 4409 2126 4473 infers:
2148 4405 2286 4487 ideoque

260 4547 263 4556 .
294 4501 518 4580 susceperunt,
540 4514 583 4558 ne
605 4493 646 4557 ab
666 4513 705 4558 aa
726 4491 887 4573 excidant,
915 4493 1022 4559 solent
1043 4493 1132 4578 leges
1153 4494 1263 4558 inver·
1314 4495 1349 4559 in
1381 4495 1644 4576 praedicamento
1676 4497 1842 4562 relationis
1880 4497 1985 4560 filium
2018 4495 2082 4559 Dei
2114 4489 2285 4557 contineri.

294 4589 364 4647 tere
391 4599 509 4662 easque
535 4580 570 4643 in
599 4586 767 4660 susceptae
795 4599 911 4645 causae
939 4577 1177 4656 defensionem,
1210 4579 1265 4645 vel
1315 4579 1346 4646 Ο
1370 4581 1533 4666 insignem
1560 4581 1774 4658 dialecticum,
1802 4581 1858 4664 qui
1884 4581 1979 4646 nobis
2004 4589 2141 4663 patrem,
2170 4576 2285 4654 filium,

294 4666 491 4733 reclamante
512 4665 716 4741 conscientia,
739 4685 835 4748 saepe
853 4673 1012 4747 torquere.
1056 4665 1130 4730 Non
1151 4665 1264 4749 displi·
1315 4666 1466 4748 spiritum
1495 4675 1653 4745 sanctum,
1681 4667 1855 4750 Deumque
1883 4667 1991 4750 ipsum
2018 4663 2151 4730 tandem
2179 4671 2286 4728 totum

295 4767 348 4819 cet
368 4751 453 4835 quod
475 4752 563 4816 citas.
607 4749 680 4814 Imo
702 4750 838 4815 citatum
859 4759 1055 4816 veneranter
1071 4751 1263 4834 excipimus,
1314 4753 1351 4816 in
1372 4753 1610 4835 categoriarum
1628 4754 1899 4818 aristotelicorum
1920 4750 2229 4826 coordinationibus,
2250 4741 2285 4808 id

295 4845 425 4902 tantum
461 4835 553 4902 abest
584 4845 622 4900 ut
654 4835 830 4918 displiceat.
885 4835 1044 4901 Fatemur
1075 4837 1196 4920 qnippe
1226 4837 1263 4901 in
1315 4849 1365 4904 est
1386 4839 1421 4902 in
1443 4859 1570 4922 genere,
1593 4838 1774 4914 concludet,
1796 4838 1881 4921 quod
1902 4858 1999 4904 nemo
2016 4837 2136 4902 mentis
2152 4851 2286 4918 compos

296 4921 429 4988 Christo
460 4943 591 4988 omnem
629 4920 811 4987 divinimtis
850 4921 1087 5005 plenitudinem
1120 4943 1262 4988 manere.
1315 4925 1518 4989 concesserit
1563 4924 1678 4990 Genus
1699 4925 1819 5007 quippe
1840 4925 1932 5007 prius
1960 4933 2011 4990 est
2030 4922 2211 4990 secundum
2233 4921 2286 4984 in·

297 5061 314 5071 ,
353 5061 463 5070 ..-
1316 5009 1484 5077 tellectum
1501 5030 1538 5076 eo
1555 5008 1641 5092 quod
1658 5011 1693 5074 in
1711 5031 1831 5093 genere
1848 5011 2039 5086 continetur,
2058 5017 2094 5074 at
2112 5007 2186 5073 Deo
2200 5005 2283 5072 nibil

400 5063 528 5206 ιιιι-ιιιιι
539 5126 734 5208 Ιιιιιιιιιιιριςιη,
745 5126 999 5208 nmmum
1029 5125 1264 5195 N.as.1sa1ao)
1316 5103 1367 5160 cst
1395 5095 1494 5178 prius,
1523 5115 1584 5195 neo
1612 5095 1791 5194 secundum
1802 5117 1884 5196 ‘rem
1906 5116 1967 5161 nec
1987 5091 2167 5194 seeundum
2188 5091 2285 5158 intel·

296 5203 375 5246 sumc
390 5200 516 5250 macero
532 5211 565 5248 cs
582 5201 712 5250 ωιιιιιαιιι
730 5195 976 5264 Neocaesaream,
1043 5196 1068 5264 ).
1315 5179 1452 5247 lectum:
1473 5179 1682 5279 manifestum
1699 5189 1750 5247 cst
1765 5189 1867 5268 igitur
1877 5181 1986 5248 Deum
2002 5201 2039 5246 ιιι
2056 5179 2147 5246 nullo
2165 5197 2285 5265 gonaro
