4860 5968
308 302 372 364 443

309 484 398 548 minc
430 482 603 548 canusima.
658 479 774 548 Saluta
806 503 919 548 omnes
941 489 1098 559 amanter,
1128 479 1274 560 Coelium,

311 569 487 646 latonam,
509 566 663 632 Renum
685 575 718 632 et
740 569 897 633 familiam
915 579 1012 633 tuam.
1043 565 1170 632 Iterum
1192 567 1274 632 vale.

764 703 903 770 Ioannes
925 703 1084 770 Calvinus
1106 711 1189 768 tuns.

376 873 519 1042 teSegi)psi
542 877 673 941 turbate
695 875 811 953 animo,
834 881 868 968 et
887 874 1108 954 tumultuarie,
1128 897 1166 942 ac
1188 874 1277 940 festi-

310 980 375 1024 nan
410 983 435 1024 r.

760 1368 836 1439 424.

574 1504 775 1573 vittatus
798 1505 1014 1572 OALVINO.

396 1677 447 1742 De
467 1677 651 1742 decanorum
672 1697 816 1758 responso
837 1683 864 1741 et
884 1679 962 1742 actis
982 1677 1196 1744 Remenibas
1216 1697 1279 1743 ιιοιι

311 1768 355 1828 eat
375 1763 456 1843 quod
472 1761 535 1826 stet
553 1763 735 1846 mefulelur.
784 1764 866 1842 Quid
888 1763 1056 1828 tuendam
1077 1769 1131 1827 auf
1151 1785 1278 1843 sperare

310 1850 389 2000 {m
407 1848 505 1998 achiba
525 1847 583 1915 bec
599 1869 707 1914 reram
727 1847 907 1913 conditione.
953 1847 1048 1914 Oarc'e
1070 1850 1191 1914 iamin
1213 1849 1280 1914 fta-

311 2105 365 2172 (Ex
384 2104 551 2174 autographo
561 2103 629 2156 Bibl.
642 2103 743 2156 Genov.
762 2103 826 2156 Cod.
839 2102 906 2156 lile
921 2104 965 2158 fol.
982 2103 1016 2157 te
1034 2107 1108 2158 euius
1126 2103 1280 2173 apographa

311 2181 419 2227 exstem
437 2173 503 2226 ibid.
521 2172 585 2226 (lod.
611 2171 672 2238 116,
695 2171 798 2224 10177,
839 2173 949 2224 Archiv.
975 2173 1053 2227 Bcrn.
1077 2173 1146 2242 Bpp.
1169 2171 1234 2225 VII.
1253 2189 1278 2242 p.

607 2240 659 2294 452
676 2245 705 2294 et
721 2240 827 2294 Simler.
846 2241 905 2294 Vel.
924 2241 979 2307 51.)

395 2429 524 2494 Pietate
542 2436 574 2492 et
593 2427 777 2493 eruditione
794 2429 1001 2494 ornatissimo
1013 2429 1129 2496 Ioanni
1141 2429 1280 2496 Calvino

310 2515 402 2582 verbi
423 2515 572 2580 ministre
594 2513 782 2580 fidelissimo

988 2600 1150 2666 Genavae.

397 2733 432 2801 S.
456 2736 508 2801 De
529 2735 725 2802 decanorum
754 2753 909 2818 responso
931 2743 965 2800 et
985 2735 1125 2800 formula
1148 2735 1280 2803 Oouaeui

310 2828 418 2886 tecum
441 2821 546 2886 sentio
568 2821 672 2904 plane,
687 2821 712 2902 ¹)
734 2820 774 2885 de
796 2841 860 2903 qna
882 2842 917 2885 re
935 2821 1071 2887 fortasse
1089 2821 1169 2888 alias
1185 2823 1279 2887 fami-

309 2907 424 2971 liarius
453 2906 681 2990 colloquemur.
734 2905 922 2971 Voluissem
955 2905 1092 2974 decanos
1125 2917 1280 2990 sequntos

310 3000 458 3058 noenum
480 2993 660 3056 consilium.
695 2991 884 3057 Zebedeeum
906 3013 973 3057 nen
993 2994 1085 3076 potui
1107 2995 1280 3058 convenire

308 3079 497 3160 priusquam
519 3077 656 3143 classem
677 3085 888 3156 convocaret,
919 3079 1057 3143 necdum
1084 3078 1167 3143 mihi
1189 3081 1280 3145 visus

310 3171 361 3228 est
392 3171 564 3246 postquam
587 3164 699 3228 Barna
724 3163 834 3240 rediit,
865 3165 1016 3247 quamvis
1039 3165 1144 3229 literis
1173 3186 1193 3230 a
1226 3185 1280 3230 me
1351 3218 1357 3230 .

309 3248 395 3314 serio
412 3257 445 3312 et
462 3249 698 3314 instantissime
716 3257 855 3314 vocatus.
889 3249 991 3328 Alias,
1010 3249 1163 3316 ecelesiae
1181 3272 1280 3332 quum

309 3333 473 3418 alligatior
494 3344 587 3410 esset,
610 3335 651 3400 ob
673 3335 855 3400 levissimas
877 3355 1020 3418 quasque
1042 3355 1156 3400 causas
1178 3337 1280 3401 cursi-

309 3419 415 3484 tabat:
446 3441 533 3486 nnnc
562 3441 665 3502 paene
693 3421 817 3486 solutus
845 3421 904 3484 vix
930 3421 1057 3486 evocari
1086 3419 1127 3484 ad
1149 3441 1202 3485 res
1223 3419 1280 3485 ad·

309 3502 442 3569 modum
465 3505 663 3570 necessarias
680 3515 794 3588 potest.
828 3505 942 3570 Noluit
959 3505 1184 3570 scholasticam
1202 3527 1280 3572 con·

310 3589 467 3655 ditionem
489 3589 711 3672 admitterc,²)
732 3589 789 3655 sed
811 3612 891 3674 quas
912 3591 953 3656 eb
975 3612 1104 3671 causas,
1134 3591 1280 3657 nondum

310 3675 416 3740 habeo
449 3676 529 3741 satis
563 3683 775 3759 compertum.
830 3675 926 3757 Quod
960 3684 1071 3741 tamen
1103 3697 1169 3742 non
1201 3685 1280 3760 puto

310 3761 382 3826 sine
404 3761 538 3825 numine
559 3761 691 3828 factum.
742 3761 827 3826 Nam
849 3784 891 3826 ex
921 3783 984 3845 qno
1006 3763 1083 3828 hinc
1104 3763 1184 3828 abiit
1208 3762 1278 3828 Goe-

309 3845 412 3928 tiam)
441 3866 514 3910 eum
546 3845 650 3912 literis
685 3847 806 3912 nostris
838 3847 1126 3927 commendatitiis,
1161 3849 1279 3931 quibus

309 3931 476 3997 hominem
498 3931 804 3998 commendabamus
823 3941 862 3998 ut
884 3934 1003 4017 dignus
1025 3933 1204 4012 videbatur,
1227 3955 1279 4000 ac·
1357 3987 1363 4000 .

310 4035 347 4082 ee
370 4018 396 4081 it
420 4017 602 4100 praefectus
630 4017 741 4082 literas
769 4039 789 4081 a
815 4031 947 4096 senatu,
979 4019 1096 4101 quibus
1129 4029 1281 4084 monetur

387 4103 489 4168 issum
512 4123 585 4168 esse
609 4101 754 4178 Coelium,
783 4103 824 4168 ad
845 4104 930 4168 hanc
951 4105 1170 4170 conditionem
1192 4117 1229 4168 ut
1250 4107 1280 4168 ei

311 4185 444 4252 domurn
465 4189 600 4254 adornet
628 4197 663 4253 et
690 4189 861 4273 collegium
890 4192 1033 4256 instruat
1054 4211 1093 4255 ea
1114 4211 1177 4273 qua
1198 4211 1280 4274 epus
1356 4244 1362 4256 .

311 4279 362 4338 est
381 4273 611 4357 suppellectile.
646 4273 788 4340 Additur
808 4283 976 4360 praeterea
997 4276 1027 4341 ei
1049 4299 1070 4340 a
1092 4283 1207 4342 senatu
1225 4273 1280 4341 de-

310 4367 437 4424 cretum
465 4360 619 4426 salarium
643 4366 706 4426 400
727 4363 941 4440 florenorum,
970 4361 1151 4427 modiorum
1181 4361 1281 4428 tritici

312 4445 342 4523 3,
364 4444 433 4507 vini
454 4467 609 4512 curruum
632 4451 651 4510 2
674 4453 731 4512 ant
753 4451 782 4512 3.
821 4448 907 4512 Puto
928 4456 961 4512 et
982 4449 1135 4530 pecunias
1157 4447 1198 4513 ad
1219 4449 1280 4512 im-

415 4715 445 4781 2)
470 4717 629 4772 Terretr'nus
646 4719 685 4773 ed
700 4736 735 4774 m.
755 4719 910 4788 Augustum
927 4737 949 4776 a.
969 4720 1146 4789 Septandrem
1164 4721 1280 4787 referees·

312 4787 376 4842 dom
394 4787 465 4840 banc
483 4787 600 4840 meam.
627 4787 723 4857 Neque
739 4803 791 4841 aec
807 4790 925 4843 certiore
943 4790 1078 4844 bodemen
1106 4789 1200 4844 Ιιιιοιιι
1212 4805 1282 4860 qaae

310 4857 435 4924 proxim
451 4857 573 4975 ιιῗιιιιιιι
590 4855 673 4910 Vimr'
696 4857 729 4910 de
751 4856 888 4912 Zebedceo
911 4865 936 4912 et
961 4857 1050 4912 Coelio
1072 4861 1138 4926 epit,
1162 4866 1187 4913 et
1210 4861 1282 4913 Ιιιιιιο

312 4923 420 4993 quidem
440 4923 478 4976 οο
489 4925 569 4976 mnae
585 4925 669 4977 nescit
686 4925 741 4977 ιάιιι
759 4927 789 4979 ιἰι
808 4925 921 4980 Iubam
937 4927 1084 4994 profectum
1103 4941 1167 4982 ecce.

329 4990 396 5052 Μ.
414 4992 444 5124 33
465 4991 622 5114 melei
639 4991 677 5046 ad
697 4991 806 5048 Caluini
821 4995 961 5063 epistolum
981 4995 1019 5048 N.
1037 4993 1097 5048 421.

602 5061 707 5114 deatum
724 5079 823 5117 ιιιιιιιιιιι
840 5063 1025 5119 academicum
1035 5063 1113 5129 odiit,
1131 5070 1212 5118 caue
1226 5065 1282 5118 iem

312 5132 344 5182 ιιι
361 5127 467 5183 videtur
484 5129 511 5182 ei
527 5130 654 5184 etloum.

414 5195 445 5262 3)
470 5197 536 5252 Vide
555 5198 591 5253 N.
610 5197 671 5252 420.

1073 291 1333 360 tartaronum
1356 297 1525 358 aaa-426
1554 275 1557 282 ’

2232 297 2289 362 414

1326 501 1444 565 pensas
1476 503 1547 546 esse
1579 479 1721 560 additas,
1755 491 1793 546 nt
1819 481 2019 548 commodius
2047 481 2111 547 hue
2137 480 2289 547 familiam

1326 568 1526 632 transferret.
1570 568 1768 650 Priusquam
1786 567 1869 631 mihi
1890 579 1966 632 tuae
1987 567 2101 633 literae
2121 564 2289 632 redderen-

1327 661 1392 730 tur,
1413 653 1479 716 iam
1497 674 1517 717 a
1538 652 1631 717 nobis
1648 652 1847 729 discesserat,
1870 673 1934 735 qne
1956 654 2078 718 factum
2097 663 2148 718 est
2168 661 2207 716 ut
2223 659 2289 718 tues

1329 739 1359 802 ei
1379 736 1513 802 reddere
1535 760 1597 802 nen
1617 738 1753 814 licuerit,
1776 760 1856 821 quas
1878 739 2044 821 resignavi
2065 751 2099 802 et
2119 739 2288 803 asservari.

1329 821 1425 904 Quod
1453 833 1562 888 autem
1591 824 1714 888 vereris
1743 845 1784 888 ne
1811 845 1846 888 se
1872 826 2056 888 committat
2083 823 2235 906 perieulis
2261 837 2290 888 et
2403 820 2404 884 l

1329 908 1548 990 praeiudiciis,
1581 907 1615 972 id
1649 909 1735 974 ultro
1767 909 1913 976 facturus
1946 917 1997 976 est
2027 908 2112 992 quod
2145 908 2288 974 consulis.
2403 907 2404 910 ’

1329 995 1405 1058 Νοιι
1427 995 1513 1058 enim
1536 993 1683 1060 decrerit
1703 995 1891 1059 ferrariam
1913 997 2099 1078 praeterire.

1415 1078 1482 1145 Sed
1512 1079 1552 1143 dc
1579 1079 1631 1144 his
1656 1080 1723 1144 iam
1743 1082 1830 1144 satis.
1876 1079 1988 1146 Redeo
2016 1079 2057 1144 ad
2085 1089 2159 1144 tuas
2186 1079 2291 1144 literas

1330 1175 1364 1229 et
1392 1173 1526 1230 senatus
1555 1165 1787 1232 consultum.⁴t
1837 1167 1885 1232 Ut
1910 1167 2053 1250 ingenue
2080 1169 2185 1230 fatear
2211 1163 2291 1247 apud

1330 1265 1362 1316 tc
1382 1249 1465 1333 quod
1489 1251 1608 1326 sentio,
1638 1249 1792 1332 estquod
1819 1251 1999 1316 desiderem
2020 1252 2055 1314 in
2077 1251 2137 1316 hee
2159 1251 2291 1333 negotio,

1330 1356 1391 1402 nec
1412 1335 1624 1402 dissimulavi.
1674 1337 1715 1400 In
1743 1357 1783 1401 ea
1809 1358 1899 1402 eram
1925 1337 2088 1402 sententia
2115 1343 2152 1401 nt
2179 1335 2292 1400 clarius

1330 1421 1555 1504 eloqueremur
1575 1421 1661 1502 qued
1683 1423 1850 1497 acuemus,
1879 1443 2124 1488 occurreremus
2146 1421 2292 1504 periculis

1330 1519 1364 1571 et
1383 1505 1589 1590 praeiudiciis
1609 1529 1692 1589 qnae
1713 1516 1750 1571 ιιι
1772 1507 1913 1590 colligis:
1935 1507 1991 1572 sed
2014 1507 2087 1572 aliis
2109 1507 2221 1570 visum
2240 1519 2291 1582 est,

1330 1593 1409 1674 ipsis
1430 1592 1533 1656 literis
1555 1591 1636 1657 haee
1664 1595 1773 1658 omnia
1800 1595 1880 1659 satis
1907 1594 2015 1659 caveri
2041 1603 2074 1656 et
2103 1593 2226 1656 nestris
2246 1613 2292 1657 oc·

1329 1679 1417 1743 curri
1440 1677 1588 1759 querelis.
1622 1678 1696 1742 Non
1714 1679 1869 1760 putabam
1890 1699 1961 1744 esse
1983 1679 2017 1742 in
2039 1687 2206 1744 certamen
2228 1675 2292 1742 des·

1330 1761 1546 1838 condendum,
1576 1762 1632 1827 sed
1659 1764 1769 1828 minus
1798 1773 1907 1828 tamen
1936 1761 2187 1830 connivendum.
2233 1759 2293 1826 Sed

1330 1850 1357 1914 si
1379 1849 1485 1914 nestri
1507 1849 1569 1914 hac
1590 1849 1625 1913 in
1647 1859 1738 1930 parte
1760 1851 1851 1914 fuere
1873 1849 2048 1926 faciliores,
2078 1870 2120 1912 nc
2143 1861 2237 1931 putes
2256 1847 2291 1912 ab

1330 1935 1403 1998 aliis
1424 1933 1510 1999 hane
1535 1935 1667 2017 pensari
1695 1934 1885 2000 facilitatem
1912 1935 2034 2000 maiore
2061 1953 2149 2000 cura
2194 1932 2293 1996 Video

1330 2031 1365 2084 et
1386 2018 1481 2084 audie
1504 2019 1578 2084 aliis
1605 2019 1722 2084 melius
1750 2039 1820 2084 esse
1845 2021 2061 2096 satisfactum,
2091 2041 2150 2084 nee
2179 2019 2292 2084 consti-

1331 2107 1432 2170 tuisse
1454 2104 1541 2170 aliud
1559 2105 1726 2187 quidpiam
1743 2125 1813 2170 csse
1830 2105 2100 2188 respondendnm.
2134 2104 2188 2170 Ad
2206 2123 2293 2186 prae·

1331 2193 1431 2254 fixam
1464 2188 1549 2254 diem
1583 2190 1781 2272 Albenam⁶)
1814 2213 1866 2256 me
1899 2191 2038 2267 contuli,
2072 2190 2130 2255 sed
2162 2189 2295 2254 alienun

1331 2276 1470 2340 duarum
1481 2275 1632 2342 classium
1643 2277 1670 2346 ⁶)
1687 2296 1784 2340 nemo
1802 2273 1912 2340 adfuit
1947 2276 2111 2342 (lausatur
2129 2273 2294 2339 adversam

1331 2373 1559 2443 tempestatem
1574 2361 1736 2426 Peridiae.
1748 2366 1774 2435 ²)
1802 2361 1891 2442 Quid
1903 2362 2064 2428 Gaienses
2083 2359 2294 2444 impediverit,

1331 2467 1384 2510 me
1402 2448 1489 2510 latet.
1534 2446 1629 2512 Dabo
1640 2466 1772 2530 operam
1784 2459 1821 2512 nt
1838 2448 1958 2512 nostris
1974 2446 2016 2511 ad
2027 2459 2179 2512 senatum
2197 2445 2295 2509 literis

1331 2532 1566 2615 respondeatur
1595 2553 1692 2614 quam
1720 2533 1791 2596 fieri
1818 2533 1939 2614 poterit
1960 2533 2145 2608 mitissime,
2175 2531 2234 2596 sed
2254 2531 2297 2592 ita

1332 2627 1462 2682 utnon
1487 2617 1619 2700 penitus
1652 2619 1737 2682 male
1772 2618 1960 2684 consulatur
1991 2631 2122 2682 nostrae
2150 2615 2296 2680 libertati.

1332 2701 1467 2786 Oelligis
1489 2703 1594 2767 mnlta
1612 2701 1823 2782 incommoda,
1846 2724 1928 2785 quae
1945 2704 2076 2768 tametsi
2094 2703 2172 2768 satis
2188 2713 2297 2785 aperte

1331 2789 1409 2853 inde
1441 2791 1593 2871 consequi
1627 2788 1815 2866 videantur,
1849 2809 1915 2854 non
1946 2789 2088 2853 arbitrer
2121 2797 2233 2852 tamen
2263 2806 2297 2850 eo

1331 2881 1476 2956 spectare
1499 2883 1636 2938 auteres.
1682 2873 1754 2937 Toti
1782 2895 1820 2938 eo
1848 2874 2023 2956 rapiuntur
2051 2882 2089 2938 ut
2116 2873 2297 2955 papismnm

1332 2969 1366 3024 ct
1395 2959 1671 3024 lutheranismum
1698 2957 1925 3044 excludant,⁶)
1958 2980 2054 3042 quam
2088 2979 2224 3026 causam
2255 2957 2299 3020 ita

1332 3055 1436 3128 agunt
1457 3055 1495 3110 ut
1515 3044 1726 3128 praecludere
1752 3046 1840 3108 viam
1868 3045 1909 3109 ad
1938 3066 2069 3110 omnem
2095 3043 2299 3126 disciplinam

1332 3131 1581 3196 eeclesiasticam
1602 3131 1788 3206 videantur,
1818 3132 1966 3212 quamvis
1993 3144 2081 3196 certo
2103 3130 2207 3196 seiam
2231 3129 2300 3212 plu·

1332 3237 1432 3281 runos
1455 3237 1526 3282 esse
1555 3238 1597 3282 ex
1624 3237 1736 3281 eornm
1762 3237 1914 3294 numere,
1943 3217 2000 3298 qni
2028 3238 2093 3280 non
2120 3223 2298 3298 postremas

1333 3311 1442 3384 partes
1463 3303 1498 3366 in
1516 3300 1577 3367 hac
1595 3301 1815 3367 controversia
1832 3311 2016 3376 tenuerunt,
2039 3303 2095 3384 qui
2116 3321 2213 3367 secus
2231 3319 2298 3364 sen·

1333 3389 1424 3451 tiant.
1469 3387 1553 3452 Nam
1580 3409 1680 3468 quum
1718 3387 1759 3452 de
1786 3387 1858 3452 aliis
1888 3387 2080 3470 quibusdam
2112 3386 2235 3452 ritibus
2265 3405 2300 3448 ac

1331 3473 1523 3556 praesertim
1562 3473 1895 3538 excommunicatione
1933 3472 2014 3536 nihil
2047 3484 2156 3536 actum
2193 3473 2238 3536 sit
2268 3471 2301 3533 in

1332 3557 1559 3641 disputatione,
1570 3557 1597 3642 ⁹)
1619 3580 1662 3622 ne
1684 3571 1777 3640 putes
1795 3579 1849 3623 eos
1871 3567 1939 3622 taur
1958 3559 2022 3622 late
2044 3559 2185 3622 voluisse
2208 3577 2300 3622 suum

1331 3643 1474 3710 edietum
1495 3644 1680 3719 extendere,
1704 3665 1807 3725 neque
1828 3645 1938 3708 minus
1959 3665 2059 3727 penes
2077 3664 2137 3708 nos
2159 3643 2231 3708 eius
2252 3641 2299 3704 in·

1331 3731 1597 3810 terpretatieuem
1619 3751 1716 3811 quam
1739 3731 1825 3810 ipsos
1843 3744 1972 3793 autores
1989 3729 2133 3794 futuram
2153 3729 2299 3794 arbitror.

1332 3813 1428 3895 Quod
1450 3816 1477 3880 si
1499 3813 1707 3898 tyrannidem
1725 3835 1876 3879 exercere
1898 3815 2010 3894 velint,
2033 3825 2187 3897 poterunt
2205 3814 2301 3879 etiam

1332 3904 1401 3966 sine
1422 3900 1488 3964 ullo
1506 3921 1564 3964 suo
1583 3901 1702 3964 edicto:
1725 3899 1781 3964 aad
1799 3900 1892 3965 video
1910 3899 2004 3964 aliter
2021 3901 2167 3976 affectos,
2189 3918 2302 3982 quam·

1332 4007 1383 4051 vrs
1404 4007 1464 4051 nes
1486 4007 1550 4049 non
1572 3993 1720 4067 oporteat
1747 3986 1843 4050 nimis
1865 4007 1935 4050 esse
1956 4007 2087 4052 securos
2109 3999 2144 4050 et
2165 3985 2303 4068 posteri·

1332 4073 1410 4136 tatis
1441 4071 1651 4154 negligentes.
1702 4071 1820 4149 Porro,
1848 4069 1933 4152 quod
1961 4073 2076 4138 scribis
2104 4093 2164 4136 nee
2191 4071 2304 4152 ignota

1332 4157 1522 4239 approbare,
1555 4179 1669 4221 verum
1697 4177 1776 4222 sane
1800 4171 1887 4221 esset
1915 4157 1942 4220 si
1963 4157 2144 4222 Bemensis
2172 4167 2303 4220 tantum

1332 4241 1506 4325 drspntatie
1528 4249 1773 4326 preponeretur,
1796 4241 1854 4306 sed
1876 4241 1954 4308 huic
1973 4242 2304 4318 Lansannensem¹⁰l

1434 4513 1464 4577 4)
1484 4513 1569 4568 dii.
1588 4513 2165 4584 Aaquctfsactam,nen15,uf8fralerau
2182 4516 2273 4570 babet.

1435 4583 1464 4646 5)
1488 4586 1625 4648 stotonae,
1642 4599 1729 4651 prope
1744 4583 2125 4654 MerqeeetRolleiatfmbac
2132 4585 2305 4638 Vcdeaea'm

1435 4653 1465 4716 6)
1489 4651 1628 4721 Quaenam
1645 4655 1732 4706 altere
1754 4654 1839 4718 fuerit
1860 4659 1968 4721 praeter
1989 4653 2142 4723 Geiencem,
2162 4669 2223 4707 nea
2247 4667 2308 4706 cea·

1333 4727 1396 4775 etat.
1432 4722 1468 4774 In
1486 4727 1540 4776 toto
1561 4723 1675 4787 fumant
1697 4729 1812 4788 reptem:
1838 4721 1996 4786 Laerteque,
2022 4722 2141 4790 Morym,
2167 4719 2307 4786 Yeerdea,

1338 4791 1466 4860 Papme,
1488 4791 1566 4855 Orbe,
1586 4789 1645 4843 Gen
1663 4795 1688 4842 et
1710 4789 1831 4844 Theaua.

1435 4857 1465 4925 t)
1485 4859 1551 4914 Ged.
1572 4857 1620 4911 116
1637 4859 1728 4914 tete:
1745 4860 1873 4913 Perratns
1890 4857 1969 4926 (Ger.
1989 4857 2123 4913 Feriatur
2144 4857 2275 4924 Τοιιοιι.)

1435 4927 1465 4994 8)
1488 4930 1575 4982 Talem
1601 4927 1672 4981 enim
1694 4942 1751 4980 esse
1771 4943 1863 4982 eorum
1887 4927 2041 4996 religionem
2067 4929 2117 4996 qui
2137 4929 2165 4981 ia
2196 4924 2311 4981 Οοιοιιιι

1334 4995 1488 5120 exirem
1503 4996 1663 5050 sententiam
1681 4995 1858 5060 inclinabant,
1876 4995 2212 5066 maerensmaerens·
2228 5009 2308 5064 prae·

1334 5072 1344 5118 t
1428 5071 1483 5120 aar.

1436 5133 1466 5197 9)
1486 5132 1623 5186 Bernenaf
1638 5148 1664 5186 a.
1685 5131 1757 5186 1527.

1422 5202 1465 5268 10)
1484 5201 1585 5254 meana
1604 5199 1728 5256 Oelebrr'c
1747 5199 1820 5258 1536.
