4870 5978
285 316 348 379 639
1058 311 1316 380 ΕΡΙΒΤΟΙιΑΕ
1337 315 1506 380 ala-tlt
2218 309 2281 373 640

284 505 501 585 opportunum
527 497 638 562 visum
664 497 778 575 suerit,
806 521 844 566 ac
871 499 934 584 ipsi
956 501 1158 584 significaris.
1203 501 1256 565 Tu
1306 501 1387 582 adii,
1417 503 1484 568 iam
1509 499 1597 565 idem
1618 497 1777 582 cogitarat
1798 496 1838 562 de
1860 497 2012 576 Genava
2040 494 2127 580 qnod
2148 514 2223 561 nos:
2236 497 2281 580 ¹¹)

284 587 386 672 igitur
414 603 516 666 quum
544 581 698 666 expedire
725 584 893 664 iudicaris,
916 586 1029 652 scribe.
1074 583 1162 666 Quid
1181 606 1256 652 cum
1306 608 1370 670 qoo
1399 589 1522 654 lactum
1550 591 1602 650 est
1627 591 1666 647 ut
1692 602 1760 648 non
1787 582 1870 646 mibi
1897 582 1996 668 longa
2022 583 2168 647 oratione
2197 602 2281 666 opus

284 669 482 754 coegerim,
511 674 545 732 et
569 675 608 732 ut
633 689 686 734 res
713 669 782 736 illie
809 669 966 750 habeant,
994 671 1105 754 paucis
1135 673 1255 755 accipe.
1306 674 1412 738 fuerit
1435 672 1526 754 Quid
1547 675 1657 737 autem
1679 669 1830 733 statuerit
1846 667 1992 732 nondum
2009 677 2097 734 certo
2113 667 2207 750 potui
2224 666 2280 734 de·

286 755 438 840 Princeps
455 751 608 820 defuncta
624 761 682 818 est.
692 758 721 831 ⁴)
746 755 977 842 cantatum)
996 757 1030 820 in
1043 757 1255 822 Germaniam
1306 758 1524 841 prehendere,
1553 763 1610 820 aut
1631 753 1708 837 quid
1730 755 1837 818 arcani
1859 753 1979 818 habeat
2000 752 2135 819 consilii
2182 751 2278 836 Spem

283 837 1256 994 tttt‘tttt.tt‘³.ttt.².tt3.¹.¹t‘.t.tt⁰.⁰t¹⁰tttt
1307 835 2278 1007 t.⁰.¹ultfflttttttttttttltttlfitltttltt

283 1019 455 1097 postquam
484 1010 552 1075 dux
579 1011 778 1076 Aurelianus
805 1013 909 1078 ambit
935 1011 1048 1078 foedus
1076 1035 1152 1078 cum
1181 978 1255 1097 pros
1308 981 1417 1080 vinias
1445 951 1571 1080 salbum.
1615 1009 1705 1092 Quid
1730 976 1885 1075 Οιιίιιιιι
1912 1031 1986 1076 cum
2009 945 2144 1093 ldbrosis
2166 1010 2278 1093 egerit,

284 1095 490 1176 testantibus,
508 1103 543 1160 et
559 1117 594 1161 se
608 1096 817 1180 evangelium
833 1107 1057 1180 promoturum
1074 1098 1255 1182 pollicetur.
1308 1106 1341 1164 te
1363 1098 1527 1164 audivisse
1548 1103 1635 1182 puto.
1661 1094 1861 1176 Oopanoulas
1881 1103 1976 1179 parat
1996 1095 2038 1160 ed
2059 1103 2091 1160 ιι
2108 1095 2280 1180 epistolam

283 1183 338 1249 Ita
365 1182 461 1247 nobis
494 1189 663 1246 narratum
696 1191 755 1250 est.
794 1181 903 1263 Quam
930 1205 1047 1248 verum
1077 1185 1136 1260 sit,
1167 1183 1255 1249 haud
1308 1207 1406 1268 quam
1428 1185 1630 1268 promiserat.
1645 1182 1684 1260 ¹²)
1728 1181 1779 1244 'Pu
1800 1181 1877 1246 vide
1898 1190 1935 1246 ut
1956 1181 2060 1247 amice
2081 1179 2279 1264 respondeas

284 1269 364 1335 satis
385 1267 489 1332 babeo
510 1274 719 1350 compertum.
750 1267 925 1334 Zebedaeas
945 1289 1073 1334 mecum
1093 1269 1256 1352 profectus
1308 1280 1342 1335 et
1363 1277 1439 1336 tuae
1459 1269 1636 1335 modoetiae
1664 1267 1860 1331 memineris.
1904 1265 2009 1349 Spero
2036 1287 2104 1331 non
2126 1265 2280 1332 acerbum

285 1363 350 1432 est,
373 1359 407 1416 at
428 1352 468 1416 de
490 1352 558 1417 eius
586 1354 718 1436 negotio
728 1353 756 1436 ⁶)
784 1375 850 1418 non
877 1354 971 1422 licuit
999 1375 1066 1420 una
1093 1375 1166 1419 cum
1189 1354 1256 1420 Fe·
1307 1358 1342 1421 in
1375 1363 1409 1420 te
1437 1356 1592 1420 futurum.
1637 1351 1820 1416 Admonuit
1851 1353 1953 1416 amice
1985 1351 2069 1416 mihi
2100 1372 2232 1417 rursum
2261 1373 2281 1416 a

284 1440 362 1505 relic
388 1437 533 1520 colloqui.
577 1437 663 1502 Nam
685 1460 723 1503 eo
743 1440 814 1522 ipso
837 1439 899 1518 die,
921 1460 985 1522 quo
1007 1461 1137 1505 eramus
1158 1439 1256 1504 collo-
1308 1441 1428 1508 nostris
1449 1442 1558 1524 parari
1579 1436 1723 1516 insidias,
1746 1445 1780 1501 et
1801 1438 2058 1502 criminationem
2080 1437 2168 1520 apud
2190 1438 2281 1521 prin·

284 1523 427 1609 qunturi,
450 1545 491 1587 ex
512 1523 678 1606 insperato
700 1523 793 1588 adest
812 1524 982 1605 sursera,
1005 1525 1062 1606 qui
1084 1545 1119 1591 se
1141 1547 1257 1608 exspa-
1308 1527 1404 1610 cipes,
1427 1538 1523 1609 atque
1540 1525 1582 1591 ad
1599 1526 1684 1589 hanc
1701 1542 1771 1586 rem
1788 1523 1853 1588 iam
1871 1523 2088 1606 conscriptum
2107 1522 2280 1589 advorsum

285 1608 388 1675 tiandi
417 1609 522 1692 gratia
549 1628 586 1672 eo
613 1610 793 1692 profectum
826 1609 960 1676 dicebat.
1004 1613 1054 1676 Eo
1086 1621 1257 1694 praesente
1308 1635 1362 1678 me
1389 1613 1551 1678 libellum:
1581 1609 1678 1692 idque
1700 1630 1735 1673 ιι
1757 1629 1816 1691 pro
1838 1617 2003 1692 comperto
2031 1609 2151 1673 habere
2173 1627 2211 1674 ac
2233 1608 2281 1673 di-

285 1696 452 1779 negotinm
470 1693 609 1758 fratrum
627 1694 980 1780 Mombelgardensium
990 1697 1017 1778 ⁷)
1035 1697 1257 1775 tractavimus,
1309 1697 1424 1764 dicisse
1446 1718 1466 1761 a
1487 1696 1638 1780 quopiam
1665 1695 1720 1778 qui
1741 1693 1824 1759 bene
1845 1695 1941 1759 norit.
1986 1693 2085 1759 Nolui
2105 1714 2225 1777 urgere
2246 1699 2281 1759 nt

284 1782 377 1848 ouius
399 1781 504 1862 gratia
526 1778 567 1844 ad
588 1788 621 1844 te
643 1789 878 1846 concesserant.
916 1781 1007 1862 Quid
1028 1783 1098 1865 ipse
1120 1783 1258 1847 senserit
1309 1785 1391 1848 mihi
1412 1783 1554 1848 bominis
1576 1801 1695 1846 nomen
1716 1781 1924 1862 exprimeret.
1954 1780 2161 1862 Exspectabo
2183 1800 2281 1846 even-

285 1867 365 1932 satis
385 1873 486 1944 tenes,
508 1866 631 1947 opinor.
676 1864 829 1948 Optarim
850 1867 928 1949 quid
949 1868 1029 1950 ipsis
1052 1866 1258 1950 responderis
1309 1877 1388 1934 tum.
1429 1869 1555 1934 Omnes
1578 1888 1613 1932 se
1635 1866 1756 1932 amicos
1776 1867 1921 1950 fingunt:
1944 1865 2056 1948 quales
2078 1865 2145 1930 sint
2166 1865 2281 1930 Domi·

284 1951 482 2035 intelligere,
509 1970 547 2014 ao
566 1959 657 2016 tuam
679 1952 874 2016 sententiam
895 1953 923 2018 si
944 1953 1099 2036 scriptam
1121 1952 1258 2030 dederis,
1310 1977 1372 2020 nus
1394 1955 1505 2033 novit,
1534 1972 1633 2036 quem
1661 1972 1756 2034 spero
1777 1949 1860 2015 mihi
1882 1950 2076 2031 affuturum,
2104 1971 2164 2016 nec
2187 1949 2281 2016 valde

285 2036 328 2103 ad
348 2057 402 2102 me
423 2037 518 2100 mitti.
558 2035 599 2100 In
621 2057 719 2118 quam
735 2038 932 2102 sententiam
954 2037 1259 2123 descenderimus,⁸)
1309 2061 1452 2105 moveor.
1498 2037 1609 2119 Quum
1630 2035 1777 2102 abessem
1800 2035 2013 2102 Froocbeeiae
2025 2038 2066 2114 18)
2089 2057 2185 2101 suam
2206 2055 2281 2101 eau-

285 2123 366 2189 satis
394 2142 453 2205 per
481 2129 515 2185 te
541 2121 682 2187 coniicis.
728 2121 928 2203 (lupanariae
956 2124 991 2187 in
1018 2123 1212 2206 quibusdam
1239 2145 1259 2188 a
1310 2147 1381 2191 sam
1413 2125 1481 2209 egit
1512 2143 1620 2190 coram
1652 2122 1822 2200 fratribus,
1862 2122 1980 2204 quibus
2012 2131 2139 2188 vestras
2171 2119 2281 2186 literas

285 2208 380 2274 nobis
406 2215 543 2272 eatenus
571 2206 724 2272 dissensit
749 2217 789 2272 ut
814 2210 1009 2273 sententiam
1043 2208 1257 2291 suspenderit,
1309 2211 1517 2293 reliqueramss
1555 2207 1648 2274 Abiit
1669 2217 1780 2272 tamen
1802 2209 1963 2285 Bernam,
1986 2208 2109 2290 opinor,
2132 2205 2191 2272 sed
2213 2208 2282 2272 sine

285 2295 370 2360 siout
392 2299 425 2357 et
448 2292 624 2358 Sulberus:
650 2292 707 2358 sed
728 2291 782 2357 hio
803 2295 839 2357 in
861 2293 1021 2376 baptismo
1048 2293 1259 2360 obstetricum
1310 2296 1377 2362 ullo
1399 2303 1510 2360 nostro
1532 2293 1726 2359 testimonio.
1759 2291 1836 2358 Duo
1856 2292 1906 2356 illi
1926 2293 2148 2371 Franciseani,
2162 2291 2204 2376 ¹⁴)
2227 2291 2282 2375 qui

268 2379 455 2445 duntaxat.
498 2377 604 2443 Coetn
636 2377 850 2460 qualicunque
882 2379 1021 2444 fratrum
1054 2378 1196 2457 dimisso,
1226 2385 1260 2442 et
1313 2381 1491 2447 Godellorii
1508 2379 1634 2445 diaconi
1645 2377 1848 2443 Nidunensis
1865 2377 2037 2444 consilium
2054 2379 2185 2461 sequuti
2196 2385 2280 2456 sunt,

285 2463 425 2548 prandio
447 2462 606 2543 absoluto,
631 2463 795 2529 Sulteerus
816 2463 1101 2545 Columbariumr)
1123 2467 1186 2529 iter
1207 2465 1258 2528 in·
1310 2467 1427 2550 quibus
1448 2466 1518 2550 ipse
1540 2461 1609 2530 dux
1630 2463 1672 2529 ad
1693 2463 1838 2528 Bernam
1858 2465 1937 2544 fuit,
1965 2484 2063 2547 opera
2094 2463 2229 2528 Saltem
2249 2469 2280 2526 et

286 2549 456 2626 stituebat,
490 2549 543 2613 cui
571 2568 607 2612 se
635 2549 786 2613 comitem
819 2550 906 2614 ultro
935 2550 1052 2616 obtulit
1073 2549 1258 2630 Zebedaeoe,
1309 2551 1591 2618 commendatione
1618 2549 1844 2614 ministrorum
1873 2549 2007 2616 admissi
2026 2556 2106 2616 sunt
2127 2548 2169 2614 ad
2189 2548 2279 2612 seho-

285 2655 384 2718 quem
406 2635 474 2716 ipse
495 2654 562 2697 non
583 2633 754 2699 recusavit.
794 2633 868 2700 Illic
890 2634 1048 2718 quidquid
1066 2635 1130 2700 diei
1151 2637 1260 2700 luerat
1309 2638 1459 2704 lasticam
1480 2634 1708 2702 conditionem.
1738 2634 1967 2700 Oommeudati
1988 2657 2008 2700 a
2027 2635 2104 2701 totis
2126 2632 2280 2700 classibus

285 2719 447 2802 reliquum
479 2728 710 2802 consumptum
742 2727 806 2796 est,
841 2729 875 2786 ιι
912 2721 1138 2804 subsequentis
1175 2720 1260 2785 bona
1310 2729 1577 2788 contemnuntur:
1600 2720 1656 2804 qui
1677 2721 1822 2803 privatas
1839 2721 1962 2785 habent
1978 2720 2280 2798 commendationes,

285 2825 379 2890 pars:
401 2825 464 2886 quo
486 2805 676 2870 factumest
696 2813 736 2869 ut
755 2805 839 2870 mihi
859 2827 900 2871 ex
923 2827 960 2871 eo
977 2827 1044 2870 non
1062 2808 1104 2872 sit
1122 2813 1260 2889 uterque
1310 2810 1497 2892 impetrant.
1541 2805 1639 2888 Quod
1665 2827 1732 2871 non
1760 2804 1963 2872 dissimulavi
1985 2805 2072 2888 apud
2096 2805 2280 2883 sacena,

287 2891 388 2958 visus.
409 2890 494 2954 Nam
513 2889 594 2954 mihi
612 2888 834 2955 festinandum
851 2899 931 2972 erat,
953 2899 1050 2975 atque
1068 2892 1260 2958 ideototum
1311 2895 1366 2978 qui
1394 2913 1429 2959 se
1456 2913 1511 2959 cos
1538 2891 1668 2958 senatui
1703 2890 1858 2956 obtulisse
1890 2892 2046 2958 narravit
2085 2892 2281 2957 lausannae

286 2975 373 3042 diem
395 2997 471 3041 cum
493 2974 620 3042 Forello
652 2977 855 3060 consumpsi,
883 2977 935 3042 cui
956 2997 1086 3043 causam
1110 2977 1261 3043 Zebedaei
1312 2979 1381 3045 dies
1410 2979 1533 3062 aliquot
1568 2984 1722 3062 egerunt,
1750 2984 1913 3042 venerunt
1941 2977 1984 3042 ad
2011 2999 2078 3056 me,
2110 2977 2282 3060 pecuniam

286 3062 428 3140 narravi,
452 3068 486 3125 et
506 3059 585 3143 quid
596 3058 705 3126 Orbas
723 3083 798 3126 cum
815 3061 952 3129 ecclesia
961 3064 1102 3148 egissem
1112 3063 1260 3146 proximo
1310 3063 1541 3130 mendicatum.
1563 3063 1694 3147 Rogavi
1711 3083 1791 3128 num
1809 3061 1866 3128 ιιι
1883 3069 1918 3127 ιι
1935 3062 2058 3145 aliquid
2075 3063 2283 3146 accepissent.

287 3147 448 3213 dominico
477 3145 539 3211 die.
582 3146 719 3212 Postero
736 3146 806 3216 ,ιιι
844 3148 926 3214 solvi
953 3156 991 3212 ut
1016 3169 1069 3214 me
1097 3149 1260 3214 iacturum
1310 3151 1493 3235 Negaront.
1537 3147 1705 3231 Respondi
1738 3167 1792 3213 me
1829 3147 1918 3214 aliud
1953 3149 2011 3214 abs
2042 3155 2075 3213 te
2107 3147 2281 3214 audivisse.

285 3252 571 3385 praemonueram,
599 3230 685 3314 quod
712 3231 754 3297 ad
783 3232 869 3298 diem
890 3233 1032 3300 Veneris
1045 3239 1087 3310 ¹⁰)
1108 3253 1261 3316 cuperem
1311 3236 1442 3322 Negare
1473 3240 1736 3318 perseverarunt
1779 3233 1890 3298 Velim
1922 3233 2024 3318 igitur
2056 3233 2138 3298 mihi
2167 3232 2226 3300 abs
2251 3240 2283 3298 te

320 3339 503 3384 susannam
523 3318 698 3402 pervenire
719 3326 758 3382 ut
775 3319 950 3384 conventui
968 3319 1107 3384 fratrum
1123 3320 1260 3384 interes-
1312 3321 1489 3406 significari
1511 3329 1672 3404 quantum
1693 3319 1740 3384 eis
1758 3320 1958 3397 numeraris,
1986 3325 2025 3384 ut
2045 3339 2101 3384 cos
2122 3319 2284 3385 mendacii

286 3424 366 3484 sem,
389 3403 445 3486 qui
466 3425 554 3468 nuno
576 3403 661 3469 coire
679 3403 762 3468 solet
779 3425 816 3469 eo
837 3405 898 3470 die.
922 3403 1033 3486 Quum
1052 3403 1260 3470 Columbario
1312 3428 1487 3492 coarguam
1516 3413 1549 3471 et
1574 3407 1774 3472 convincam.
1816 3404 1872 3469 Illi
1895 3425 1975 3488 quos
1996 3403 2224 3472 committebas
2245 3403 2284 3470 ad

286 3490 475 3568 transirem,
499 3487 674 3554 Ζιιιᾶαιιι
702 3496 736 3553 ιι
763 3487 927 3556 Saltaeroe
957 3509 1032 3554 cum
1061 3489 1261 3556 Wateoileaei
1312 3494 1460 3577 reginam
1484 3491 1668 3570 Nooorrae,
1700 3489 1848 3556 noudum
1876 3491 1987 3556 Berna
2011 3488 2196 3570 redierunt,
2231 3488 2286 3556 sed

285 3574 566 3657 colloquebantur,
595 3595 733 3658 quorum
759 3575 849 3640 nolui
880 3575 1074 3658 colloquium
1103 3597 1176 3640 meo
1203 3574 1260 3641 ad·
1312 3577 1500 3662 propediem
1520 3575 1657 3641 redituri
1685 3584 1778 3656 sunt,
1804 3577 1914 3642 nescio
1936 3575 2047 3660 quales
2068 3577 2173 3642 futuri
2195 3575 2285 3641 nobis

284 3667 387 3727 ventu
407 3659 655 3743 interrumpere.
698 3659 785 3726 Nam
812 3662 947 3727 veniens
973 3683 1011 3727 ao
1032 3661 1107 3726 illac
1128 3663 1191 3726 iter
1212 3663 1259 3727 la·
1312 3663 1472 3747 discipuli.
1503 3661 1683 3728 Richardus
1704 3661 1910 3729 Viviaeensis
1931 3662 2038 3746 magis
2060 3669 2160 3745 atque
2182 3661 2283 3746 magis

286 3746 377 3812 ciens
406 3745 572 3810 consulem
602 3745 796 3824 salutarem,
824 3753 858 3810 et
879 3746 992 3830 paucis
1012 3767 1088 3812 cum
1110 3768 1149 3812 eo
1170 3769 1260 3813 eram
1311 3750 1444 3816 insanit
1486 3747 1635 3815 Farellus
1656 3749 1752 3813 iussit
1772 3755 1812 3812 ut
1833 3747 1875 3812 ad
1894 3755 1927 3812 ιι
1948 3748 2123 3814 scriberem
2146 3745 2186 3813 de
2207 3767 2282 3831 qua-

285 3830 505 3914 colloquutns,
533 3839 572 3896 ut
592 3829 674 3895 nihil
695 3840 880 3914 superesset
900 3833 992 3898 cuins
1013 3833 1120 3916 mbo
1141 3833 1260 3898 obtun-
1312 3834 1387 3900 dam
1409 3834 1566 3920 pecuniae
1587 3853 1730 3910 summa,
1758 3853 1855 3916 quam
1877 3833 2044 3917 recepisti,
2072 3833 2204 3916 opinor,
2227 3851 2283 3897 no-

285 3916 405 3983 derem.
429 3914 533 3998 Spero
551 3915 741 3982 Zebedaeum
758 3917 958 3984 Noocomum
980 3915 1114 3984 rediisse
1131 3937 1169 3983 ac
1186 3938 1260 3983 cum
1312 3923 1401 3986 mine
1421 3919 1600 3986 Gouebmi.
1622 3919 1707 3984 Rem
1724 3917 1813 3984 baud
1835 3919 1914 3985 satis
1931 3927 2035 3984 teneo.
2058 3918 2183 3985 Curato
2200 3917 2285 4004 qnod

287 4002 413 4068 Forello
433 4001 531 4068 latius
552 4001 687 4068 consilia
706 4003 970 4070 communicasse.
999 4001 1113 4084 Quum
1135 4002 1261 4070 Orbam
1313 4028 1367 4072 res
1395 4005 1498 4089 exigit
1524 4013 1558 4070 et
1584 4011 1617 4070 ιι
1637 4005 1797 4086 recepisse
1825 4005 1948 4070 scribas
1977 4011 2011 4069 et
2032 4003 2073 4069 da
2095 4025 2230 4088 operam
2251 4011 2287 4069 ut

1315 4091 1512 4158 Goaotmias
1544 4089 1759 4174 chirographo
1791 4089 1946 4168 deleatur,
1980 4099 2038 4156 aut
2066 4091 2095 4156 si
2127 4091 2208 4174 qnid
2238 4095 2288 4156 ιιι

1311 4176 1500 4243 huiusmodi
1522 4197 1663 4242 necesse.
1706 4176 1803 4252 Nam,
1825 4183 1862 4241 ut
1883 4175 1974 4260 prius
1995 4173 2073 4255 dixi,
2095 4175 2186 4241 haud
2208 4175 2287 4242 satis

392 4325 410 4379 4
967 4327 974 4340 .
1232 4329 1238 4340 ,
1311 4263 1454 4329 memini.
1497 4261 1564 4326 Hic
1591 4269 1642 4327 est
1662 4260 1765 4328 vidua
1786 4261 1880 4328 exsul
1900 4262 1941 4327 ob
1963 4261 2183 4346 evangelium,
2207 4283 2289 4345 pan·

289 4393 377 4450 adan
393 4324 1260 4464 mebqu'dwdemm
1311 4349 1459 4434 percule,
1487 4355 1583 4430 etque
1615 4368 1653 4412 eo
1674 4347 1837 4428 miserior,
1865 4346 1953 4430 qnod
1982 4346 2153 4413 delicatius
2174 4347 2289 4414 vivere

288 4463 365 4534 Sept.
400 4462 538 4518 ιιοωιιι
555 4465 581 4518 a·
597 4463 657 4519 asse
673 4465 847 4519 smum
863 4479 897 4519 ,ω
913 4465 970 4532 filio
987 4481 1081 4534 ΗΜ,
1311 4441 1466 4501 consueta
1486 4433 1544 4534 sit,
1576 4433 1630 4499 oui
1651 4455 1693 4532 ne
1715 4433 1810 4533 panis
1831 4432 1961 4516 quidem
1985 4433 2138 4517 suppetit
2183 4431 2227 4500 si
2248 4430 2289 4498 ad

391 4533 420 4600 t)
438 4531 546 4587 Faesus·
561 4533 659 4601 seara,
679 4533 779 4588 Gomon·
795 4533 828 4588 de
846 4533 1039 4603 ausaausa
1056 4552 1076 4588 a
1092 4533 1223 4588 mesatis
1310 4519 1396 4586 hane
1415 4517 1604 4604 pecuniolae
1624 4518 1748 4602 ahquid
1767 4525 1923 4598 mitteres,
1945 4525 2033 4584 reete
2054 4519 2187 4585 laceres
2211 4517 2289 4583 Bel·

391 4600 421 4666 6)
439 4600 479 4654 N·
496 4601 556 4655 501.
1310 4607 1504 4673 ῑιιιοιιιιιι
1524 4625 1656 4670 rursum
1674 4625 1727 4670 me
1745 4603 1918 4684 consuluit,
1942 4611 1979 4669 ut
1996 4605 2024 4671 si
2042 4623 2141 4688 qoam
2160 4604 2191 4670 ei
2210 4625 2289 4671 con·

287 4739 322 4796 po
335 4755 366 4794 er
391 4669 483 4794 binii}
492 4669 670 4793 mim
684 4669 1146 4795 Tigmffffiffimw
1154 4670 1258 4782 ij
1311 4692 1468 4764 ditionem
1502 4691 1620 4792 iratres
1657 4691 1807 4756 invenire
1837 4697 1987 4791 possent,
2019 4689 2290 4757 commendatum

285 4739 398 4864 ἄεισι(
584 4745 692 4809 lm
1071 4756 1120 4796 m
1135 4746 1245 4810 pm
1311 4777 1478 4844 haberent.
1501 4775 1619 4842 Nescio
1635 4777 1732 4860 plane
1749 4797 1813 4860 qua
1830 4795 1886 4841 via
1902 4797 1933 4843 ιι
1950 4775 2148 4843 consulatur.
2172 4775 2290 4842 Bonus

366 4847 421 4944 ἰ)
441 4875 531 4946 pam
556 4875 687 4943 sestam
707 4875 948 4946 Μοιιιιιιι
974 4877 1202 4946 amamus,
1228 4893 1259 4934 ι

194 4991 196 4995 ,
289 4946 399 5000 mariae
415 4961 478 5000 moe
495 4961 515 5000 o
531 4949 631 4999 emata
639 4945 863 5001 Berneasr'citati
880 4951 906 4999 et
922 4945 1083 5015 remeas,
1102 4964 1128 5002 a.
1141 4945 1259 5002 Kirelsb.

288 5013 306 5068 l
324 5013 352 5082 t,
370 5013 482 5068 Ructat
501 5013 534 5068 V.
552 5013 614 5095 219.
1398 5017 1444 5082 11)
1462 5015 1521 5070 sce.
1538 5031 1567 5071 se
1583 5015 1655 5070 adiel
1669 5015 1888 5085 imperuim.

390 5083 421 5150 9)
442 5083 603 5150 Οοιοιιιιιι,
626 5097 711 5152 prope
728 5083 910 5152 Noctem,
928 5083 1003 5154 prod
1018 5089 1080 5140 eret
1094 5083 1261 5140 Watterosilii
1398 5084 1444 5149 12)
1463 5084 1526 5140 eide
1543 5085 1582 5140 N.
1599 5083 1658 5139 498.

286 5149 1029 5286 &strumbeccam
1398 5152 1441 5290 iii
1460 5151 1793 5276 ogdoaconta
