4888 5966
172 342 236 406 3⁷3
1004 341 1084 402 1542
1106 335 1338 404 FEBRUAR.
2108 341 2173 408 3⁷4

173 528 305 594 civitate
333 548 398 591 non
426 546 544 609 paucos
571 527 637 590 iam
662 526 804 608 coepisse
832 527 1001 608 attingere.
1053 525 1145 590 Haec
1197 524 1284 588 intra
1306 541 1426 605 paucos
1447 521 1517 589 dies
1545 529 1680 606 uterque
1708 531 1840 589 senatus
1870 531 2048 608 cogeretur.
2094 523 2170 606 Quo

173 614 275 698 igitur
297 611 417 676 atalia
438 613 502 676 Dei
527 613 631 676 nostri
654 611 784 695 flagella
812 611 901 676 haud
930 609 1145 688 mediocriter,
1197 617 1310 673 tamen
1337 607 1388 672 die
1417 616 1548 674 coaetus
1570 616 1620 674 est
1640 608 1682 673 ob
1705 618 1894 674 senatorum
1914 609 2170 692 infrequentiam

173 709 210 764 ut
243 719 344 780 supra
377 696 534 772 diximus,
566 717 626 761 nos
658 705 914 774 commoverant,
943 707 980 761 ut
1011 717 1146 779 gregem
1198 694 1238 759 de
1260 713 1359 760 eausa
1379 693 1464 758 nihil
1486 703 1594 760 aetum
1617 694 1695 758 fuit:
1719 702 1849 759 tantum
1872 691 2039 760 decretum
2061 704 2170 764 estut

173 784 301 850 Christi
323 781 365 848 ad
387 784 438 864 pie
459 782 658 864 precandum
681 782 792 848 sedulo
814 804 851 848 ae
873 781 1047 866 diligenter
1070 781 1146 846 hor·
1198 780 1346 862 proximo
1369 777 1420 844 die
1442 779 1640 844 christianae
1661 780 1843 844 vacationis
1855 780 1883 862 ⁴)
1913 789 2045 846 senatus
2066 801 2169 864 popu-

173 877 330 934 taremur.
380 865 447 932 Sed
474 868 616 932 maxime
644 889 703 932 nos
724 868 881 934 incitabat
901 868 1015 950 optimi
1036 868 1147 932 fratris
1197 863 1314 948 iusque
1335 864 1510 930 universus
1532 865 1728 930 conveniret.
1770 865 1902 932 Interea
1923 888 2000 932 vero
2021 867 2170 932 Beruen-

174 955 281 1020 nostri
310 955 492 1036 negotium,
523 963 634 1034 utpote
663 953 748 1034 quod
777 955 922 1018 omnium
949 953 1091 1038 primum
1114 959 1149 1016 et
1199 971 1251 1015 ses
1274 951 1320 1016 sio
1342 949 1450 1016 allecti
1473 951 1603 1014 fuerant
1620 950 1662 1014 iis
1678 949 1782 1016 literis
1800 971 1911 1033 quasa
1927 960 2036 1016 vestro
2053 959 2170 1018 senatu

175 1041 263 1106 inter
301 1049 430 1104 caetera
465 1040 607 1102 maxime
644 1038 907 1105 commendatum
943 1039 1146 1104 haberemus.
1200 1044 1391 1118 acceperant
1419 1043 1457 1100 ut
1476 1035 1575 1102 misso
1603 1035 1773 1100 tabellario
1802 1055 1876 1100 oum
1902 1037 2006 1102 literis
2033 1037 2169 1119 publicis

177 1125 267 1192 Satis
290 1125 378 1188 enim
401 1124 576 1206 apparebat
597 1125 713 1207 ingens
731 1123 963 1190 offendiculum
980 1123 1149 1190 eteladem
1202 1119 1364 1186 Faretlum
1391 1127 1539 1186 nostrum
1566 1121 1714 1186 celeriter
1743 1122 2020 1204 accersiverint.⁵)
2068 1121 2171 1188 Cuius

176 1210 421 1294 irreparabilem
444 1211 511 1274 fore
533 1211 568 1272 in
590 1209 741 1286 ecclesiis,
764 1211 792 1274 si
814 1220 925 1274 tantus
944 1209 1006 1275 Dei
1024 1231 1149 1284 servus,
1200 1206 1397 1288 gravissima
1422 1207 1567 1271 oratione
1594 1207 1630 1270 in
1659 1214 1777 1272 senatu
1813 1206 1925 1272 autlita
1951 1208 2106 1274 continuo
2134 1208 2171 1272 in

176 1296 313 1364 aouius
333 1295 514 1360 ministerio
536 1303 647 1360 nostra
667 1297 813 1360 omnium
836 1295 1015 1360 seeundum
1041 1296 1149 1360 Deum
1201 1293 1287 1358 hane
1304 1289 1420 1356 urbem
1437 1291 1645 1356 tabellarium
1662 1293 1833 1358 remittunt
1851 1315 1926 1358 eum
1939 1293 2043 1360 literis
2053 1293 2172 1375 quibus

176 1382 336 1467 penderet
366 1380 540 1458 autoritas,
572 1380 696 1444 indicta
725 1401 823 1448 causa
855 1401 896 1446 ex
924 1381 985 1446 hae
1014 1381 1150 1447 eeclesia
1202 1377 1345 1460 apertius
1368 1375 1592 1461 explicabatur
1614 1378 1776 1442 sententia
1800 1378 1870 1444 eius
1892 1378 2172 1461 pronunciationis

177 1489 247 1547 sua,
271 1475 320 1532 tot
341 1466 526 1532 nominibus
548 1465 608 1530 sibi
628 1488 648 1530 a
670 1465 803 1532 Christe
824 1467 1062 1545 commendata,
1093 1487 1151 1548 per
1202 1461 1242 1528 de
1264 1483 1328 1546 qua
1349 1483 1449 1545 supra
1470 1463 1667 1530 mentionem
1690 1463 1832 1529 fecimus.
1878 1463 2062 1530 Audierant
2084 1465 2173 1530 enim

176 1555 350 1620 lechonem
373 1563 408 1618 et
429 1551 605 1616 tumultum
629 1550 743 1616 cedere
768 1559 946 1636 cogeretur.
1202 1547 1287 1613 male
1308 1549 1556 1630 interpretatam
1579 1548 1677 1614 fuisse
1699 1571 1719 1614 a
1741 1549 1861 1614 nostris
1889 1547 2094 1627 adversariis,
2116 1547 2173 1632 qui

264 1637 332 1704 Sed
353 1645 392 1701 ut
413 1637 455 1702 ad
475 1637 664 1700 institutum
683 1636 863 1716 redeamus,
884 1645 996 1702 nostra
1017 1637 1151 1718 insuper
1202 1633 1249 1698 ita
1271 1633 1421 1698 dicebant
1440 1633 1691 1716 pronunciatum
1712 1654 1783 1700 esse
1800 1645 1837 1698 ut
1852 1635 1894 1700 iis
1912 1633 2037 1700 duobus
2048 1635 2173 1700 exactis

179 1722 339 1790 eiusmodi
371 1723 568 1801 hortatione,
597 1721 759 1788 Dominus
785 1731 861 1788 ante
889 1733 1016 1788 vestras
1037 1721 1150 1786 literas
1202 1718 1369 1784 mensibus
1403 1719 1456 1784 hic
1487 1729 1599 1784 noster
1630 1720 1762 1802 pacifice
1788 1727 1821 1783 et
1849 1721 1919 1786 sine
1947 1719 2015 1784 ulla
2043 1728 2173 1786 contro·

179 1813 226 1876 sio
255 1809 409 1874 affecerat
441 1809 613 1873 universae
646 1807 749 1890 plebis
781 1810 921 1883 animos.
955 1817 992 1872 ut
1023 1825 1150 1872 summo
1202 1805 1310 1870 versia
1331 1804 1506 1870 ministerii
1523 1804 1723 1886 provinciam
1745 1804 1907 1870 duntaxat
1923 1806 1958 1868 in
1969 1805 2031 1870 hac
2041 1805 2174 1871 civitate

179 1915 342 1962 consensu
375 1914 451 1959 oum
484 1894 627 1958 maxima
658 1895 793 1960 caritate
825 1903 859 1959 et
889 1893 1017 1975 pietatis
1045 1891 1151 1956 studio
1203 1889 1409 1972 depositurus
1431 1898 1523 1956 esset
1560 1890 1654 1956 Haeo
1674 1890 1776 1973 igitur
1795 1891 1857 1955 fuit
1874 1912 1986 1956 earum
2004 1891 2176 1955 literarum

179 2003 283 2050 coena
302 1978 447 2056 Domini,
470 1987 564 2044 extra
585 1977 733 2044 ordinem
750 1989 784 2045 et
800 1987 947 2062 tempora
964 1979 1151 2053 constituta,
1203 1996 1346 2042 summa:
1370 1973 1540 2058 Quidquid
1557 1975 1696 2042 antebac
1714 1976 1753 2041 de
1771 1996 1868 2041 eausa
1879 1975 2002 2040 Forells'
2018 1997 2038 2040 a
2055 1976 2175 2042 nostris

180 2089 248 2134 non
281 2065 386 2132 solum
419 2066 454 2128 in
486 2065 547 2130 hae
574 2065 669 2142 urbe,
698 2063 756 2130 sed
782 2067 818 2130 iu
845 2073 913 2130 tota
940 2065 1039 2130 etiam
1066 2062 1151 2128 Neo·
1203 2061 1321 2144 legatis
1338 2061 1589 2143 pronunciatum
1618 2069 1668 2126 est
1693 2069 1828 2126 senatus
1852 2083 1889 2126 eo
1916 2059 2046 2126 demum
2075 2061 2175 2144 perti-

181 2152 325 2220 eomeusi
351 2151 484 2234 regione
511 2149 618 2232 palam
645 2151 808 2216 celebrata
835 2151 940 2216 fuerit
985 2149 1153 2230 Quaeres
1204 2167 1283 2210 nere
1309 2146 1414 2210 voluit
1436 2154 1473 2210 ut
1501 2167 1656 2230 praesens
1684 2146 1796 2231 populi
1828 2147 1917 2216 furor
1949 2168 1986 2212 ae
2013 2146 2176 2211 tumultus

180 2239 324 2322 profecto
346 2258 413 2300 nou
434 2256 551 2317 parum
574 2235 799 2302 consolationis
820 2245 854 2302 ιι
873 2234 915 2300 ad
942 2256 1075 2302 oausam
1096 2233 1153 2300 ad·
1204 2239 1478 2315 compesceretur,
1505 2239 1602 2316 atque
1629 2232 1755 2296 interea
1783 2231 1920 2314 populus
1947 2231 2026 2314 ipse,
2056 2233 2083 2296 si
2105 2231 2178 2296 fieri

180 2323 321 2390 iumenti
342 2321 434 2386 nobis
456 2321 575 2400 attulit,
599 2331 771 2404 propterea
792 2320 877 2404 quod
898 2321 1051 2403 permulti
1075 2321 1153 2385 sim·
1204 2327 1323 2400 posset,
1346 2337 1421 2382 cum
1442 2325 1572 2400 pastore
1593 2339 1652 2382 suo
1674 2317 1796 2382 rediret
1823 2319 1858 2382 iu
1884 2319 2034 2400 gratiam.
2079 2313 2178 2397 Quod

183 2409 285 2495 plioes
315 2416 347 2472 et
374 2407 463 2472 illius
492 2407 655 2472 satanicae
681 2407 806 2473 fraudis
831 2408 939 2492 ignari
967 2407 1037 2489 (qui
1059 2405 1153 2470 initio
1205 2410 1363 2486 superest,
1386 2411 1575 2486 pergratum
1597 2403 1691 2468 nobis
1712 2403 1854 2468 feceritis
1876 2403 1904 2466 si
1931 2401 2122 2468 concordiae
2144 2409 2177 2464 et

183 2497 223 2562 ab
245 2494 327 2578 ipsis
345 2491 531 2575 tragoediae
548 2493 715 2558 autoribus
738 2493 844 2575 speeie
865 2493 1012 2558 veritatis
1030 2490 1153 2558 seducti
1204 2488 1332 2571 publico
1354 2488 1565 2554 eeclesiarum
1576 2489 1660 2554 bono
1671 2491 1877 2554 consulentes
1888 2487 2056 2554 retineatis
2068 2489 2177 2570 ipsum

182 2603 221 2648 ac
242 2579 412 2661 depravati
434 2578 576 2655 fuerant)
599 2599 636 2642 ιο
658 2589 802 2661 tempore
823 2577 1050 2660 resipiscerent
1065 2598 1154 2642 erro-
1204 2573 1298 2638 illum
1319 2581 1482 2656 pastorem
1504 2585 1650 2640 vestrum
1667 2574 1983 2640 etconlirmatoeius
1996 2571 2177 2638 ministerio

181 2685 316 2748 remque
344 2673 377 2728 et
407 2663 537 2745 culpam
565 2664 756 2728 faterentur.
810 2663 863 2728 Ita
891 2664 1013 2728 fautum
1040 2669 1092 2726 est
1117 2669 1154 2725 ιιι
1205 2657 1357 2741 deinceps
1382 2680 1458 2724 cum
1487 2659 1543 2723 illo
1570 2660 1690 2726 vivatis
1717 2661 1897 2725 unanimes.
1939 2659 2009 2724 Eae
2028 2659 2179 2723 Beruen-

181 2771 283 2818 oausa
302 2751 381 2832 ipsa,
407 2769 489 2830 quae
507 2769 606 2830 prope
624 2748 791 2832 deplorata
808 2748 987 2825 videbatur,
1009 2746 1153 2811 melioris
1205 2745 1289 2808 sium
1311 2743 1425 2808 literae
1447 2744 1487 2808 ab
1510 2745 1667 2809 universa
1688 2746 1755 2810 fere
1775 2746 1927 2812 concione
1955 2745 2091 2810 mirifico
2120 2765 2178 2827 ap-

181 2855 352 2904 suooessus
374 2855 464 2916 spem
486 2845 520 2898 et
536 2843 766 2918 argumentum
783 2834 819 2897 in
837 2841 1004 2917 posterum
1021 2837 1167 2914 tempus
1204 2829 1322 2910 plausu
1345 2828 1499 2910 probatae
1521 2838 1607 2894 sunt.
1646 2829 1763 2895 Censet
1784 2831 1923 2913 populus
1945 2853 1986 2894 ex
2008 2829 2179 2896 literarum

181 2920 378 2989 ostenderet.
423 2920 559 3002 Iamque
580 2940 639 3003 per
660 2920 723 2984 Dei
745 2921 883 3003 gratiam
912 2929 945 2982 ιι
973 2917 1152 2982 ferventius
1205 2914 1369 2980 sententia
1399 2919 1561 2996 pastorem
1592 2915 1628 2978 in
1660 2935 1719 2979 suo
1753 2916 1935 2981 ministerio
1968 2913 2179 2980 retinendum

181 3023 215 3076 et
237 3007 362 3072 maiore
390 3006 572 3088 frequentia
597 3005 736 3088 populus
763 3005 804 3070 ad
832 3002 1031 3069 auditionem
1061 3001 1152 3068 verbi
1204 2999 1526 3081 confirmandumque
1547 3000 1580 3062 in
1603 3008 1805 3081 perpetuum.
1850 3002 2025 3066 Praeterea
2051 3022 2092 3064 ex
2120 3019 2178 3082 po·

180 3092 397 3162 concurrebat
416 3091 585 3173 indiesque
606 3092 654 3156 rei
673 3109 840 3156 successus
870 3088 1062 3172 augebatur:
1092 3109 1152 3154 neo
1204 3085 1273 3167 puli
1294 3105 1454 3150 consensu
1477 3105 1514 3150 ao
1536 3084 1700 3167 suffragiis
1723 3083 1869 3150 decernit
1890 3094 2023 3151 senatus
2044 3094 2078 3149 et
2099 3104 2178 3166 qua·

180 3180 289 3248 solum
311 3198 353 3242 ex
374 3178 445 3259 ipsa
466 3175 714 3260 praedicatione,
737 3175 794 3242 sed
816 3174 901 3258 quod
923 3175 1021 3239 etiam
1042 3183 1153 3257 pastor
1204 3179 1279 3236 tuor
1306 3169 1456 3236 consules
1485 3176 1521 3234 ut
1547 3170 1582 3234 in
1611 3167 1749 3235 eandem
1779 3171 1975 3238 senteutiam
2006 3167 2047 3232 ad
2068 3170 2109 3232 D.
2132 3169 2175 3234 D.

180 3267 253 3349 ipse
293 3262 561 3347 vigilantissimus
591 3261 737 3345 singulos
772 3269 977 3345 aegrotantes
1009 3257 1152 3342 quotidie
1204 3257 1391 3322 Beruenses
1413 3256 1618 3322 rescribatur.
1662 3255 1796 3320 Literae
1823 3257 1857 3320 in
1885 3255 2069 3338 praesentia
2098 3253 2178 3318 scri-

180 3352 350 3424 inviseret,
376 3357 411 3412 ut
432 3368 486 3412 eos
508 3369 582 3414 cum
605 3347 693 3412 omni
716 3347 821 3414 officio
851 3356 884 3411 et
912 3347 1046 3410 caritsue
1068 3344 1151 3410 sola·
1204 3343 1335 3418 huntur,
1357 3340 1578 3425 obsignantur,
1601 3341 1768 3406 tabellario
1786 3342 1897 3406 statim
1915 3339 2043 3406 dantur.
2074 3337 2179 3404 Pauci

180 3446 284 3504 retur.
329 3434 406 3500 Huc
427 3432 600 3500 accedebat
627 3431 712 3515 quod
733 3433 826 3498 iuxta
847 3431 970 3498 Christi
999 3451 1152 3514 praecep·
1204 3427 1294 3492 fuere
1316 3449 1358 3491 ex
1380 3425 1518 3492 adversa
1539 3435 1633 3508 parte
1654 3427 1709 3509 qui
1731 3427 1969 3510 praefectum⁶)
1992 3423 2178 3508 provinciae

181 3531 264 3598 tum,
287 3519 473 3602 utquisque
495 3519 588 3584 fratri
611 3527 721 3584 nostro
739 3517 1151 3582 inimicuserataoerbissi·
1204 3520 1285 3578 tunc
1307 3513 1473 3577 absentem
1496 3511 1749 3660 exspectandum
1773 3533 1844 3578 esse
1866 3511 2019 3588 dicerent,
2042 3529 2178 3591 eamque

179 3627 267 3684 mus,
291 3607 338 3670 ita
359 3604 413 3668 hio
433 3603 526 3668 illum
551 3604 698 3668 maxima
727 3601 956 3668 benevolentia
980 3622 1152 3684 proseque—
1205 3597 1450 3680 rescriptionem
1470 3597 1507 3662 in
1530 3619 1549 3662 a
1573 3606 1707 3664 ventum
1730 3599 1799 3664 eius
1822 3596 2050 3674 differendam,
2082 3615 2178 3678 prop-

179 3693 290 3769 batur,
312 3687 525 3772 studebatque
546 3689 695 3772 plurimis
717 3689 845 3754 afficere
867 3687 1040 3765 benefieiis,
1060 3708 1152 3769 prae-
1205 3691 1294 3748 terea
1322 3685 1409 3766 quod
1437 3683 1507 3766 ipse
1536 3705 1611 3748 eum
1645 3683 1762 3766 legatis
1794 3683 2018 3750 Beruensibus
2050 3681 2090 3746 de
2122 3679 2178 3746 illa

179 3778 300 3846 sertim
327 3774 383 3840 ubi
411 3772 580 3858 dealiquo
603 3772 854 3840 benemerendi
875 3773 1074 3840 occasionem
1098 3779 1154 3836 aut
1205 3767 1345 3834 duorum
1378 3770 1539 3834 mensium
1568 3768 1724 3832 dilatione
1758 3770 2013 3851 pronunciasset.
2066 3765 2179 3847 Quum

176 3863 318 3929 morbus
345 3859 503 3925 offerebat
529 3868 586 3925 aut
614 3859 677 3923 alia
705 3859 838 3942 quaevis
866 3857 1050 3924 necessitas.
1101 3857 1153 3922 Ita
1203 3854 1305 3937 igitur
1326 3853 1374 3918 illi
1395 3855 1490 3936 pauci
1512 3875 1532 3920 a
1553 3855 1717 3919 communi
1740 3856 1903 3920 sententia
1923 3853 2131 3928 dissiderent,
2159 3871 2179 3916 e

177 3949 284 4015 fiebat
301 3955 338 4010 ut
355 3945 532 4010 adiuvante
550 3941 692 4010 Domino
709 3947 779 4010 Dee
797 3943 954 4026 paulatim
972 3943 1153 4007 molliretur
1203 3940 1296 4004 ouria
1327 3949 1457 4021 praeter
1489 3939 1691 4004 voluntatem
1718 3940 1928 4023 magistratus
1957 3943 2177 4005 excesserunt

177 4035 369 4100 animorum
391 4031 517 4106 ferocia,
540 4031 736 4112 omninoque
763 4029 803 4094 ad
833 4051 993 4095 summam
1020 4049 1152 4094 coneor-
1204 4024 1288 4089 Inde
1314 4025 1435 4090 iactum
1461 4031 1511 4089 est
1538 4034 1575 4090 ut
1603 4032 1715 4106 postea
1744 4026 1835 4092 varia
1861 4025 1992 4108 quidem
2010 4022 2068 4088 sed
2091 4021 2178 4086 levia

177 4120 271 4186 diam
293 4137 347 4181 res
368 4117 439 4198 ipsa
460 4116 619 4180 inclinare
641 4115 817 4180 videretur.
1205 4107 1339 4176 dissidia
1360 4111 1568 4189 emerserint,
1597 4117 1632 4176 et
1657 4110 1830 4176 concordia
1851 4111 1917 4187 illa,
1946 4109 2093 4192 quamvis
2115 4127 2175 4190 pu-

269 4204 317 4268 Et
338 4223 390 4266 res
411 4201 542 4283 quidem
563 4201 629 4266 fere
650 4201 696 4264 ita
725 4223 759 4265 se
789 4201 972 4266 habuerant
1000 4207 1066 4264 toto
1096 4197 1152 4262 illo
1204 4195 1287 4262 blice
1319 4197 1464 4262 confecta
1492 4205 1591 4272 esset,
1624 4195 1757 4262 turbata
1783 4197 1883 4262 luerit
1910 4215 1972 4260 nee
1999 4193 2078 4260 satis
2105 4202 2178 4258 rata

176 4289 290 4376 spatio
319 4287 458 4352 duorum
483 4287 660 4364 mensium,
696 4287 812 4368 quibus
842 4286 895 4369 (ut
921 4283 962 4348 ad
990 4305 1049 4350 vos
1077 4293 1152 4348 ante
1204 4283 1363 4364 firmeque
1397 4282 1538 4364 potuerit
1571 4301 1769 4364 permanere.
1820 4283 1937 4364 Itaque
1969 4279 2017 4344 ιιι
2048 4297 2178 4344 summa

174 4373 433 4460 scripseramus)
461 4393 503 4436 ex
530 4371 797 4454 pronunciatione
818 4370 1036 4435 Beruensium
1063 4369 1152 4454 lega·
1203 4368 1323 4432 iterum
1355 4368 1390 4430 in
1422 4366 1559 4450 longum
1591 4375 1722 4450 tempus
1756 4375 1920 4448 protracta
1953 4371 2010 4430 est
2065 4363 2177 4430 Nostri

174 4470 295 4527 torum
307 4479 464 4540 suspensa
474 4457 581 4521 fuerat
591 4457 671 4523 haec
688 4457 761 4542 ipsa
775 4456 1004 4521 controversia.
1039 4453 1151 4533 Quum
1204 4460 1313 4516 tamen
1347 4473 1388 4516 ex
1421 4473 1459 4518 eo
1491 4461 1637 4536 tempore
1666 4459 1699 4518 ιι
1730 4473 1866 4516 numero
1898 4463 1931 4516 et
1963 4470 2178 4534 personarum

173 4558 296 4614 autem
329 4545 399 4609 eius
433 4543 586 4624 temporis
618 4543 726 4608 exitus
758 4542 904 4618 instaret,
937 4561 1009 4607 ecee
1042 4547 1152 4606 noster
1204 4537 1380 4604 autoritate
1426 4537 1523 4622 longe
1566 4538 1749 4620 superiores
1793 4557 1921 4619 semper
1969 4537 2175 4602 exstiterunt

171 4633 322 4700 nuncius
339 4627 543 4694 commodum
562 4649 581 4694 a
598 4629 691 4694 vobis
708 4629 896 4710 reversus⁸)
915 4636 1043 4708 praesto
1059 4625 1152 4691 nobis
1204 4621 1294 4704 Quid
1316 4623 1423 4689 verbis
1453 4623 1556 4706 opus?
1601 4623 1671 4688 Nisi
1694 4622 1750 4687 ille
1776 4622 1924 4688 rediisset
1943 4623 1998 4705 qui
2021 4643 2040 4686 a
2061 4623 2176 4705 primo,

171 4717 243 4784 fuit
266 4735 344 4782 eum
366 4713 484 4779 vestris
505 4713 609 4780 literis
630 4721 664 4779 et
684 4715 725 4779 iis
747 4733 826 4796 quas
848 4734 868 4778 a
888 4722 999 4778 vestra
1020 4713 1151 4778 civitate
1203 4709 1280 4774 lieet
1312 4709 1451 4786 occulte,
1483 4709 1552 4773 dux
1580 4717 1613 4774 et
1641 4715 1736 4774 autor
1764 4709 1869 4773 fuerat
1897 4708 1997 4774 huius
2016 4706 2175 4783 factionis,

170 4803 314 4889 publice
336 4797 523 4865 scribendas
543 4807 653 4865 vestra
675 4797 843 4882 diligentia
863 4805 1040 4863 curaverat.
1078 4797 1151 4862 Hae
1202 4794 1270 4860 iam
1291 4815 1329 4859 eo
1352 4802 1487 4860 ventum
1507 4801 1578 4860 erat
1598 4803 1637 4858 ut
1658 4801 1727 4858 tota
1749 4793 1906 4860 dissensio
1927 4794 2028 4860 ferme
2050 4791 2177 4876 sepulta

171 4909 286 4974 quum
324 4884 468 4950 redditae
500 4893 625 4964 essent,
657 4885 864 4969 magistratui
895 4883 1004 4948 visum
1035 4892 1084 4948 est
1115 4891 1152 4948 ut

1305 5032 1382 5114 4)'d.
1399 5032 1442 5088 27.
1462 5033 1607 5088 Novembr.
1625 5039 1655 5086 ut
1672 5031 1763 5101 eolls'pr¹
1775 5037 1865 5100 poteet
1887 5047 1920 5086 ιι
1942 5029 2104 5100 rpraeta·
2119 5031 2178 5088 Col.

284 5175 317 5242 ι)
334 5175 488 5246 aaaron
505 5175 610 5230 reson
627 5175 789 5232 seramus
806 5175 888 5230 reuse
904 5173 1152 5240 sacraremus,
1204 5103 1272 5159 D*
1290 5108 1429 5234 ἰιῳιιὶιι
1445 5169 1551 5224 aare.

170 5257 249 5306 mter
269 5245 344 5302 Idus
360 5251 386 5300 et
404 5243 545 5300 Culmum.
1306 5237 1336 5306 6)
1358 5237 1421 5294 Geo.
1439 5239 1473 5294 de
1491 5236 1576 5294 Biora
1595 5235 1639 5292 er.
1657 5235 1690 5292 de
1708 5235 1858 5307 Ramista.

1921 5320 1971 5375 al·
