4898 5970
233 271 295 336 815
998 257 1260 328 DPISTOLAE
1283 259 1452 324 696-597
2156 263 2220 327 816

230 453 273 522 ad
294 461 328 520 te
349 452 501 526 soribam.
542 449 738 534 Quanquam
764 449 883 532 alioqui
905 449 1039 515 omnino
1060 449 1201 532 0001010-
1251 445 1349 510 01000
1370 447 1509 512 nimium
1536 447 1745 527 alienabitur,
1776 448 1831 515 vel
1858 449 2072 534 imperitiores
2094 472 2136 515 ex
2157 451 2222 516 mi·

230 563 288 606 rus
310 556 399 604 sum:
425 535 474 601 vel
498 535 560 602 hae
582 557 648 600 una
665 557 761 600 eausa
778 547 817 600 οι
834 537 972 601 fratrum
995 536 1201 599 000οι10000-
1251 532 1363 596 nistris
1385 531 1426 597 ad
1448 534 1678 600 contumeliam
1705 533 1761 599 vel
1789 535 1888 600 etiam
1917 535 2114 600 ealumniam
2140 535 2221 602 aba·

229 627 281 692 bis
303 623 343 689 do
367 622 519 704 Stephano
532 621 554 708 ¹)
577 621 798 704 respondeam.
832 619 939 688 Simul
962 621 1090 684 mittam
1108 619 1201 685 libel·
1252 617 2221 704 tenturhaoiudicandireprehendendiquelieentia,etquod

229 711 301 777 lum
324 707 534 793 0000000111)
557 727 623 771 una
645 729 718 772 oum
740 707 852 782 literis,
876 719 914 771 οι
931 706 1130 771 110000οι0οι
1151 705 1198 769 vol
1252 702 1439 768 institutum
1472 714 1522 769 ost
1552 703 1595 769 ad
1627 706 1711 772 saeri
1743 707 1918 771 ministerii
1949 707 2221 773 instaurationem

228 795 361 880 ipsein
391 793 497 858 reditu
527 795 684 876 perferas,
720 793 773 856 vel
799 813 858 875 per
890 793 990 859 alitam
1006 823 1007 830 .
1023 791 1200 855 mittendas
1251 787 1373 853 valebit
1393 789 1433 852 ad
1455 791 1527 854 eius
1545 789 1806 857 destructionem.
1851 794 1960 874 Atque
1976 791 2047 858 ideo
2065 791 2220 872 Satanae,

229 903 332 949 eures.
366 879 492 943 Varum
510 878 622 943 auditu
636 877 860 960 Christopboro,
883 879 912 942 si
931 877 1008 960 quid
1026 877 1089 940 erit
1106 877 1200 942 00100
1247 889 1293 938 00
1316 875 1366 938 vol
1390 875 1547 939 alterutra
1568 877 1621 940 vel
1648 886 1785 960 utraque
1808 877 1863 942 via
1889 879 2020 960 irrepat,
2048 877 2223 962 diligenter

229 977 264 1032 te
292 963 531 1031 admonendum
562 964 798 1040 oensuerimus,
832 964 947 1028 fatiam
982 964 1017 1027 in
1045 969 1198 1044 tempore.
1250 958 1487 1042 providendum
1509 966 1567 1026 est
1612 963 1769 1026 Attamen
1791 962 1869 1027 dum
1891 964 2002 1028 omnia
2022 983 2130 1028 eoram
2150 965 2221 1029 Do·

229 1052 323 1128 Vale,
354 1051 400 1114 mi
429 1051 529 1114 iratur
556 1057 590 1113 et
616 1049 717 1115 amieo
740 1049 958 1132 integerrimo.
1006 1048 1054 1113 De
1077 1047 1200 1130 nuptiis
1251 1045 1340 1108 mino
1362 1057 1485 1127 quanta
1505 1067 1677 1128 possumus
1699 1047 1876 1131 diligentia,
1896 1049 1986 1113 omni
2008 1069 2222 1132 personarum

231 1137 397 1217 Comitia⁸l
418 1157 530 1200 rumor
546 1135 599 1201 hie
616 1135 772 1212 manavit,
796 1135 902 1200 neseio
920 1155 962 1198 au
980 1133 1090 1210 falsus,
1113 1145 1200 1197 nerto
1252 1141 1399 1213 respectu
1420 1131 1555 1210 seoluso,
1577 1132 1818 1198 eonsideramus
1840 1143 1873 1199 et
1894 1135 2124 1218 expendimus,
2153 1155 2223 1200 non

229 1224 314 1290 mihi
335 1221 488 1304 bonisque
510 1241 625 1303 parum
647 1218 816 1284 ineundus.
850 1221 954 1302 Cupio
976 1218 1126 1302 equidem
1145 1239 1201 1282 va·
1251 1237 1425 1299 possumus
1452 1238 1519 1281 non
1547 1217 1683 1300 probare
1705 1239 1833 1294 ‚morem
1863 1219 1957 1283 illum
1982 1221 2099 1285 fratres
2128 1239 2221 1286 saera

230 1331 310 1376 num
333 1328 410 1373 esse.
455 1303 573 1372 Saluta
600 1307 719 1371 iratres
748 1304 921 1389 diligenter
942 1313 976 1370 et
997 1317 1087 1370 tuam
1109 1305 1201 1369 fami·

229 1395 320 1462 liam.
364 1397 414 1457 25.
435 1389 589 1458 Deoemb.
598 1395 628 1469 ⁴)

689 1527 831 1594 Ioannes
852 1525 1010 1593 Calvinus
1032 1532 1118 1594 tuus.

616 1821 819 1832 ——n——n-

680 2038 754 2110 591.

271 2195 485 2264 MINISTRI
512 2190 971 2261 ARGENTORATDNSES
1000 2191 1171 2260 Naado-

598 2294 844 2362 MENSIBUS.

321 2467 494 2536 (1000011000
521 2469 559 2533 de
586 2485 718 2533 cessare
743 2437 829 2532 inter·
844 2467 1006 2532 0010101000
1025 2469 1201 2534 manaan

234 2640 444 2710 (Anthentieurn
468 2639 607 2708 exemplar
629 2655 688 2693 eum
713 2638 957 2708 subscriptionibus
982 2637 1157 2708 autographis
1175 2642 1204 2692 at

233 2707 445 2766 oorreationibus
463 2707 560 2760 Baueri
579 2714 669 2832 exptslt
684 2706 816 2830 Ξοωοιὶιέ
825 2707 865 2844 )10
884 2707 1047 2762 bibliotheoa
1063 2713 1202 2776 pastorum

631 2792 666 2831 0.
712 2793 763 2828 .n.
817 2815 823 2828 .

234 2963 440 3032 Vansmndis
467 2973 500 3030 et
520 2964 653 3112 optimiis
680 2962 835 3116 fffltlffbm
857 2963 1027 3030 Ohristum
1048 2963 1204 3031 Neoeomi

642 3071 747 3116 oeenr
772 3071 819 3115 us.

320 3185 471 3252 Gratiam
499 3193 532 3251 et
559 3205 672 3268 paoem
693 3206 713 3250 a
737 3185 890 3264 Domino,
920 3183 1204 3252 observandissimi

146 3299 149 3306 ⁴
233 3281 268 3340 et
288 3271 449 3338 uerissimi
470 3271 595 3337 iratres.
629 3269 825 3355 Quanquam
843 3277 954 3337 nostro
971 3291 1031 3338 vos
1048 3292 1203 3356 responso

233 3378 316 3442 opus
344 3379 409 3423 non
438 3357 600 3436 habeatis,
634 3365 745 3421 tamen
771 3377 872 3440 quum
907 3356 1082 3423 debeamus
1110 3357 1203 3424 vobis

234 3444 345 3510 omnia
377 3442 439 3508 hoo
469 3441 576 3526 rogaui
608 3441 786 3508 detreotare
818 3441 992 3508 01110101οι0
1030 3442 1203 3528 indignum

233 3539 347 3594 nostra
374 3537 490 3592 mutua
517 3528 653 3592 oaritate
681 3527 947 3593 existimavimus.
998 3527 1125 3594 Morem
1152 3529 1202 3593 in·

233 3612 407 3680 staurandi
427 3623 462 3678 et
482 3611 695 3678 oonfirmandi
717 3634 817 3695 quum
838 3613 983 3679 studium
1005 3614 1203 3700 eollegarum

233 3699 270 3766 in
290 3719 382 3764 saero
404 3719 554 3775 munera,
581 3698 772 3763 tumetium
794 3699 1069 3765 existimationem
1091 3721 1204 3765 eorum

234 3783 322 3868 apud
343 3783 504 3862 eeclesias,
527 3780 567 3848 de
586 3785 754 3866 quainter
775 3805 832 3850 vos
855 3783 1037 3868 disputatis,
1061 3785 1203 3852 vidimus

233 3869 401 3938 observari
423 3869 522 3934 etiam
540 3868 628 3952 apud
649 3869 713 3934 alia
736 3890 835 3952 quam
856 3870 1082 3936 ministrorum
1102 3871 1202 3938 00010-

232 3957 301 4022 siae
322 3955 466 4040 eollegia,
490 3964 559 4020 tum
578 3955 702 4038 Tiguri,
724 3955 853 4021 Bernae
875 3964 908 4021 et
928 3955 1054 4039 aliquot
1074 3955 1147 4022 aliis
1168 3956 1203 4021 in

233 4041 378 4108 eeclesiis
405 4043 439 4105 in
467 4039 610 4124 synodis.
654 4040 813 4106 Fatemur
844 4061 921 4106 sano
947 4063 1001 4118 ea,
1030 4041 1147 4124 quibus
1174 4042 1203 4108 is

233 4127 336 4193 frater
357 4127 411 4210 qui
436 4146 560 4192 morem
588 4125 675 4191 huno
696 4145 761 4190 non
784 4127 900 4209 probat
920 4128 1043 4191 moveri
1065 4126 1203 4204 videtur,

232 4212 327 4279 100110
347 4210 490 4277 innidere
512 4233 614 4294 posse,
642 4211 671 4276 si
694 4231 759 4276 non
781 4213 909 4278 sineere
930 4209 1075 4278 obtineat
1094 4221 1203 4297 regat

256 4319 297 4362 ue
318 4297 427 4362 omnia
453 4297 581 4362 naritus.
624 4296 736 4362 Facile
758 4298 844 4362 enim
873 4296 926 4363 vel
947 4297 1205 4364 excludentura

233 4318 380 4450 10010000
400 4380 620 4448 admonitione
637 4403 717 4467 erga
738 4383 904 4448 ministros
921 4383 977 4466 qui
994 4405 1036 4448 ex
1053 4383 1146 4467 plebe
1163 4383 1205 4449 ad

234 4489 308 4536 eam
328 4487 398 4532 rem
419 4467 528 4533 idonei
550 4477 638 4548 sunt,
660 4475 694 4533 et
714 4468 792 4535 oleri
813 4467 892 4535 ordo
913 4489 934 4534 a
954 4469 1037 4536 10100
1058 4489 1204 4535 eommu-

252 4688 320 4752 m
338 4687 367 4824 11
384 4687 515 4812 girbaldo
531 4757 566 4811 ds
575 4758 682 4826 000000
692 4773 824 4814 marae
831 4758 934 4828 001100,
953 4775 1047 4814 emsa
1058 4759 1203 4830 0100010ιο

271 4862 1102 4965 'amaupaoraaoraoauaprtdmaoran
1133 4902 1204 4956 aaa.

237 4959 1205 5116 N’fflttaataaaaaunenmaausan

238 5095 1205 5234 mummdmamsdsnthoaoadodbsspmmere

1251 1301 1431 1368 ministerio
1450 1300 1622 1384 deputatos
1643 1303 1690 1368 ita
1710 1303 1848 1370 subinde
1868 1305 2028 1388 probandi
2051 1307 2222 1389 perfinien-

1252 1385 1358 1470 diqua.
1402 1387 1551 1453 Verbum
1573 1387 1711 1454 Domini
1737 1389 1821 1473 quod
1851 1391 1915 1458 huo
1936 1411 1998 1456 nos
2018 1390 2152 1458 deducit
2171 1399 2223 1458 est

1252 1472 1286 1537 id
1309 1471 1394 1556 quod
1417 1475 1553 1555 requirit
1579 1473 1728 1558 religiose
1757 1477 1896 1558 probare
1917 1477 1972 1560 qui
1993 1475 2222 1542 administran-

1253 1559 1304 1624 dis
1324 1557 1468 1624 eeeleeiis
1485 1558 1606 1624 debent
1621 1561 1762 1644 praefici,
1785 1581 1919 1644 esseque
1936 1563 2022 1646 ipsos
2038 1561 2223 1646 1000100000

1252 1654 1286 1710 οι
1307 1645 1399 1710 bonis
1420 1645 1613 1710 testimoniis
1635 1646 1675 1711 ab
1697 1647 1847 1712 omnihus
1868 1648 2127 1726 oonamendatus,
2150 1667 2222 1714 essa

1253 1729 1398 1794 inomni
1425 1730 1546 1813 pietate
1573 1731 1723 1815 exempla
1750 1734 1877 1818 gregis,
1906 1749 2004 1816 atquo
2032 1735 2066 1798 iu
2094 1733 2147 1798 his
2174 1733 2224 1800 ita

1253 1816 1408 1897 pmlioero
1436 1816 1579 1898 quotidie
1605 1824 1643 1881 nt
1669 1839 1861 1902 progressus
1889 1840 2001 1884 00οι00
2029 1821 2222 1886 00ιο11001οε

1253 1903 1311 1965 11οι
1338 1901 1500 1966 omnibus.
1541 1901 1697 1980 Attende,
1729 1903 1837 1987 inquit
1868 1907 2047 1990 apostulus,
2081 1905 2224 1984 100ιί001,

1253 1986 1484 2063 exhortationi,
1517 1984 1697 2053 doetrinae:
1730 2011 1773 2054 ne
1802 1991 1949 2075 negligus
1980 1989 2102 2055 donum
2135 1987 2224 2074 quod

1253 2070 1366 2135 datum
1389 2072 1447 2137 tibi
1467 2083 1518 2137 est
1539 2093 1598 2156 per
1618 2070 1805 2157 prophetias
1827 2097 1903 2143 eum
1923 2076 2130 2158 impositione
2151 2095 2224 2141 ma·

1253 2177 1333 2220 num
1357 2157 1562 2242 presbyterii.
1613 2159 1704 2224 Haeo
1725 2181 1818 2240 eura,
1846 2161 1881 2225 in
1902 2160 1955 2226 his
1976 2173 2059 2240 esto,
2088 2172 2127 2226 ut
2147 2181 2223 2244 pro·

1253 2263 1385 2326 grossus
1407 2253 1483 2308 tuus
1505 2244 1697 2310 manifestus
1719 2246 1777 2310 fiat
1798 2247 1957 2313 omnibns.
2000 2246 2073 2311 Iam
2096 2257 2224 2312 eertum

1254 2337 1304 2394 est
1325 2328 1470 2393 studium
1487 2328 1549 2395 hoo
1571 2329 1791 2396 admonitione
1811 2333 1948 2397 fratrum
1970 2341 2004 2397 et
2025 2331 2225 2417 eollegarum

1253 2414 1289 2478 in
1311 2433 1404 2479 saera
1425 2415 1591 2480 lunatione
1608 2416 1745 2481 excitari
1762 2417 1903 2482 multum
1925 2437 2028 2501 posse,
2051 2427 2084 2482 et
2105 2422 2224 2482 fratres

1254 2499 1400 2583 singulos
1423 2501 1485 2566 hoo
1506 2500 1569 2566 sibi
1593 2502 1735 2567 ostiolum
1763 2504 1909 2569 oaritatis
1929 2504 2072 2568 invitem
2094 2501 2222 2582 debere,

1253 2585 1338 2667 quod
1367 2585 1493 2652 Paulus
1527 2588 1688 2669 praestitit
1716 2587 1882 2672 discipulis
1915 2597 1949 2655 et
1980 2588 2111 2672 eollegis
2144 2589 2223 2665 0010,

1254 2670 1434 2750 Timotheo,
1458 2673 1533 2736 Tite
1555 2681 1589 2737 et
1610 2673 1691 2752 aliis,
1724 2673 1765 2739 de
1786 2674 1903 2757 quibus
1924 2674 2082 2740 sollieitus
2103 2674 2165 2738 fuit
2186 2679 2228 2738 ut

1253 2759 1456 2840 profluerent,
1479 2759 1514 2822 in
1535 2779 1616 2840 quos
1637 2759 1821 2841 inquisivit,
1850 2781 1931 2843 quos
1953 2760 2052 2825 01ἰοιο
2073 2760 2226 2842 explora-

1255 2844 1311 2908 vit.
1355 2843 1408 2908 Ad
1431 2842 1619 2910 Corinthios
1646 2846 1735 2909 misit
1754 2845 1963 2910 Timotheum
1990 2853 2024 2910 et
2045 2845 2159 2910 Titum
2186 2849 2227 2910 ut

1254 2937 1485 3012 eognoseerent
1505 2940 1538 2994 et
1559 2928 1770 2996 emendarent
1789 2931 1912 3014 siquid
1931 2931 2002 2996 vitii
2018 2931 2226 3013 obrepsisset,

1254 3023 1289 3078 et
1309 3024 1464 3098 urgerent
1484 3014 1617 3098 piatatis
1639 3016 1745 3081 ollieia
1762 3016 1797 3080 in
1814 3017 1933 3100 quibus
1949 3017 2023 3082 illos
2043 3015 2227 3100 deprehen·

1254 3099 1378 3165 dissent
1412 3121 1545 3166 oessaro.
1600 3102 1675 3184 Ipse
1709 3101 1750 3166 de
1777 3123 1836 3167 suo
1868 3102 2013 3168 adventu
2041 3101 2227 3167 Oorinthiis

1254 3185 1408 3266 seribens,
1430 3185 1585 3266 Veniam,
1614 3187 1733 3270 inquit,
1762 3189 1825 3254 aito
1851 3189 1880 3254 si
1901 3187 2065 3252 Dominus
2090 3186 2171 3250 velit
2190 3191 2228 3251 et

1254 3291 1446 3354 eognosoam
1474 3295 1536 3336 000
1566 3291 1748 3338 sermonem
1778 3293 1891 3339 eorum
1919 3275 1974 3357 qui
2001 3271 2106 3337 inflati
2134 3277 2226 3351 sunt,

1255 3357 1312 3423 sed
1335 3357 1498 3422 virtutem.
1532 3357 1629 3425 Unde
1648 3379 1727 3424 vero
1749 3361 1938 3444 cogniturus
1960 3357 2051 3423 erat?
2083 3355 2228 3422 Indubia

1255 3463 1294 3508 eo
1315 3443 1401 3526 quod
1423 3443 1710 3510 animadversurus
1727 3455 1798 3509 erat
1818 3445 1855 3510 in
1879 3445 1961 3510 talos
1981 3445 2105 3510 virtute
2126 3441 2228 3524 spiri·

1255 3537 1308 3592 tus
1326 3531 1428 3594 saneti
1450 3529 1617 3612 aliquanto
1638 3531 1792 3608 severius,
1816 3543 1849 3595 at
1866 3551 1932 3595 non
1954 3530 2019 3595 nisi
2040 3530 2076 3593 in
2093 3527 2228 3594 eonvio-

1254 3621 1304 3680 tos
1326 3615 1501 3680 inflationis
1520 3637 1607 3681 suae.
1651 3615 1703 3681 De
1726 3617 1778 3681 his
1805 3637 1883 3681 vero
1905 3635 2006 3699 quum
2027 3613 2228 3679 delationem

1254 3719 1274 3765 a
1309 3700 1432 3765 familia
1459 3699 1579 3767 (ihloos
1615 3702 1733 3767 absens
1760 3701 1959 3777 admisisset,
1992 3701 2064 3784 quis
2097 3699 2227 3764 dubitet

1254 3786 1354 3850 etiam
1375 3797 1577 3869 praesentem
1599 3799 1710 3869 postea
1731 3789 1765 3851 in
1786 3807 1841 3852 eos
1867 3783 2098 3869 inquisivisse?
2142 3785 2227 3848 Pre-

1254 3871 1388 3936 eabatur
1409 3870 1496 3936 idom
1517 3873 1684 3954 apostolus
1705 3893 1724 3937 a
1741 3871 1884 3938 Domino
1906 3883 1944 3936 ut
1965 3871 2092 3936 videret
2108 3869 2228 3935 faeiem

1254 3957 1593 4022 Thessalonioensium
1615 3979 1678 4042 quo
1699 3959 1865 4042 suppleret
1886 3956 2071 4039 ὑστερήματα
2091 3963 2227 4030 πίστεως

1254 4040 1360 4125 αὐτῶν,
1382 4062 1463 4125 quae
1485 4042 1623 4108 deerant
1650 4043 1727 4109 fidei
1748 4044 1895 4108 illorum:
1929 4044 2042 4108 orabat
2063 4042 2144 4124 ipsis
2165 4061 2228 4105 au·

1255 4141 1439 4211 goseentem
1461 4138 1494 4193 et
1514 4127 1750 4194 redundantem
1767 4131 1946 4208 oaritatem,
1966 4137 2004 4193 ut
2025 4137 2058 4192 et
2078 4127 2142 4209 ipsi
2163 4145 2228 4192 sua

1255 4214 1395 4278 invioem
1416 4221 1450 4277 οι
1470 4217 1616 4279 omnium
1638 4213 1736 4280 eorda
1757 4217 1999 4292 ooufirmarent,
2028 4233 2093 4297 quo
2114 4219 2228 4277 essent

1254 4298 1556 4382 irreprehensibiles
1583 4299 1619 4364 in
1647 4301 1820 4368 sanatituto
1840 4321 1949 4366 eoram
1971 4299 2052 4364 Deo.
2096 4297 2229 4362 Eadem

1256 4384 1296 4450 de
1317 4405 1416 4451 eausa
1437 4387 1571 4450 miserat
1591 4384 1632 4450 ad
1664 4407 1719 4453 eos
1740 4385 1958 4464 Timotheum,
1981 4385 2103 4466 hooque
2125 4381 2228 4448 offieii

1254 4470 1319 4535 illis
1345 4491 1454 4536 eoram
1482 4471 1551 4554 ipse
1578 4479 1655 4537 ante
1681 4472 1728 4536 ita
1752 4471 1974 4555 praestiterat,
2003 4478 2042 4534 ut
2067 4483 2228 4552 tanquam

1255 4566 1347 4640 pater
1369 4555 1453 4622 filios
1474 4577 1552 4623 suos
1579 4557 1772 4622 adhortatus
1797 4557 1899 4622 luerit
1925 4567 1960 4622 et
1980 4554 2166 4621 oonsolatus
2189 4560 2227 4618 et

1254 4643 1449 4719 obtestatus,
1479 4663 1543 4726 000
1571 4653 1780 4708 versarentur
1806 4642 1905 4727 digno
1932 4661 2041 4708 eoram
2069 4639 2227 4705 Domino.

1254 4727 1345 4793 Haeo
1372 4727 1517 4810 quidem,
1546 4729 1624 4812 quia
1651 4729 1758 4794 olfioia
1783 4728 1927 4794 raritatis
1954 4739 2048 4805 sunt,
2074 4725 2228 4790 omnium

1255 4811 1518 4878 Christianorum
1546 4826 1634 4879 sunt:
1661 4822 1697 4877 at
1722 4814 1799 4897 quia
1825 4833 1846 4878 0
1872 4813 2033 4879 ministris
2059 4812 2229 4877 Dominus

1255 4898 1391 4982 requirit
1411 4907 1450 4964 ut
1470 4900 1594 4965 eunetis
1613 4919 1649 4963 se
1666 4898 1700 4962 in
1717 4898 1867 4964 omnibus
1887 4919 1971 4982 qnae
1993 4899 2122 4981 pietatis
2144 4905 2230 4963 sunt

1255 4984 1405 5068 exernpla
1425 4984 1602 5066 praebeant
1621 4984 1756 5066 populo,
1784 4982 1818 5049 id
1843 4984 1942 5050 etiam
1961 4985 1997 5049 in
2019 4982 2080 5050 hoe
2101 5003 2230 5068 genere

1254 5070 1351 5135 0111011
1373 5068 1505 5135 studere
1526 5067 1654 5148 debent,
1682 5079 1721 5136 ut
1743 5071 1830 5156 piam
1850 5068 2229 5155 001Ιί0οι00000οωΠί-

1254 5155 1431 5222 altudinem
1459 5154 1603 5220 omnium
1630 5155 1777 5239 quidem,
1810 5155 1871 5222 hoo
1896 5165 2007 5222 autem
2032 5154 2140 5240 magis
2171 5155 2231 5224 ani
