4898 5970
195 247 256 310 793
1043 251 1124 311 1544
1145 245 1347 314 DDOEMB.
2122 255 2183 315 794

194 457 315 520 ponam
346 435 553 520 phalangem,
586 455 693 500 meam
722 434 879 501 adversus
907 443 940 501 tu
968 437 1165 501 sententiam
1216 435 1441 500 essentialiter.
1491 435 1558 502 Sed
1586 435 1672 502 filius
1700 455 1827 519 quoque
1856 435 1955 501 dante
1987 443 2095 520 patre,
2128 441 2186 520 qui

195 522 401 588 defensurus:
424 522 589 586 Hilarium
611 521 742 599 scilicet,
764 520 996 606 Augustinum,
1026 521 1165 587 Ambro-
1217 539 1287 586 esee
1308 521 1417 604 ipsum
1439 519 1503 588 dut.
1548 522 1693 588 Rursum
1716 522 1797 587 libro
1818 521 1978 587 Thesauri
2005 529 2050 588 10.
2080 527 2185 607 capite

195 609 292 685 sium,
314 614 353 672 ut
372 608 505 672 interim
528 607 567 672 de
589 614 621 672 tc
641 606 816 690 acOyrillo
834 616 967 672 taceam.
1003 604 1060 672 sie
1077 607 1165 672 enim
1217 605 1322 688 primo
1350 607 1461 672 verbis
1493 608 1708 690 apertioribus
1740 607 1827 672 idem
1854 609 2026 674 insinuans
2058 611 2183 694 inquit:

194 693 346 759 Hilarius
363 692 446 758 libro
465 713 552 758 nono
574 691 614 756 de
631 692 791 756 Trinitate
810 693 936 758 scribit:
959 688 1056 772 Quod
1077 692 1164 757 enim
1217 689 1329 772 Quum
1351 713 1393 756 ex
1414 693 1595 758 substantia
1611 693 1714 778 patris
1731 693 1867 776 prodeat
1882 693 1978 772 filius,
1999 695 2110 760 omnio
2130 716 2185 764 ae·

194 788 288 862 pater
317 777 407 843 dedit
433 785 634 861 potestatem,
662 777 697 841 in
726 776 787 842 hoc
815 778 918 842 filium
945 779 1058 861 genuit
1078 778 1165 861 quod
1217 777 1387 842 ternaliter
1413 781 1515 863 patris
1541 778 1649 858 habet,
1679 779 1887 844 aeternaliter
1913 781 2013 844 etiam
2040 780 2102 847 hae
2130 805 2186 850 ra·

194 865 283 934 filius
305 865 435 947 accepit.
480 865 532 928 De
560 864 661 928 verbo
682 863 834 945 loquitur,
862 864 1067 928 nativitatem
1089 885 1165 929 con·
1215 862 1304 927 tione
1333 883 1375 930 ex
1402 885 1440 930 eo
1468 864 1586 948 accipit
1613 865 1724 930 omnia
1744 884 1827 948 quae
1848 865 1950 948 ipsius
1971 866 2074 946 patris
2096 879 2183 935 sunt.

194 957 346 1016 summat
397 947 501 1014 Dedit
527 950 614 1012 enim
643 949 674 1013 ei
707 959 802 1031 pater
835 957 1026 1030 potestatem
1059 951 1165 1015 omnis
1215 947 1290 1013 Alio
1317 970 1444 1032 quoquc
1470 949 1541 1016 loco
1567 949 1691 1016 scribit:
1721 952 1752 1015 A
1773 959 1867 1033 patre
1894 951 1982 1015 enim
2003 957 2185 1020 necessario

194 1036 312 1114 carnis,
330 1043 364 1100 et
381 1034 422 1100 ad
439 1035 473 1100 id
491 1034 670 1110 demerem
689 1043 726 1098 ut
743 1034 798 1099 det
814 1035 974 1100 cievitam
987 1044 1163 1101 aeternam.
1215 1035 1360 1118 accipere
1382 1056 1465 1118 quae
1486 1034 1527 1100 ab
1548 1057 1586 1102 eo
1608 1035 1801 1100 naturaliter
1822 1036 1929 1113 habat,
1954 1044 1993 1100 ut
2013 1059 2113 1120 quum
2136 1040 2184 1105 al-

195 1121 367 1187 Habetin
400 1119 498 1186 dante
531 1119 618 1202 quod
651 1129 745 1200 pater
773 1129 837 1200 est,
863 1129 896 1185 et
923 1121 957 1184 in
986 1121 1164 1204 accipiente
1215 1127 1267 1184 ter
1288 1119 1344 1184 det
1364 1119 1447 1185 alter
1469 1121 1614 1204 accipiat.
1658 1122 1710 1186 De
1732 1122 1831 1186 verbo
1853 1122 1893 1188 ab
1911 1129 2042 1188 aeterno
2063 1126 2183 1208 genito,

194 1207 280 1290 quod
314 1205 407 1274 Deus
434 1220 493 1284 est,
521 1227 621 1288 quum
650 1216 683 1269 et
711 1205 747 1270 in
775 1227 813 1270 eo
842 1205 1046 1290 significetur
1071 1215 1164 1289 pater
1215 1227 1281 1270 non
1303 1205 1343 1270 de
1365 1217 1531 1290 assumpto
1552 1205 1684 1272 homine
1704 1207 1855 1290 loquitur.
1899 1207 1934 1272 Ie
1963 1209 2051 1274 euim
2081 1211 2184 1277 vitam

195 1313 265 1358 esse
287 1292 372 1375 quod
393 1290 526 1364 dederit,
549 1301 583 1355 ct
600 1293 633 1355 iu
651 1312 689 1355 eo
705 1291 795 1355 filius
813 1291 892 1355 deus
913 1299 1054 1370 maneat,
1078 1292 1163 1374 quod
1215 1291 1409 1356 naturaliter
1430 1313 1496 1357 ucu
1517 1291 1624 1367 habet,
1648 1291 1704 1358 scd
1726 1313 1785 1375 per
1806 1294 1954 1376 gratiam.

194 1379 282 1444 vitae
304 1387 456 1443 aeternae
477 1375 603 1441 dandae
625 1377 803 1459 sumpserit
823 1383 1023 1460 potestatem.
1067 1377 1163 1442 Mox·
1300 1375 1398 1458 Quod
1424 1385 1458 1441 ct
1484 1387 1529 1455 tn,
1558 1377 1669 1442 divino
1694 1379 1753 1443 tihi
1781 1387 1976 1462 suggerente
2000 1381 2126 1462 spiritu,
2149 1383 2184 1448 in

194 1484 258 1546 que
285 1464 481 1528 sententiam
509 1463 705 1528 collecturus
727 1463 840 1527 infert:
869 1462 1035 1527 Naturalis
1062 1463 1164 1546 igitur
1214 1461 1324 1528 libello
1346 1471 1405 1527 tuo
1428 1483 1523 1546 quem
1546 1485 1646 1547 supra
1666 1462 1839 1529 citavimus
1862 1486 1926 1528 nou
1948 1465 2086 1532 tacuisti.
2128 1465 2185 1535 Sic

193 1549 262 1614 filio
272 1549 335 1614 Dei
353 1557 387 1614 et
403 1549 576 1628 congenita
597 1549 704 1613 omnis
721 1557 865 1631 potestus
882 1555 941 1624 est,
962 1570 1045 1629 quae
1062 1571 1163 1630 quum
1215 1549 1302 1612 euim
1330 1549 1445 1629 ais:⁸²)
1475 1547 1586 1629 Quum
1614 1548 1766 1614 Christus
1794 1548 1838 1614 sit
1864 1550 1928 1615 Dei
1955 1551 2043 1616 filius
2069 1559 2103 1616 ct
2124 1553 2183 1619 ho·

194 1633 271 1700 data
292 1635 335 1700 sit
357 1655 420 1700 non
444 1633 584 1699 alienata
605 1643 655 1697 est
676 1631 785 1716 perid
802 1634 842 1698 ab
861 1643 975 1698 autore
993 1635 1070 1715 quia
1087 1635 1164 1699 dato
1216 1632 1322 1712 minis,
1349 1632 1434 1716 quod
1460 1644 1511 1699 est
1537 1643 1656 1698 natura
1685 1644 1722 1700 ιιι
1743 1635 1845 1711 Deus,
1874 1635 1908 1700 id
1936 1643 1986 1702 est
2012 1638 2120 1721 gratia
2147 1647 2184 1704 ιιι

193 1729 253 1797 cet,
275 1741 375 1803 quum
397 1719 482 1802 quod
504 1729 554 1784 cst
574 1721 696 1784 autoris
717 1719 778 1784 hoc
799 1717 921 1796 datum,
945 1719 1023 1784 dare
1043 1720 1165 1786 scilicet
1215 1719 1321 1783 homo.
1365 1719 1470 1784 Nemo
1491 1721 1591 1802 igitur
1612 1720 1676 1784 nisi
1698 1721 1818 1786 mentis
1838 1721 1940 1786 oculis
1962 1723 2095 1788 orbatus
2116 1746 2184 1790 non

193 1807 297 1871 vitam
333 1814 509 1871 aeternam.
558 1806 644 1869 Tum
673 1807 784 1887 paucis
813 1807 1012 1886 interpositis
1047 1805 1163 1870 adiun-
1216 1804 1306 1869 videt
1326 1805 1463 1871 verbum
1480 1805 1639 1870 ineffabili
1656 1805 1751 1871 modo
1769 1827 1788 1870 a
1805 1815 1899 1890 patre
1915 1808 2063 1890 genitum
2081 1809 2185 1876 vitam

194 1893 258 1976 git:
282 1891 383 1956 Dedit
398 1893 507 1973 itaque
522 1901 615 1974 pater
633 1892 744 1955 omnia
760 1899 793 1954 et
811 1891 1032 1973 aceepitfilius
1044 1893 1162 1956 omnia.
1215 1890 1335 1956 habere
1356 1891 1635 1968 communicatam,
1664 1891 1895 1974 Christumque
1922 1893 2102 1959 secuudum
2124 1894 2183 1962 ho—

192 1977 263 2042 Nec
284 1977 388 2042 multo
411 1976 636 2056 dissimilium)
658 1975 745 2060 opud
767 1976 906 2040 condem
924 1976 1045 2060 passim
1063 1977 1164 2044 lector
1215 1977 1338 2040 minem
1370 1977 1473 2041 vitam
1505 1978 1665 2058 accepisse
1697 1997 1717 2040 a
1748 1987 1841 2060 patre
1869 1977 1966 2043 verbo
1994 2001 2032 2045 ac
2063 1981 2181 2064 spiritu

194 2062 328 2129 sedulus
349 2062 504 2140 ‘offendet
538 2083 575 2127 ac
604 2069 674 2125 tum
702 2063 845 2126 maxime
871 2061 907 2125 in
934 2083 972 2126 eo
996 2083 1092 2144 quem
1123 2062 1163 2127 de
1215 2075 1326 2126 sancto
1353 2059 1513 2128 donatam.
1563 2059 1676 2142 Quum
1703 2083 1781 2128 vcro
1810 2062 1976 2127 hominem
2005 2063 2092 2143 dico,
2125 2087 2185 2131 na·

193 2145 338 2234 Synodis
356 2147 486 2231 scripsit
502 2147 620 2213 libello.
658 2148 862 2230 Augustinus
879 2169 958 2212 vero
976 2147 1164 2214 huiusmodi
1215 2157 1323 2212 turam
1352 2159 1552 2230 assumptum
1580 2147 1736 2232 intelligo,
1767 2167 1832 2213 non
1854 2169 2035 2232 personam.
2079 2151 2185 2218 Nemo

193 2234 366 2299 sententiis
377 2241 464 2299 totus
482 2242 593 2308 scatet,
612 2254 693 2316 quas
704 2233 786 2297 nulli
799 2240 1025 2316 praeterquam
1037 2255 1164 2298 summe
1214 2234 1334 2316 quippe
1360 2233 1497 2299 verbum
1530 2241 1581 2307 (ut
1607 2234 1672 2297 ium
1700 2255 1772 2298 sum
1800 2235 1979 2317 praefatus)
2011 2257 2185 2319 personam

194 2319 298 2384 desidi
319 2319 470 2404 colligere
492 2319 592 2384 fuerit
612 2339 792 2402 operosum.
836 2319 882 2382 Et
908 2327 947 2382 ut
975 2318 1074 2382 fidem
1104 2320 1164 2385 tihi
1214 2320 1427 2402 assumpsisse
1445 2320 1515 2384 sine
1532 2317 1699 2403 religionis
1710 2320 1830 2384 iniuria
1840 2323 2085 2387 asseveraverit
2119 2323 2184 2388 ‘lla-

192 2405 310 2472 huam
332 2425 433 2470 unam
455 2413 552 2487 atque
574 2404 709 2468 alteram
729 2425 770 2467 ex
788 2404 857 2467 eius
875 2403 1067 2468 tractatibus
1088 2425 1164 2487 pro·
1213 2405 1309 2469 metei
1332 2403 1416 2471 hanc
1438 2406 1633 2470 sententiam
1655 2413 1715 2470 tua
1731 2405 1898 2471 Institutio
1916 2405 2034 2472 alicubi
2051 2428 2185 2490 prorsus

192 2491 295 2555 leram
318 2491 522 2556 sententiam.
566 2489 606 2553 In
625 2496 766 2554 tractatu
784 2489 872 2552 enim
891 2493 930 2550 22
950 2489 985 2552 ιιι
1004 2488 1162 2554 Ioannem
1214 2510 1279 2554 non
1307 2489 1508 2556 adversetur.
1552 2491 1604 2554 Dc
1633 2511 1698 2572 qua
1725 2511 1770 2569 re,
1798 2489 1876 2556 dum
1901 2513 1961 2574 per
1986 2493 2090 2558 otium
2111 2493 2186 2561 lice

193 2576 241 2642 sie
268 2577 396 2642 scribit:
424 2575 526 2641 Dedit
552 2575 602 2638 illi
629 2596 707 2657 ergo
728 2575 830 2638 vitam
851 2573 971 2638 habere
999 2575 1033 2639 in
1061 2585 1164 2640 semet
1213 2573 1271 2650 bit,
1294 2595 1313 2638 a
1334 2595 1387 2638 me
1409 2573 1558 2639 nonnihil
1581 2575 1699 2641 audies.
1744 2576 1818 2640 Non
1841 2585 1891 2642 est
1914 2585 2025 2643 tamen
2052 2578 2107 2645 hie
2127 2600 2186 2646 cur

191 2661 273 2744 ipso,
303 2661 393 2726 dedit
420 2661 451 2726 ei
472 2671 630 2742 tanquam
651 2660 752 2725 verbo
774 2679 842 2738 suo,
864 2669 1018 2743 tanquam
1049 2662 1079 2724 ei
1108 2662 1163 2743 qui
1214 2660 1342 2724 mireris
1370 2669 1427 2724 aut
1455 2661 1670 2743 obstupescas.
1714 2661 1807 2726 Nihil
1833 2665 1921 2728 enim
1943 2685 1963 2728 a
1984 2671 2042 2730 tua
2062 2672 2097 2731 ct
2118 2663 2185 2751 0]-

191 2747 227 2812 ιιι
248 2747 408 2830 principio
430 2757 501 2812 erat
521 2747 667 2812 verbum.
712 2745 803 2811 Alibi
819 2765 947 2828 quoque
964 2743 1052 2810 idem
1069 2767 1162 2828 aper·
1214 2745 1280 2808 rilli
1307 2746 1471 2810 sententia
1499 2745 1640 2810 ahenum
1669 2744 1797 2811 dicitur.
1842 2747 1967 2813 Verum
1996 2770 2060 2833 quo
2083 2749 2185 2817 dona-

191 2832 318 2898 tissime
335 2833 506 2898 insinuans
523 2832 582 2897 ait:
605 2831 777 2898 Hocinter
794 2841 920 2914 patrem
938 2831 1040 2897 solum
1060 2833 1162 2898 inter·
1214 2830 1312 2896 tionis
1332 2851 1453 2914 genere
1480 2831 1581 2896 vitam
1611 2830 1709 2896 verbo
1731 2834 2013 2912 communicatam,
2043 2857 2107 2918 quo
2129 2836 2186 2904 de-

192 2925 243 2984 est
265 2927 299 2983 θι
318 2918 435 2997 filium,
457 2919 533 3000 quia
553 2925 648 3000 pater
671 2917 771 2982 vitam
793 2917 893 2982 habet
909 2917 943 2980 iu
966 2927 1070 2982 semet
1090 2919 1162 3001 ipso
1213 2913 1289 2981 inde
1307 2925 1475 2998 assumpto
1494 2916 1628 2992 homini,
1646 2915 1747 2980 velim
1765 2915 1819 2982 hic
1836 2918 1989 3001 inprimis
2006 2920 2182 3006 intelligas.

191 3023 290 3087 quam
318 3024 415 3069 nemo
442 3005 472 3069 ei
498 3003 595 3080 dedit,
623 3002 711 3068 filius
739 3013 848 3068 autem
879 3003 980 3068 vitam
1002 3005 1038 3067 in
1059 3013 1163 3069 semet
1213 3001 1323 3066 Verbo
1351 3001 1483 3085 quidem
1510 3001 1652 3066 naturali
1679 2999 1852 3068 donatione
1879 3003 1950 3068 vita
1976 3005 2017 3070 ab
2050 3013 2184 3072 aeterno

191 3089 264 3172 ipso
292 3087 392 3156 habet
420 3111 518 3173 quam
547 3097 640 3170 pater
667 3087 766 3156 dedit
809 3089 987 3154 Praeterea
1008 3090 1043 3153 in
1064 3088 1161 3155 illud:
1214 3087 1333 3153 donata
1353 3096 1413 3166 est,
1436 3087 1563 3153 homini
1584 3108 1662 3152 vero
1691 3095 1857 3170 assumpto
1878 3109 1919 3152 ex
1941 3095 2087 3172 tempore
2108 3111 2184 3174 gra·

190 3175 294 3241 Pater
310 3175 395 3259 quod
413 3174 503 3240 dedit
519 3173 601 3240 mihi
618 3175 725 3240 maius
741 3174 892 3240 omnibus
906 3177 1019 3251 est⁸¹).
1053 3174 1161 3242 Filius
1213 3175 1306 3239 tuito.
1350 3171 1489 3239 Varium
1516 3173 1578 3239 hoo
1606 3172 1787 3239 donationis
1808 3195 1912 3258 genus
1934 3175 1971 3253 si,
2001 3187 2039 3240 ut
2064 3196 2183 3244 conve·

191 3259 232 3325 de
252 3259 326 3326 Deo
347 3260 448 3338 Deus,
478 3261 519 3325 de
546 3268 679 3326 aeterno
708 3269 871 3326 aeternus.
920 3260 1021 3326 Pater
1050 3269 1160 3326 autem
1213 3259 1334 3339 niebat,
1356 3259 1561 3337 attendisses,
1585 3257 1721 3338 Calvina,
1747 3280 1813 3324 non
1834 3267 1904 3326 tam
1925 3260 2069 3343 turpiter
2089 3259 2184 3328 diesi·

190 3367 259 3411 non
281 3345 322 3411 de
342 3347 521 3424 filioDeus‚
543 3345 617 3411 ideo
637 3353 732 3428 pater
752 3346 818 3411 filio
830 3345 995 3429 gignendo
1016 3343 1105 3411 dedit
1126 3355 1163 3412 ut
1212 3346 1402 3429 puissesu),
1413 3366 1520 3428 neque
1530 3345 1665 3411 Ioannis
1676 3345 1891 3423 autoritatem,
1904 3348 2184 3432 quaetepreseius

191 3430 284 3498 Deus
306 3445 401 3511 esset,
423 3431 587 3516 gignendo
609 3430 700 3496 dedit
720 3439 758 3496 nt
779 3430 841 3496 sibi
858 3441 1049 3499 coaeternus
1066 3439 1160 3500 esset
1213 3431 1360 3516 urgebat,
1382 3439 1452 3496 tam
1473 3431 1591 3497 misere
1612 3431 1772 3508 torsisses,
1803 3452 1863 3496 nec
1892 3439 1960 3496 tam
1983 3432 2082 3518 longa
2102 3431 2184 3498 mihi

191 3517 382 3596 Glauooma,
410 3519 467 3600 qui
494 3518 548 3584 hio
574 3539 641 3584 non
663 3518 760 3597 videt,
782 3519 914 3601 patitur,
941 3528 999 3584 aut
1019 3519 1161 3584 obiectos
1211 3539 1271 3602 pro
1293 3518 1355 3585 hac
1376 3537 1413 3582 re
1434 3525 1541 3582 tecum
1563 3537 1644 3601 opus
1660 3517 1778 3582 fuisset
1794 3517 2044 3584 concertatione.

191 3604 340 3670 veritatis
356 3605 464 3670 radios
482 3605 632 3687 excipere
649 3605 854 3689 subterfugit.
890 3605 1021 3669 Verum·
1037 3625 1079 3669 ne
1094 3615 1162 3668 tam
1297 3604 1349 3669 Ne
1370 3624 1448 3670 vero
1469 3601 1554 3686 quod
1576 3623 1597 3667 a
1617 3622 1670 3666 me
1692 3602 1752 3668 tibi
1773 3601 1827 3668 hic
1845 3603 2004 3669 occinitur
2026 3624 2068 3669 ex
2090 3604 2183 3670 theo·

191 3697 324 3772 spertae
356 3691 490 3757 veritati
522 3689 667 3774 probatio
705 3688 806 3768 desit,
845 3691 1009 3756 Ambrosii
1043 3688 1160 3755 addam
1212 3688 1361 3774 iugorum
1389 3689 1485 3774 (quoe
1513 3707 1746 3770 nonnunquam
1774 3697 1833 3754 tua
1860 3687 2030 3754 Institutio
2060 3690 2183 3756 auritos

190 3775 393 3858 suffragium.
438 3776 520 3841 Post
541 3796 679 3852 crucem,
700 3776 817 3858 inquit,
839 3776 1068 3840 manifest-atur
1084 3776 1161 3858 quid
1213 3775 1329 3840 asellos
1351 3774 1461 3858 vocat)
1488 3773 1613 3839 lacunis
1642 3772 1797 3839 haustum
1818 3783 1923 3858 putes,
1946 3782 2003 3839 aut
2024 3797 2045 3840 a
2066 3795 2119 3840 me
2141 3797 2183 3842 ex

192 3869 325 3944 epatre
345 3882 446 3944 quum
471 3871 684 3945 generaretur
708 3861 840 3944 accepit
874 3860 949 3924 Non
970 3861 1058 3925 enim
1080 3871 1161 3928 tunc
1211 3859 1374 3926 industria
1405 3860 1589 3938 confictum,
1621 3880 1662 3924 ex
1694 3858 1765 3942 ipso
1798 3859 1923 3945 Oyrillo
1952 3858 2041 3925 istud
2073 3861 2183 3942 ipsum

191 3948 316 4031 accepit
337 3968 475 4029 quuma
495 3955 647 4012 creatura
665 3947 769 4029 coepit
790 3946 866 4013 sciri
883 3946 973 4011 illiue
995 3946 1161 4024 divinitas,
1212 3946 1340 4030 aperire
1371 3945 1518 4024 tentabo,
1562 3965 1698 4028 sperans
1728 3966 1782 4010 me
1819 3967 1890 4010 rem
1929 3943 1988 4009 tibi
2020 3945 2183 4011 facturum

190 4031 281 4097 illius
301 4033 463 4097 maiestas.
508 4031 644 4096 Homini
665 4051 732 4096 nun
754 4040 804 4097 cst
824 4032 937 4097 datum
959 4053 1078 4096 nomen
1096 4032 1162 4098 Dei
1212 4032 1316 4098 multo
1346 4030 1573 4116 gratissimam.
1623 4027 1680 4096 Sic
1707 4032 1795 4096 euim
1817 4031 1965 4115 Dyrillus
1991 4029 2074 4096 libro
2096 4029 2182 4096 uue-

192 4117 278 4201 quod
295 4129 346 4184 est
363 4139 462 4202 supra
478 4138 574 4182 omne
589 4137 717 4193 nomen,
739 4139 807 4181 non
824 4117 928 4182 solum
946 4117 1161 4201 appellatione
1212 4119 1302 4184 sauri
1329 4123 1349 4183 4
1378 4116 1475 4181 fidem
1504 4116 1565 4180 tibi
1591 4115 1737 4180 facturus
1763 4116 1914 4199 loquitur,
1943 4115 2098 4183 adversus
2127 4137 2182 4182 eos

191 4201 250 4270 aed
267 4212 302 4268 et
317 4215 444 4281 natura,
468 4203 525 4268 sed
543 4204 573 4268 ei
590 4202 645 4286 qui
663 4203 816 4285 aequalis,
838 4202 893 4284 qui
912 4223 948 4268 se
965 4203 1159 4283 exinanivit,
1212 4205 1268 4287 qui
1294 4203 1399 4268 filium
1426 4208 1518 4284 patre
1544 4203 1758 4285 posteriorem
1789 4199 1890 4284 (quod
1917 4223 1958 4268 ex
1986 4202 2057 4284 ipse
2078 4201 2183 4267 murlta

192 4290 285 4355 cuius
312 4289 423 4354 omnia
448 4309 468 4353 a
493 4298 587 4372 patre
615 4295 701 4354 suut.
752 4287 821 4354 Nec
848 4287 934 4354 hanc
965 4291 1159 4354 sententiam
1211 4288 1401 4372 recepisset)
1429 4284 1711 4370 impudentissime
1741 4287 1939 4353 asserebant
1988 4287 2064 4352 Nou
2093 4287 2183 4352 enim

191 4373 549 4458 adversaturOyrillus,
566 4393 702 4441 versans
717 4372 815 4438 illud:
835 4372 931 4439 Sicut
952 4383 1046 4456 pater
1062 4373 1161 4440 habet
1211 4374 1297 4440 filius
1318 4374 1409 4458 prius
1429 4395 1496 4437 nou
1518 4373 1678 4438 exsistam
1700 4371 1782 4436 nihil
1805 4393 1847 4438 ex
1867 4381 1960 4455 patre
1977 4370 2102 4452 habuit,
2125 4371 2182 4437 de-

191 4461 295 4525 vitem
324 4461 360 4524 in
388 4469 492 4526 semet
519 4463 589 4544 ipsu
617 4469 677 4526 etc.
701 4509 708 4524 .
732 4507 740 4524 .
763 4459 960 4524 Examinate
981 4481 1086 4542 porro,
1109 4461 1160 4525 in·
1211 4459 1287 4526 inde
1309 4479 1351 4525 ex
1373 4458 1556 4541 eoaliquid
1574 4457 1706 4541 aceepit,
1728 4457 1786 4523 sed
1808 4458 2001 4524 naturaliter
2022 4469 2118 4524 natus
2139 4479 2182 4523 ex

213 4547 273 4624 uit,
296 4545 426 4630 singula
447 4547 609 4632 evangelii
635 4545 736 4612 verba
761 4543 936 4628 diligenter
962 4555 1058 4628 atque
1079 4567 1159 4630 pou·
1211 4553 1303 4630 patre
1324 4544 1434 4611 omnia
1455 4543 1617 4611 nascendo
1639 4562 1721 4626 quoe
1738 4544 1822 4626 patri
1844 4544 2007 4610 naturalia
2024 4551 2102 4608 sunt
2123 4563 2181 4608 na-

192 4567 312 4710 derate,
334 4631 487 4714 quoniam
506 4653 645 4716 mugnus
662 4631 742 4697 latet
757 4631 792 4696 in
810 4630 889 4714 ipsis
906 4651 1032 4697 sensus.
1069 4629 1159 4698 Scri-
1211 4630 1362 4696 turaliter
1383 4631 1599 4714 consequitur.
1631 4627 1914 4710 Quemadmodum
1932 4630 1960 4694 si
1982 4630 2054 4712 quis
2074 4628 2182 4695 lucem

192 4716 283 4782 bitur
308 4718 396 4781 euim
423 4717 508 4800 quod
536 4727 630 4799 puter
651 4719 753 4784 vitam
778 4718 813 4781 in
835 4725 938 4782 semet
958 4718 1028 4800 ipso
1049 4715 1158 4784 habet.
1211 4736 1294 4801 quac
1316 4713 1422 4798 prodit
1442 4737 1484 4781 ex
1506 4715 1573 4781 sule
1595 4717 1739 4798 accipere
1761 4713 1883 4798 aliquid
1900 4715 1940 4780 ab
1967 4734 2005 4779 eo
2032 4713 2104 4779 ideo
2131 4711 2181 4777 di-

192 4801 266 4869 Hoc
277 4810 400 4868 autem:
417 4803 453 4868 in
464 4813 568 4868 semet
581 4804 659 4884 ipso,
677 4802 762 4868 nihil
777 4801 866 4869 aliud
883 4803 1046 4887 significat
1062 4825 1160 4887 quam
1211 4809 1308 4879 oeret,
1331 4821 1431 4884 quum
1453 4801 1564 4865 omnia
1582 4821 1666 4950 guae
1688 4807 1766 4864 sunt
1792 4802 1828 4866 in
1849 4800 1931 4876 luce,
1960 4806 1995 4865 et
2020 4800 2092 4884 ipsa
2111 4798 2180 4878 lux,

1211 4909 1253 4954 ex
1275 4887 1343 4954 sole
1364 4893 1450 4952 sunt.
1493 4886 1580 4952 Dein
1603 4907 1622 4951 e
1642 4893 1718 4968 post
1738 4905 1842 4968 pauca
1863 4885 2020 4953 adversus
2048 4885 2181 4968 eosqui

295 5021 641 5158 ibissiiiuie'irw'
966 5054 969 5062 ’
1213 5027 1655 5160 '‘ssas—rammam
1694 5087 1767 5158 opp.
1788 5087 1820 5144 ν.
1840 5089 1898 5144 ιιι.

296 5159 344 5228 31)
362 5159 412 5215 Sic
426 5175 523 5229 sempe
537 5163 632 5229 patrae
648 5157 731 5213 ιαιιιιι·
746 5160 869 5228 hactum
884 5161 926 5217 Io.
947 5161 989 5230 10,
1006 5159 1049 5215 29.
1316 5159 1363 5228 38)
1381 5159 1430 5214 ιιι.
