<?xml version="1.0" encoding="UTF-8"?>
<!DOCTYPE html PUBLIC "-//W3C//DTD XHTML 1.0 Transitional//EN"
    "http://www.w3.org/TR/xhtml1/DTD/xhtml1-transitional.dtd">
<html xmlns="http://www.w3.org/1999/xhtml" xml:lang="en" lang="en">
 <head>
  <title>
</title>
<meta http-equiv="Content-Type" content="text/html;charset=utf-8" />
  <meta name='ocr-system' content='tesseract 3.04.00' />
  <meta name='ocr-capabilities' content='ocr_page ocr_carea ocr_par ocr_line ocrx_word'/>
</head>
<body>
  <div class='ocr_page' id='page_1' title='image "./ioanniscalvinio04reusgoog_0207.png"; bbox 0 0 4860 5968; ppageno 0'>
   <div class='ocr_carea' id='block_1_1' title="bbox 293 299 2286 378">
    <p class='ocr_par' dir='ltr' id='par_1_1' title="bbox 293 299 2286 378">
     <span class='ocr_line' id='line_1_1' title="bbox 293 299 2286 378; baseline -0.007 -1"><span class='ocrx_word' id='word_1_1' title='bbox 293 313 356 378; x_wconf 78' lang='lat' dir='ltr'><strong>est</strong></span> <span class='ocrx_word' id='word_1_2' title='bbox 1068 299 1330 370; x_wconf 73' lang='lat' dir='ltr'><strong>EPISuOLAE</strong></span> <span class='ocrx_word' id='word_1_3' title='bbox 1353 305 1520 368; x_wconf 73' lang='grc'><strong>391-393</strong></span> <span class='ocrx_word' id='word_1_4' title='bbox 2225 299 2286 364; x_wconf 81' lang='grc'><strong>388</strong></span> 
     </span>
    </p>
   </div>
   <div class='ocr_carea' id='block_1_2' title="bbox 229 485 2293 4078">
    <p class='ocr_par' dir='ltr' id='par_1_2' title="bbox 229 485 2293 3303">
     <span class='ocr_line' id='line_1_2' title="bbox 292 485 2287 584; baseline -0.008 -19"><span class='ocrx_word' id='word_1_5' title='bbox 292 503 459 584; x_wconf 76' lang='lat' dir='ltr'><strong>praestem</strong></span> <span class='ocrx_word' id='word_1_6' title='bbox 487 493 679 560; x_wconf 87' lang='lat' dir='ltr'><strong>admonetis.</strong></span> <span class='ocrx_word' id='word_1_7' title='bbox 722 490 763 560; x_wconf 83' lang='lat' dir='ltr'><strong>Si</strong></span> <span class='ocrx_word' id='word_1_8' title='bbox 789 511 850 578; x_wconf 91' lang='lat' dir='ltr'><strong>pro</strong></span> <span class='ocrx_word' id='word_1_9' title='bbox 877 491 940 558; x_wconf 90' lang='lat' dir='ltr'><strong>hac</strong></span> <span class='ocrx_word' id='word_1_10' title='bbox 969 488 1075 576; x_wconf 87' lang='lat' dir='ltr'><strong>gratia</strong></span> <span class='ocrx_word' id='word_1_11' title='bbox 1101 511 1165 575; x_wconf 91' lang='lat' dir='ltr'><strong>qua</strong></span> <span class='ocrx_word' id='word_1_12' title='bbox 1186 511 1267 556; x_wconf 92' lang='lat' dir='ltr'><strong>usus</strong></span> <span class='ocrx_word' id='word_1_13' title='bbox 1318 487 1457 554; x_wconf 88' lang='lat' dir='ltr'><strong>aedificii</strong></span> <span class='ocrx_word' id='word_1_14' title='bbox 1478 489 1589 553; x_wconf 77' lang='lat' dir='ltr'><strong>saneti</strong></span> <span class='ocrx_word' id='word_1_15' title='bbox 1634 485 1725 568; x_wconf 81' lang='lat' dir='ltr'><strong>Quot</strong></span> <span class='ocrx_word' id='word_1_16' title='bbox 1743 485 1888 553; x_wconf 87' lang='lat' dir='ltr'><strong>cladibus</strong></span> <span class='ocrx_word' id='word_1_17' title='bbox 1910 507 1953 564; x_wconf 88' lang='lat' dir='ltr'><strong>se,</strong></span> <span class='ocrx_word' id='word_1_18' title='bbox 1981 507 2056 552; x_wconf 84' lang='grc' dir='ltr'>ειιοε</span> <span class='ocrx_word' id='word_1_19' title='bbox 2077 491 2112 550; x_wconf 89' lang='grc' dir='ltr'><strong>ει</strong></span> <span class='ocrx_word' id='word_1_20' title='bbox 2131 485 2287 569; x_wconf 91' lang='lat' dir='ltr'><strong>populum</strong></span> 
     </span>
     <span class='ocr_line' id='line_1_3' title="bbox 298 570 2288 661; baseline -0.008 -11"><span class='ocrx_word' id='word_1_21' title='bbox 298 593 349 652; x_wconf 90' lang='lat' dir='ltr'><strong>est</strong></span> <span class='ocrx_word' id='word_1_22' title='bbox 369 582 532 648; x_wconf 83' lang='lat' dir='ltr'><strong>Dominus</strong></span> <span class='ocrx_word' id='word_1_23' title='bbox 552 580 590 644; x_wconf 92' lang='lat' dir='ltr'><strong>in</strong></span> <span class='ocrx_word' id='word_1_24' title='bbox 606 599 660 644; x_wconf 88' lang='lat' dir='ltr'><strong>me</strong></span> <span class='ocrx_word' id='word_1_25' title='bbox 681 587 715 644; x_wconf 93' lang='grc' dir='ltr'><strong>ει</strong></span> <span class='ocrx_word' id='word_1_26' title='bbox 735 578 855 643; x_wconf 82' lang='lat' dir='ltr'><strong>iratres</strong></span> <span class='ocrx_word' id='word_1_27' title='bbox 872 585 1081 661; x_wconf 79' lang='lat' dir='ltr'><strong>symmystas,</strong></span> <span class='ocrx_word' id='word_1_28' title='bbox 1104 597 1162 658; x_wconf 91' lang='lat' dir='ltr'><strong>per</strong></span> <span class='ocrx_word' id='word_1_29' title='bbox 1182 577 1266 640; x_wconf 86' lang='lat' dir='ltr'><strong>inte·</strong></span> <span class='ocrx_word' id='word_1_30' title='bbox 1317 573 1453 640; x_wconf 88' lang='lat' dir='ltr'><strong>Domini</strong></span> <span class='ocrx_word' id='word_1_31' title='bbox 1480 573 1588 638; x_wconf 85' lang='lat' dir='ltr'><strong>affecit</strong></span> <span class='ocrx_word' id='word_1_32' title='bbox 1615 572 1771 638; x_wconf 88' lang='lat' dir='ltr'><strong>scelestus</strong></span> <span class='ocrx_word' id='word_1_33' title='bbox 1797 572 1853 638; x_wconf 89' lang='lat' dir='ltr'><strong>ille</strong></span> <span class='ocrx_word' id='word_1_34' title='bbox 1874 570 2010 638; x_wconf 91' lang='lat' dir='ltr'><strong>Dathan</strong></span> <span class='ocrx_word' id='word_1_35' title='bbox 2036 591 2111 638; x_wconf 92' lang='lat' dir='ltr'><strong>cum</strong></span> <span class='ocrx_word' id='word_1_36' title='bbox 2131 571 2288 636; x_wconf 87' lang='lat' dir='ltr'><strong>consorti·</strong></span> 
     </span>
     <span class='ocr_line' id='line_1_4' title="bbox 296 655 2288 756; baseline -0.007 -23"><span class='ocrx_word' id='word_1_37' title='bbox 296 670 450 756; x_wconf 86' lang='lat' dir='ltr'><strong>gritetem</strong></span> <span class='ocrx_word' id='word_1_38' title='bbox 467 673 612 732; x_wconf 69' lang='lat' dir='ltr'><strong>rosham</strong></span> <span class='ocrx_word' id='word_1_39' title='bbox 633 663 824 740; x_wconf 78' lang='lat' dir='ltr'><strong>absolutam,</strong></span> <span class='ocrx_word' id='word_1_40' title='bbox 846 662 1013 746; x_wconf 89' lang='lat' dir='ltr'><strong>neglectus</strong></span> <span class='ocrx_word' id='word_1_41' title='bbox 1036 683 1055 726; x_wconf 91' lang='lat' dir='ltr'><strong>a</strong></span> <span class='ocrx_word' id='word_1_42' title='bbox 1075 661 1167 728; x_wconf 81' lang='lat' dir='ltr'><strong>uobis</strong></span> <span class='ocrx_word' id='word_1_43' title='bbox 1188 661 1267 726; x_wconf 82' lang='lat' dir='ltr'><strong>luis-</strong></span> <span class='ocrx_word' id='word_1_44' title='bbox 1318 661 1380 725; x_wconf 91' lang='lat' dir='ltr'><strong>bus</strong></span> <span class='ocrx_word' id='word_1_45' title='bbox 1402 657 1491 724; x_wconf 86' lang='lat' dir='ltr'><strong>snis‘l</strong></span> <span class='ocrx_word' id='word_1_46' title='bbox 1535 659 1651 742; x_wconf 87' lang='lat' dir='ltr'><strong>Itaque</strong></span> <span class='ocrx_word' id='word_1_47' title='bbox 1673 679 1741 723; x_wconf 92' lang='lat' dir='ltr'><strong>non</strong></span> <span class='ocrx_word' id='word_1_48' title='bbox 1763 667 1812 723; x_wconf 91' lang='lat' dir='ltr'><strong>cst</strong></span> <span class='ocrx_word' id='word_1_49' title='bbox 1833 657 2029 735; x_wconf 91' lang='lat' dir='ltr'><strong>mirandum,</strong></span> <span class='ocrx_word' id='word_1_50' title='bbox 2052 658 2078 721; x_wconf 90' lang='lat' dir='ltr'><strong>si</strong></span> <span class='ocrx_word' id='word_1_51' title='bbox 2101 659 2219 740; x_wconf 83' lang='lat' dir='ltr'><strong>ingens</strong></span> <span class='ocrx_word' id='word_1_52' title='bbox 2241 655 2288 720; x_wconf 89' lang='lat' dir='ltr'><strong>la-</strong></span> 
     </span>
     <span class='ocr_line' id='line_1_5' title="bbox 297 741 2290 832; baseline -0.007 -12"><span class='ocrx_word' id='word_1_53' title='bbox 297 775 375 832; x_wconf 90' lang='lat' dir='ltr'><strong>sem,</strong></span> <span class='ocrx_word' id='word_1_54' title='bbox 406 761 445 818; x_wconf 98' lang='grc' dir='ltr'><strong>ιιι</strong></span> <span class='ocrx_word' id='word_1_55' title='bbox 470 751 574 816; x_wconf 90' lang='lat' dir='ltr'><strong>multa</strong></span> <span class='ocrx_word' id='word_1_56' title='bbox 594 769 677 832; x_wconf 89' lang='lat' dir='ltr'><strong>qnae</strong></span> <span class='ocrx_word' id='word_1_57' title='bbox 697 750 732 813; x_wconf 92' lang='lat' dir='ltr'><strong>in</strong></span> <span class='ocrx_word' id='word_1_58' title='bbox 755 748 929 813; x_wconf 90' lang='lat' dir='ltr'><strong>Dominum</strong></span> <span class='ocrx_word' id='word_1_59' title='bbox 952 745 1067 812; x_wconf 89' lang='lat' dir='ltr'><strong>admisi</strong></span> <span class='ocrx_word' id='word_1_60' title='bbox 1089 755 1266 826; x_wconf 89' lang='lat' dir='ltr'><strong>merentur,</strong></span> <span class='ocrx_word' id='word_1_61' title='bbox 1317 744 1378 809; x_wconf 91' lang='lat' dir='ltr'><strong>bor</strong></span> <span class='ocrx_word' id='word_1_62' title='bbox 1406 743 1508 809; x_wconf 81' lang='lat' dir='ltr'><strong>Vircte</strong></span> <span class='ocrx_word' id='word_1_63' title='bbox 1528 743 1626 809; x_wconf 76' lang='lat' dir='ltr'><strong>luserit</strong></span> <span class='ocrx_word' id='word_1_64' title='bbox 1647 743 1845 820; x_wconf 90' lang='lat' dir='ltr'><strong>subeundus,</strong></span> <span class='ocrx_word' id='word_1_65' title='bbox 1875 751 1912 808; x_wconf 92' lang='lat' dir='ltr'><strong>ut</strong></span> <span class='ocrx_word' id='word_1_66' title='bbox 1938 743 2093 825; x_wconf 90' lang='lat' dir='ltr'><strong>populum</strong></span> <span class='ocrx_word' id='word_1_67' title='bbox 2121 741 2290 808; x_wconf 87' lang='lat' dir='ltr'><strong>reduceret</strong></span> 
     </span>
     <span class='ocr_line' id='line_1_6' title="bbox 297 827 2288 920; baseline -0.007 -15"><span class='ocrx_word' id='word_1_68' title='bbox 297 861 339 905; x_wconf 89' lang='lat' dir='ltr'><strong>ne</strong></span> <span class='ocrx_word' id='word_1_69' title='bbox 359 839 465 903; x_wconf 91' lang='lat' dir='ltr'><strong>dicem</strong></span> <span class='ocrx_word' id='word_1_70' title='bbox 485 837 581 920; x_wconf 90' lang='lat' dir='ltr'><strong>longe</strong></span> <span class='ocrx_word' id='word_1_71' title='bbox 603 835 762 920; x_wconf 88' lang='lat' dir='ltr'><strong>graviora,</strong></span> <span class='ocrx_word' id='word_1_72' title='bbox 791 831 870 916; x_wconf 87' lang='lat' dir='ltr'><strong>quid</strong></span> <span class='ocrx_word' id='word_1_73' title='bbox 890 833 973 897; x_wconf 91' lang='lat' dir='ltr'><strong>mihi</strong></span> <span class='ocrx_word' id='word_1_74' title='bbox 994 833 1184 916; x_wconf 87' lang='lat' dir='ltr'><strong>contigisset</strong></span> <span class='ocrx_word' id='word_1_75' title='bbox 1205 833 1267 896; x_wconf 93' lang='lat' dir='ltr'><strong>mi·</strong></span> <span class='ocrx_word' id='word_1_76' title='bbox 1318 830 1354 894; x_wconf 94' lang='lat' dir='ltr'><strong>in</strong></span> <span class='ocrx_word' id='word_1_77' title='bbox 1377 829 1478 895; x_wconf 87' lang='lat' dir='ltr'><strong>viam:</strong></span> <span class='ocrx_word' id='word_1_78' title='bbox 1502 830 1537 894; x_wconf 92' lang='lat' dir='ltr'><strong>in</strong></span> <span class='ocrx_word' id='word_1_79' title='bbox 1559 849 1621 912; x_wconf 89' lang='lat' dir='ltr'><strong>quo</strong></span> <span class='ocrx_word' id='word_1_80' title='bbox 1643 828 1730 894; x_wconf 92' lang='lat' dir='ltr'><strong>solus</strong></span> <span class='ocrx_word' id='word_1_81' title='bbox 1751 827 1911 893; x_wconf 87' lang='lat' dir='ltr'><strong>laboravit</strong></span> <span class='ocrx_word' id='word_1_82' title='bbox 1929 837 2004 893; x_wconf 87' lang='lat' dir='ltr'><strong>ente</strong></span> <span class='ocrx_word' id='word_1_83' title='bbox 2024 827 2151 894; x_wconf 80' lang='lat' dir='ltr'><strong>Caluini</strong></span> <span class='ocrx_word' id='word_1_84' title='bbox 2167 827 2288 893; x_wconf 84' lang='lat' dir='ltr'><strong>adven·</strong></span> 
     </span>
     <span class='ocr_line' id='line_1_7' title="bbox 297 911 2289 1002; baseline -0.006 -12"><span class='ocrx_word' id='word_1_85' title='bbox 297 923 391 990; x_wconf 80' lang='lat' dir='ltr'><strong>sere?</strong></span> <span class='ocrx_word' id='word_1_86' title='bbox 422 923 547 989; x_wconf 80' lang='lat' dir='ltr'>Urebat</span> <span class='ocrx_word' id='word_1_87' title='bbox 563 943 616 986; x_wconf 92' lang='lat' dir='ltr'><strong>me</strong></span> <span class='ocrx_word' id='word_1_88' title='bbox 633 919 731 986; x_wconf 93' lang='lat' dir='ltr'><strong>huius</strong></span> <span class='ocrx_word' id='word_1_89' title='bbox 753 919 905 984; x_wconf 90' lang='lat' dir='ltr'><strong>ecclesiae</strong></span> <span class='ocrx_word' id='word_1_90' title='bbox 927 917 1023 983; x_wconf 91' lang='lat' dir='ltr'><strong>ruina</strong></span> <span class='ocrx_word' id='word_1_91' title='bbox 1044 918 1142 1002; x_wconf 90' lang='lat' dir='ltr'><strong>longe</strong></span> <span class='ocrx_word' id='word_1_92' title='bbox 1162 917 1267 1001; x_wconf 89' lang='lat' dir='ltr'><strong>magis</strong></span> <span class='ocrx_word' id='word_1_93' title='bbox 1319 923 1401 994; x_wconf 91' lang='lat' dir='ltr'><strong>tum,</strong></span> <span class='ocrx_word' id='word_1_94' title='bbox 1423 913 1522 998; x_wconf 91' lang='lat' dir='ltr'><strong>idque</strong></span> <span class='ocrx_word' id='word_1_95' title='bbox 1551 915 1692 979; x_wconf 82' lang='lat' dir='ltr'><strong>maximo</strong></span> <span class='ocrx_word' id='word_1_96' title='bbox 1722 935 1798 980; x_wconf 90' lang='lat' dir='ltr'><strong>oum</strong></span> <span class='ocrx_word' id='word_1_97' title='bbox 1828 915 1945 979; x_wconf 85' lang='lat' dir='ltr'><strong>fructu</strong></span> <span class='ocrx_word' id='word_1_98' title='bbox 1990 914 2035 978; x_wconf 86' lang='lat' dir='ltr'><strong>Et</strong></span> <span class='ocrx_word' id='word_1_99' title='bbox 2055 935 2144 979; x_wconf 89' lang='lat' dir='ltr'><strong>nuno</strong></span> <span class='ocrx_word' id='word_1_100' title='bbox 2165 913 2193 978; x_wconf 88' lang='lat' dir='ltr'><strong>si</strong></span> <span class='ocrx_word' id='word_1_101' title='bbox 2218 911 2289 979; x_wconf 86' lang='lat' dir='ltr'><strong>Gel-</strong></span> 
     </span>
     <span class='ocr_line' id='line_1_8' title="bbox 297 997 2291 1094; baseline -0.006 -19"><span class='ocrx_word' id='word_1_102' title='bbox 297 1031 396 1094; x_wconf 89' lang='lat' dir='ltr'><strong>quam</strong></span> <span class='ocrx_word' id='word_1_103' title='bbox 418 1009 446 1074; x_wconf 89' lang='lat' dir='ltr'><strong>si</strong></span> <span class='ocrx_word' id='word_1_104' title='bbox 464 1007 553 1072; x_wconf 91' lang='lat' dir='ltr'><strong>mille</strong></span> <span class='ocrx_word' id='word_1_105' title='bbox 571 1007 650 1071; x_wconf 89' lang='lat' dir='ltr'><strong>rotis</strong></span> <span class='ocrx_word' id='word_1_106' title='bbox 668 1005 777 1070; x_wconf 89' lang='lat' dir='ltr'><strong>omnia</strong></span> <span class='ocrx_word' id='word_1_107' title='bbox 793 1025 867 1069; x_wconf 87' lang='lat' dir='ltr'><strong>mea</strong></span> <span class='ocrx_word' id='word_1_108' title='bbox 884 1003 1167 1088; x_wconf 87' lang='lat' dir='ltr'><strong>confringerentur</strong></span> <span class='ocrx_word' id='word_1_109' title='bbox 1184 1024 1266 1082; x_wconf 88' lang='lat' dir='ltr'><strong>ossa,</strong></span> <span class='ocrx_word' id='word_1_110' title='bbox 1318 1001 1390 1065; x_wconf 81' lang='lat' dir='ltr'><strong>vice</strong></span> <span class='ocrx_word' id='word_1_111' title='bbox 1411 1011 1445 1064; x_wconf 91' lang='lat' dir='ltr'><strong>et</strong></span> <span class='ocrx_word' id='word_1_112' title='bbox 1469 999 1571 1066; x_wconf 70' lang='lat' dir='ltr'><strong>Virrio</strong></span> <span class='ocrx_word' id='word_1_113' title='bbox 1591 1021 1691 1083; x_wconf 86' lang='lat' dir='ltr'><strong>supra</strong></span> <span class='ocrx_word' id='word_1_114' title='bbox 1712 1001 1799 1065; x_wconf 87' lang='lat' dir='ltr'><strong>vires</strong></span> <span class='ocrx_word' id='word_1_115' title='bbox 1820 1001 1863 1064; x_wconf 89' lang='lat' dir='ltr'><strong>sit</strong></span> <span class='ocrx_word' id='word_1_116' title='bbox 1883 997 2105 1078; x_wconf 89' lang='lat' dir='ltr'><strong>laborandum,</strong></span> <span class='ocrx_word' id='word_1_117' title='bbox 2126 1009 2164 1064; x_wconf 91' lang='lat' dir='ltr'><strong>nt</strong></span> <span class='ocrx_word' id='word_1_118' title='bbox 2184 999 2291 1064; x_wconf 82' lang='lat' dir='ltr'><strong>terma</strong></span> 
     </span>
     <span class='ocr_line' id='line_1_9' title="bbox 297 1084 2289 1178; baseline -0.006 -17"><span class='ocrx_word' id='word_1_119' title='bbox 297 1103 331 1162; x_wconf 92' lang='lat' dir='ltr'><strong>ct</strong></span> <span class='ocrx_word' id='word_1_120' title='bbox 358 1115 457 1177; x_wconf 90' lang='lat' dir='ltr'><strong>snpra</strong></span> <span class='ocrx_word' id='word_1_121' title='bbox 484 1112 598 1178; x_wconf 87' lang='lat' dir='ltr'><strong>omnes</strong></span> <span class='ocrx_word' id='word_1_122' title='bbox 626 1089 789 1155; x_wconf 86' lang='lat' dir='ltr'><strong>maleficos</strong></span> <span class='ocrx_word' id='word_1_123' title='bbox 818 1088 1003 1154; x_wconf 89' lang='lat' dir='ltr'><strong>dilaniarer.</strong></span> <span class='ocrx_word' id='word_1_124' title='bbox 1048 1087 1087 1155; x_wconf 81' lang='lat' dir='ltr'><strong>Si</strong></span> <span class='ocrx_word' id='word_1_125' title='bbox 1114 1109 1174 1154; x_wconf 85' lang='lat' dir='ltr'><strong>vos</strong></span> <span class='ocrx_word' id='word_1_126' title='bbox 1195 1109 1267 1154; x_wconf 90' lang='lat' dir='ltr'><strong>sen·</strong></span> <span class='ocrx_word' id='word_1_127' title='bbox 1319 1084 1471 1152; x_wconf 86' lang='lat' dir='ltr'><strong>ccclesiae</strong></span> <span class='ocrx_word' id='word_1_128' title='bbox 1493 1084 1647 1150; x_wconf 79' lang='lat' dir='ltr'><strong>reddatur</strong></span> <span class='ocrx_word' id='word_1_129' title='bbox 1665 1105 1728 1168; x_wconf 89' lang='lat' dir='ltr'><strong>qua</strong></span> <span class='ocrx_word' id='word_1_130' title='bbox 1749 1105 1808 1166; x_wconf 91' lang='lat' dir='ltr'><strong>per</strong></span> <span class='ocrx_word' id='word_1_131' title='bbox 1819 1084 1988 1150; x_wconf 88' lang='lat' dir='ltr'><strong>Christum</strong></span> <span class='ocrx_word' id='word_1_132' title='bbox 2007 1085 2191 1151; x_wconf 85' lang='lat' dir='ltr'><strong>conservari</strong></span> <span class='ocrx_word' id='word_1_133' title='bbox 2213 1105 2289 1168; x_wconf 88' lang='lat' dir='ltr'><strong>pos·</strong></span> 
     </span>
     <span class='ocr_line' id='line_1_10' title="bbox 298 1170 2290 1260; baseline -0.006 -15"><span class='ocrx_word' id='word_1_134' title='bbox 298 1181 423 1256; x_wconf 90' lang='lat' dir='ltr'><strong>sissem,</strong></span> <span class='ocrx_word' id='word_1_135' title='bbox 451 1185 488 1243; x_wconf 91' lang='lat' dir='ltr'><strong>ut</strong></span> <span class='ocrx_word' id='word_1_136' title='bbox 516 1175 614 1260; x_wconf 90' lang='lat' dir='ltr'><strong>aliqui</strong></span> <span class='ocrx_word' id='word_1_137' title='bbox 641 1177 801 1252; x_wconf 85' lang='lat' dir='ltr'><strong>feruntur,</strong></span> <span class='ocrx_word' id='word_1_138' title='bbox 832 1173 969 1240; x_wconf 86' lang='lat' dir='ltr'><strong>dixisse:</strong></span> <span class='ocrx_word' id='word_1_139' title='bbox 1002 1175 1123 1240; x_wconf 83' lang='lat' dir='ltr'><strong>Actum</strong></span> <span class='ocrx_word' id='word_1_140' title='bbox 1149 1183 1199 1239; x_wconf 90' lang='lat' dir='ltr'><strong>est</strong></span> <span class='ocrx_word' id='word_1_141' title='bbox 1227 1173 1267 1238; x_wconf 92' lang='lat' dir='ltr'><strong>de</strong></span> <span class='ocrx_word' id='word_1_142' title='bbox 1319 1172 1370 1250; x_wconf 92' lang='lat' dir='ltr'><strong>sit,</strong></span> <span class='ocrx_word' id='word_1_143' title='bbox 1392 1181 1426 1236; x_wconf 89' lang='lat' dir='ltr'><strong>et</strong></span> <span class='ocrx_word' id='word_1_144' title='bbox 1447 1170 1617 1254; x_wconf 85' lang='lat' dir='ltr'><strong>flagitiosis</strong></span> <span class='ocrx_word' id='word_1_145' title='bbox 1638 1191 1704 1234; x_wconf 92' lang='lat' dir='ltr'><strong>non</strong></span> <span class='ocrx_word' id='word_1_146' title='bbox 1731 1177 1798 1234; x_wconf 90' lang='lat' dir='ltr'><strong>tam</strong></span> <span class='ocrx_word' id='word_1_147' title='bbox 1827 1170 1920 1235; x_wconf 87' lang='lat' dir='ltr'><strong>facile</strong></span> <span class='ocrx_word' id='word_1_148' title='bbox 1941 1179 2052 1253; x_wconf 89' lang='lat' dir='ltr'><strong>pateat</strong></span> <span class='ocrx_word' id='word_1_149' title='bbox 2072 1191 2231 1250; x_wconf 87' lang='lat' dir='ltr'><strong>accessus,</strong></span> <span class='ocrx_word' id='word_1_150' title='bbox 2256 1171 2290 1234; x_wconf 93' lang='lat' dir='ltr'><strong>in</strong></span> 
     </span>
     <span class='ocr_line' id='line_1_11' title="bbox 299 1254 2290 1342; baseline -0.006 -11"><span class='ocrx_word' id='word_1_151' title='bbox 299 1265 422 1331; x_wconf 79' lang='lat' dir='ltr'><strong>Fardlc&#39;</strong></span> <span class='ocrx_word' id='word_1_152' title='bbox 450 1263 644 1338; x_wconf 88' lang='lat' dir='ltr'><strong>ministerio,</strong></span> <span class='ocrx_word' id='word_1_153' title='bbox 673 1269 762 1326; x_wconf 90' lang='lat' dir='ltr'><strong>totus</strong></span> <span class='ocrx_word' id='word_1_154' title='bbox 789 1261 855 1325; x_wconf 92' lang='lat' dir='ltr'><strong>iam</strong></span> <span class='ocrx_word' id='word_1_155' title='bbox 884 1258 1106 1338; x_wconf 84' lang='lat' dir='ltr'><strong>confunditur,</strong></span> <span class='ocrx_word' id='word_1_156' title='bbox 1133 1280 1268 1342; x_wconf 91' lang='lat' dir='ltr'><strong>prorsus</strong></span> <span class='ocrx_word' id='word_1_157' title='bbox 1319 1277 1416 1340; x_wconf 89' lang='lat' dir='ltr'><strong>quam</strong></span> <span class='ocrx_word' id='word_1_158' title='bbox 1433 1277 1503 1321; x_wconf 91' lang='lat' dir='ltr'><strong>rem</strong></span> <span class='ocrx_word' id='word_1_159' title='bbox 1520 1255 1580 1321; x_wconf 92' lang='lat' dir='ltr'><strong>soli</strong></span> <span class='ocrx_word' id='word_1_160' title='bbox 1597 1277 1696 1338; x_wconf 90' lang='lat' dir='ltr'><strong>quum</strong></span> <span class='ocrx_word' id='word_1_161' title='bbox 1716 1254 1915 1332; x_wconf 81' lang='lat' dir='ltr'><strong>incumbant,</strong></span> <span class='ocrx_word' id='word_1_162' title='bbox 1934 1257 2061 1320; x_wconf 89' lang='lat' dir='ltr'><strong>utinam</strong></span> <span class='ocrx_word' id='word_1_163' title='bbox 2078 1255 2162 1320; x_wconf 92' lang='lat' dir='ltr'><strong>nulli</strong></span> <span class='ocrx_word' id='word_1_164' title='bbox 2179 1265 2290 1322; x_wconf 87' lang='lat' dir='ltr'><strong>essent</strong></span> 
     </span>
     <span class='ocr_line' id='line_1_12' title="bbox 297 1339 2290 1430; baseline -0.007 -12"><span class='ocrx_word' id='word_1_165' title='bbox 297 1349 440 1418; x_wconf 77' lang='lat' dir='ltr'><strong>concidit</strong></span> <span class='ocrx_word' id='word_1_166' title='bbox 461 1368 628 1430; x_wconf 90' lang='lat' dir='ltr'><strong>nunquam</strong></span> <span class='ocrx_word' id='word_1_167' title='bbox 650 1353 863 1424; x_wconf 87' lang='lat' dir='ltr'><strong>surrecturus,</strong></span> <span class='ocrx_word' id='word_1_168' title='bbox 892 1345 959 1410; x_wconf 87' lang='lat' dir='ltr'><strong>iam</strong></span> <span class='ocrx_word' id='word_1_169' title='bbox 981 1365 1102 1428; x_wconf 68' lang='lat' dir='ltr'><strong>menas</strong></span> <span class='ocrx_word' id='word_1_170' title='bbox 1125 1343 1181 1408; x_wconf 90' lang='lat' dir='ltr'><strong>dat</strong></span> <span class='ocrx_word' id='word_1_171' title='bbox 1202 1365 1268 1410; x_wconf 90' lang='lat' dir='ltr'><strong>non</strong></span> <span class='ocrx_word' id='word_1_172' title='bbox 1319 1341 1383 1424; x_wconf 89' lang='lat' dir='ltr'><strong>qui,</strong></span> <span class='ocrx_word' id='word_1_173' title='bbox 1404 1363 1463 1424; x_wconf 94' lang='lat' dir='ltr'><strong>pro</strong></span> <span class='ocrx_word' id='word_1_174' title='bbox 1483 1362 1543 1424; x_wconf 88' lang='lat' dir='ltr'><strong>ope</strong></span> <span class='ocrx_word' id='word_1_175' title='bbox 1561 1361 1658 1424; x_wconf 90' lang='lat' dir='ltr'><strong>quam</strong></span> <span class='ocrx_word' id='word_1_176' title='bbox 1676 1341 1792 1405; x_wconf 89' lang='lat' dir='ltr'><strong>merito</strong></span> <span class='ocrx_word' id='word_1_177' title='bbox 1809 1342 1894 1406; x_wconf 83' lang='lat' dir='ltr'><strong>ferre</strong></span> <span class='ocrx_word' id='word_1_178' title='bbox 1915 1339 2077 1420; x_wconf 88' lang='lat' dir='ltr'><strong>deberent,</strong></span> <span class='ocrx_word' id='word_1_179' title='bbox 2097 1363 2163 1406; x_wconf 91' lang='lat' dir='ltr'><strong>non</strong></span> <span class='ocrx_word' id='word_1_180' title='bbox 2183 1342 2290 1425; x_wconf 86' lang='lat' dir='ltr'><strong>impe-</strong></span> 
     </span>
     <span class='ocr_line' id='line_1_13' title="bbox 298 1426 2290 1514; baseline -0.005 -13"><span class='ocrx_word' id='word_1_181' title='bbox 298 1444 384 1502; x_wconf 88' lang='lat' dir='ltr'><strong>reotc</strong></span> <span class='ocrx_word' id='word_1_182' title='bbox 414 1434 657 1500; x_wconf 86' lang='lat' dir='ltr'><strong>administratae</strong></span> <span class='ocrx_word' id='word_1_183' title='bbox 686 1431 878 1509; x_wconf 84' lang='lat' dir='ltr'><strong>functionis,</strong></span> <span class='ocrx_word' id='word_1_184' title='bbox 908 1439 942 1495; x_wconf 91' lang='lat' dir='ltr'><strong>et</strong></span> <span class='ocrx_word' id='word_1_185' title='bbox 967 1430 1002 1494; x_wconf 94' lang='lat' dir='ltr'><strong>id</strong></span> <span class='ocrx_word' id='word_1_186' title='bbox 1029 1451 1133 1514; x_wconf 89' lang='lat' dir='ltr'><strong>genus</strong></span> <span class='ocrx_word' id='word_1_187' title='bbox 1154 1431 1267 1508; x_wconf 88' lang='lat' dir='ltr'><strong>multa,</strong></span> <span class='ocrx_word' id='word_1_188' title='bbox 1319 1427 1427 1492; x_wconf 90' lang='lat' dir='ltr'><strong>dircnt</strong></span> <span class='ocrx_word' id='word_1_189' title='bbox 1449 1437 1516 1491; x_wconf 89' lang='lat' dir='ltr'><strong>tam</strong></span> <span class='ocrx_word' id='word_1_190' title='bbox 1537 1427 1607 1511; x_wconf 93' lang='lat' dir='ltr'><strong>pios</strong></span> <span class='ocrx_word' id='word_1_191' title='bbox 1628 1435 1771 1492; x_wconf 91' lang='lat' dir='ltr'><strong>conatus.</strong></span> <span class='ocrx_word' id='word_1_192' title='bbox 1804 1427 1892 1492; x_wconf 89' lang='lat' dir='ltr'><strong>Huic</strong></span> <span class='ocrx_word' id='word_1_193' title='bbox 1913 1426 2017 1492; x_wconf 90' lang='lat' dir='ltr'><strong>labori</strong></span> <span class='ocrx_word' id='word_1_194' title='bbox 2039 1427 2164 1492; x_wconf 89' lang='lat' dir='ltr'><strong>accedit</strong></span> <span class='ocrx_word' id='word_1_195' title='bbox 2180 1441 2290 1492; x_wconf 89' lang='lat' dir='ltr'><strong>metus</strong></span> 
     </span>
     <span class='ocr_line' id='line_1_14' title="bbox 298 1511 2291 1604; baseline -0.004 -18"><span class='ocrx_word' id='word_1_196' title='bbox 298 1543 380 1604; x_wconf 91' lang='lat' dir='ltr'><strong>quae</strong></span> <span class='ocrx_word' id='word_1_197' title='bbox 402 1521 577 1603; x_wconf 82' lang='lat' dir='ltr'><strong>gestientes</strong></span> <span class='ocrx_word' id='word_1_198' title='bbox 594 1517 746 1584; x_wconf 89' lang='lat' dir='ltr'><strong>dicebant</strong></span> <span class='ocrx_word' id='word_1_199' title='bbox 766 1516 815 1580; x_wconf 92' lang='grc'><strong>1111</strong></span> <span class='ocrx_word' id='word_1_200' title='bbox 832 1517 888 1598; x_wconf 91' lang='lat' dir='ltr'><strong>qui</strong></span> <span class='ocrx_word' id='word_1_201' title='bbox 910 1538 944 1582; x_wconf 90' lang='lat' dir='ltr'><strong>se</strong></span> <span class='ocrx_word' id='word_1_202' title='bbox 965 1517 1053 1600; x_wconf 90' lang='lat' dir='ltr'><strong>ipsos</strong></span> <span class='ocrx_word' id='word_1_203' title='bbox 1074 1515 1134 1581; x_wconf 89' lang='lat' dir='ltr'><strong>sub</strong></span> <span class='ocrx_word' id='word_1_204' title='bbox 1152 1517 1268 1580; x_wconf 89' lang='lat' dir='ltr'><strong>umbra</strong></span> <span class='ocrx_word' id='word_1_205' title='bbox 1319 1535 1361 1577; x_wconf 89' lang='lat' dir='ltr'><strong>ne</strong></span> <span class='ocrx_word' id='word_1_206' title='bbox 1391 1512 1515 1577; x_wconf 82' lang='lat' dir='ltr'><strong>Viretue</strong></span> <span class='ocrx_word' id='word_1_207' title='bbox 1543 1511 1634 1578; x_wconf 92' lang='lat' dir='ltr'><strong>illinc</strong></span> <span class='ocrx_word' id='word_1_208' title='bbox 1656 1513 1832 1590; x_wconf 87' lang='lat' dir='ltr'><strong>auferatur,</strong></span> <span class='ocrx_word' id='word_1_209' title='bbox 1860 1533 1922 1594; x_wconf 94' lang='lat' dir='ltr'><strong>quo</strong></span> <span class='ocrx_word' id='word_1_210' title='bbox 1951 1512 2079 1577; x_wconf 90' lang='lat' dir='ltr'><strong>sublato</strong></span> <span class='ocrx_word' id='word_1_211' title='bbox 2101 1513 2213 1577; x_wconf 88' lang='lat' dir='ltr'><strong>statim</strong></span> <span class='ocrx_word' id='word_1_212' title='bbox 2238 1534 2291 1579; x_wconf 86' lang='lat' dir='ltr'><strong>ao·</strong></span> 
     </span>
     <span class='ocr_line' id='line_1_15' title="bbox 299 1597 2290 1689; baseline -0.004 -18"><span class='ocrx_word' id='word_1_213' title='bbox 299 1605 460 1689; x_wconf 87' lang='lat' dir='ltr'><strong>evangelii</strong></span> <span class='ocrx_word' id='word_1_214' title='bbox 498 1625 626 1686; x_wconf 90' lang='lat' dir='ltr'><strong>semper</strong></span> <span class='ocrx_word' id='word_1_215' title='bbox 665 1603 889 1686; x_wconf 90' lang='lat' dir='ltr'><strong>quaesierunt,</strong></span> <span class='ocrx_word' id='word_1_216' title='bbox 931 1609 964 1666; x_wconf 89' lang='lat' dir='ltr'><strong>et</strong></span> <span class='ocrx_word' id='word_1_217' title='bbox 1000 1601 1085 1666; x_wconf 91' lang='lat' dir='ltr'><strong>nihil</strong></span> <span class='ocrx_word' id='word_1_218' title='bbox 1123 1623 1268 1684; x_wconf 86' lang='lat' dir='ltr'><strong>unquam</strong></span> <span class='ocrx_word' id='word_1_219' title='bbox 1320 1613 1390 1662; x_wconf 86' lang='lat' dir='ltr'><strong>tum</strong></span> <span class='ocrx_word' id='word_1_220' title='bbox 1413 1599 1477 1662; x_wconf 91' lang='lat' dir='ltr'><strong>erit</strong></span> <span class='ocrx_word' id='word_1_221' title='bbox 1499 1597 1539 1663; x_wconf 92' lang='lat' dir='ltr'><strong>de</strong></span> <span class='ocrx_word' id='word_1_222' title='bbox 1559 1597 1697 1676; x_wconf 64' lang='lat' dir='ltr'><strong>Caluus,</strong></span> <span class='ocrx_word' id='word_1_223' title='bbox 1721 1597 1830 1679; x_wconf 90' lang='lat' dir='ltr'><strong>sicque</strong></span> <span class='ocrx_word' id='word_1_224' title='bbox 1852 1617 1986 1679; x_wconf 90' lang='lat' dir='ltr'><strong>prorsus</strong></span> <span class='ocrx_word' id='word_1_225' title='bbox 2007 1607 2135 1663; x_wconf 91' lang='lat' dir='ltr'><strong>corruet</strong></span> <span class='ocrx_word' id='word_1_226' title='bbox 2156 1597 2214 1662; x_wconf 91' lang='lat' dir='ltr'><strong>illa</strong></span> <span class='ocrx_word' id='word_1_227' title='bbox 2240 1619 2290 1664; x_wconf 86' lang='lat' dir='ltr'><strong>ec·</strong></span> 
     </span>
     <span class='ocr_line' id='line_1_16' title="bbox 298 1681 2291 1773; baseline -0.005 -16"><span class='ocrx_word' id='word_1_228' title='bbox 298 1691 440 1757; x_wconf 78' lang='lat' dir='ltr'><strong>Christi:</strong></span> <span class='ocrx_word' id='word_1_229' title='bbox 462 1691 497 1754; x_wconf 90' lang='lat' dir='ltr'><strong>in</strong></span> <span class='ocrx_word' id='word_1_230' title='bbox 515 1690 701 1773; x_wconf 87' lang='lat' dir='ltr'><strong>pontificem</strong></span> <span class='ocrx_word' id='word_1_231' title='bbox 724 1685 810 1753; x_wconf 92' lang='lat' dir='ltr'><strong>docti</strong></span> <span class='ocrx_word' id='word_1_232' title='bbox 831 1687 982 1765; x_wconf 90' lang='lat' dir='ltr'><strong>clamare,</strong></span> <span class='ocrx_word' id='word_1_233' title='bbox 1004 1701 1038 1751; x_wconf 88' lang='lat' dir='ltr'><strong>et</strong></span> <span class='ocrx_word' id='word_1_234' title='bbox 1060 1685 1142 1750; x_wconf 90' lang='lat' dir='ltr'><strong>nihil</strong></span> <span class='ocrx_word' id='word_1_235' title='bbox 1164 1686 1267 1752; x_wconf 91' lang='lat' dir='ltr'><strong>aliud:</strong></span> <span class='ocrx_word' id='word_1_236' title='bbox 1319 1683 1426 1749; x_wconf 82' lang='lat' dir='ltr'><strong>alesia</strong></span> <span class='ocrx_word' id='word_1_237' title='bbox 1469 1683 1564 1760; x_wconf 89' lang='lat' dir='ltr'><strong>Nam,</strong></span> <span class='ocrx_word' id='word_1_238' title='bbox 1598 1691 1635 1748; x_wconf 92' lang='lat' dir='ltr'><strong>ut</strong></span> <span class='ocrx_word' id='word_1_239' title='bbox 1667 1685 1807 1768; x_wconf 89' lang='lat' dir='ltr'><strong>ingenue</strong></span> <span class='ocrx_word' id='word_1_240' title='bbox 1839 1683 1951 1761; x_wconf 78' lang='lat' dir='ltr'><strong>fatear,</strong></span> <span class='ocrx_word' id='word_1_241' title='bbox 1985 1681 2081 1748; x_wconf 89' lang='lat' dir='ltr'><strong>hodie</strong></span> <span class='ocrx_word' id='word_1_242' title='bbox 2113 1683 2194 1749; x_wconf 89' lang='lat' dir='ltr'><strong>alios</strong></span> <span class='ocrx_word' id='word_1_243' title='bbox 2222 1705 2291 1748; x_wconf 90' lang='lat' dir='ltr'><strong>non</strong></span> 
     </span>
     <span class='ocr_line' id='line_1_17' title="bbox 299 1768 2291 1859; baseline -0.004 -17"><span class='ocrx_word' id='word_1_244' title='bbox 299 1778 336 1854; x_wconf 89' lang='lat' dir='ltr'><strong>si,</strong></span> <span class='ocrx_word' id='word_1_245' title='bbox 366 1779 509 1859; x_wconf 90' lang='lat' dir='ltr'><strong>inquam,</strong></span> <span class='ocrx_word' id='word_1_246' title='bbox 539 1797 598 1857; x_wconf 91' lang='lat' dir='ltr'><strong>pro</strong></span> <span class='ocrx_word' id='word_1_247' title='bbox 620 1774 764 1856; x_wconf 87' lang='lat' dir='ltr'><strong>benigna</strong></span> <span class='ocrx_word' id='word_1_248' title='bbox 784 1772 850 1838; x_wconf 91' lang='lat' dir='ltr'><strong>Dei</strong></span> <span class='ocrx_word' id='word_1_249' title='bbox 871 1773 974 1838; x_wconf 88' lang='lat' dir='ltr'><strong>nostri</strong></span> <span class='ocrx_word' id='word_1_250' title='bbox 996 1794 1054 1854; x_wconf 87' lang='lat' dir='ltr'><strong>per</strong></span> <span class='ocrx_word' id='word_1_251' title='bbox 1076 1793 1134 1838; x_wconf 90' lang='lat' dir='ltr'><strong>vos</strong></span> <span class='ocrx_word' id='word_1_252' title='bbox 1155 1793 1267 1837; x_wconf 90' lang='lat' dir='ltr'><strong>conso-</strong></span> <span class='ocrx_word' id='word_1_253' title='bbox 1320 1770 1395 1834; x_wconf 88' lang='lat' dir='ltr'><strong>novi</strong></span> <span class='ocrx_word' id='word_1_254' title='bbox 1417 1768 1533 1852; x_wconf 90' lang='lat' dir='ltr'><strong>quibus</strong></span> <span class='ocrx_word' id='word_1_255' title='bbox 1556 1775 1686 1832; x_wconf 88' lang='lat' dir='ltr'><strong>tautum</strong></span> <span class='ocrx_word' id='word_1_256' title='bbox 1708 1789 1790 1833; x_wconf 94' lang='lat' dir='ltr'><strong>onus</strong></span> <span class='ocrx_word' id='word_1_257' title='bbox 1812 1769 1913 1850; x_wconf 89' lang='lat' dir='ltr'><strong>possit</strong></span> <span class='ocrx_word' id='word_1_258' title='bbox 1937 1769 2075 1851; x_wconf 90' lang='lat' dir='ltr'><strong>imponi,</strong></span> <span class='ocrx_word' id='word_1_259' title='bbox 2105 1789 2211 1852; x_wconf 87' lang='lat' dir='ltr'><strong>neque</strong></span> <span class='ocrx_word' id='word_1_260' title='bbox 2237 1771 2291 1852; x_wconf 92' lang='lat' dir='ltr'><strong>qui</strong></span> 
     </span>
     <span class='ocr_line' id='line_1_18' title="bbox 296 1853 2290 1942; baseline -0.003 -16"><span class='ocrx_word' id='word_1_261' title='bbox 296 1861 434 1939; x_wconf 89' lang='lat' dir='ltr'><strong>latione,</strong></span> <span class='ocrx_word' id='word_1_262' title='bbox 466 1861 522 1924; x_wconf 92' lang='lat' dir='ltr'><strong>illa</strong></span> <span class='ocrx_word' id='word_1_263' title='bbox 542 1859 755 1936; x_wconf 84' lang='lat' dir='ltr'><strong>audivissem,</strong></span> <span class='ocrx_word' id='word_1_264' title='bbox 790 1877 886 1942; x_wconf 90' lang='lat' dir='ltr'><strong>quem</strong></span> <span class='ocrx_word' id='word_1_265' title='bbox 914 1857 1061 1922; x_wconf 86' lang='lat' dir='ltr'><strong>funditus</strong></span> <span class='ocrx_word' id='word_1_266' title='bbox 1089 1859 1266 1940; x_wconf 87' lang='lat' dir='ltr'><strong>periissem.</strong></span> <span class='ocrx_word' id='word_1_267' title='bbox 1318 1855 1444 1938; x_wconf 87' lang='lat' dir='ltr'><strong>possint</strong></span> <span class='ocrx_word' id='word_1_268' title='bbox 1466 1854 1519 1920; x_wconf 83' lang='lat' dir='ltr'><strong>uel</strong></span> <span class='ocrx_word' id='word_1_269' title='bbox 1540 1854 1691 1919; x_wconf 89' lang='lat' dir='ltr'><strong>umbram</strong></span> <span class='ocrx_word' id='word_1_270' title='bbox 1711 1853 1829 1918; x_wconf 91' lang='lat' dir='ltr'><strong>horum</strong></span> <span class='ocrx_word' id='word_1_271' title='bbox 1850 1853 1980 1918; x_wconf 86' lang='lat' dir='ltr'><strong>referre.</strong></span> <span class='ocrx_word' id='word_1_272' title='bbox 2011 1853 2087 1918; x_wconf 90' lang='lat' dir='ltr'><strong>Non</strong></span> <span class='ocrx_word' id='word_1_273' title='bbox 2109 1862 2160 1919; x_wconf 87' lang='lat' dir='ltr'><strong>ast</strong></span> <span class='ocrx_word' id='word_1_274' title='bbox 2176 1855 2218 1921; x_wconf 92' lang='lat' dir='ltr'><strong>de</strong></span> <span class='ocrx_word' id='word_1_275' title='bbox 2239 1876 2290 1920; x_wconf 93' lang='lat' dir='ltr'><strong>me</strong></span> 
     </span>
     <span class='ocr_line' id='line_1_19' title="bbox 298 1939 2292 2031; baseline -0.004 -18"><span class='ocrx_word' id='word_1_276' title='bbox 298 1946 365 2013; x_wconf 83' lang='lat' dir='ltr'><strong>Sed</strong></span> <span class='ocrx_word' id='word_1_277' title='bbox 386 1948 551 2031; x_wconf 89' lang='lat' dir='ltr'><strong>potentior</strong></span> <span class='ocrx_word' id='word_1_278' title='bbox 573 1947 607 2009; x_wconf 94' lang='lat' dir='ltr'><strong>in</strong></span> <span class='ocrx_word' id='word_1_279' title='bbox 630 1943 721 2010; x_wconf 90' lang='lat' dir='ltr'><strong>vobis</strong></span> <span class='ocrx_word' id='word_1_280' title='bbox 742 1943 803 2008; x_wconf 87' lang='lat' dir='ltr'><strong>fuit</strong></span> <span class='ocrx_word' id='word_1_281' title='bbox 822 1943 984 2008; x_wconf 88' lang='lat' dir='ltr'><strong>Dominus</strong></span> <span class='ocrx_word' id='word_1_282' title='bbox 1006 1942 1117 2007; x_wconf 90' lang='lat' dir='ltr'><strong>adme</strong></span> <span class='ocrx_word' id='word_1_283' title='bbox 1139 1943 1268 2026; x_wconf 88' lang='lat' dir='ltr'><strong>erigen·</strong></span> <span class='ocrx_word' id='word_1_284' title='bbox 1319 1949 1388 2004; x_wconf 87' lang='lat' dir='ltr'><strong>tem</strong></span> <span class='ocrx_word' id='word_1_285' title='bbox 1410 1940 1493 2004; x_wconf 88' lang='lat' dir='ltr'><strong>benc</strong></span> <span class='ocrx_word' id='word_1_286' title='bbox 1515 1940 1632 2004; x_wconf 86' lang='lat' dir='ltr'><strong>merita</strong></span> <span class='ocrx_word' id='word_1_287' title='bbox 1650 1939 1787 2005; x_wconf 81' lang='lat' dir='ltr'><strong>Genera</strong></span> <span class='ocrx_word' id='word_1_288' title='bbox 1808 1947 1846 2004; x_wconf 92' lang='lat' dir='ltr'><strong>ut</strong></span> <span class='ocrx_word' id='word_1_289' title='bbox 1866 1941 1970 2024; x_wconf 88' lang='lat' dir='ltr'><strong>magis</strong></span> <span class='ocrx_word' id='word_1_290' title='bbox 1992 1939 2040 2003; x_wconf 91' lang='lat' dir='ltr'><strong>illi</strong></span> <span class='ocrx_word' id='word_1_291' title='bbox 2060 1941 2190 2024; x_wconf 89' lang='lat' dir='ltr'><strong>cupiam</strong></span> <span class='ocrx_word' id='word_1_292' title='bbox 2212 1961 2292 2006; x_wconf 89' lang='lat' dir='ltr'><strong>oon·</strong></span> 
     </span>
     <span class='ocr_line' id='line_1_20' title="bbox 298 2022 2291 2112; baseline -0.004 -14"><span class='ocrx_word' id='word_1_293' title='bbox 298 2033 375 2098; x_wconf 93' lang='lat' dir='ltr'><strong>dum</strong></span> <span class='ocrx_word' id='word_1_294' title='bbox 404 2041 438 2098; x_wconf 88' lang='lat' dir='ltr'><strong>et</strong></span> <span class='ocrx_word' id='word_1_295' title='bbox 465 2027 693 2108; x_wconf 87' lang='lat' dir='ltr'><strong>roborandum,</strong></span> <span class='ocrx_word' id='word_1_296' title='bbox 726 2050 824 2112; x_wconf 87' lang='lat' dir='ltr'><strong>quam</strong></span> <span class='ocrx_word' id='word_1_297' title='bbox 847 2027 989 2094; x_wconf 83' lang='lat' dir='ltr'><strong>Satanas</strong></span> <span class='ocrx_word' id='word_1_298' title='bbox 1017 2035 1050 2093; x_wconf 90' lang='lat' dir='ltr'><strong>et</strong></span> <span class='ocrx_word' id='word_1_299' title='bbox 1076 2029 1127 2093; x_wconf 89' lang='lat' dir='ltr'><strong>eui</strong></span> <span class='ocrx_word' id='word_1_300' title='bbox 1155 2049 1268 2094; x_wconf 89' lang='lat' dir='ltr'><strong>omnes</strong></span> <span class='ocrx_word' id='word_1_301' title='bbox 1319 2025 1442 2090; x_wconf 89' lang='lat' dir='ltr'><strong>sultum</strong></span> <span class='ocrx_word' id='word_1_302' title='bbox 1463 2047 1559 2108; x_wconf 89' lang='lat' dir='ltr'><strong>quam</strong></span> <span class='ocrx_word' id='word_1_303' title='bbox 1581 2025 1683 2090; x_wconf 85' lang='lat' dir='ltr'><strong>alteri.</strong></span> <span class='ocrx_word' id='word_1_304' title='bbox 1724 2022 1792 2090; x_wconf 83' lang='lat' dir='ltr'><strong>Sed</strong></span> <span class='ocrx_word' id='word_1_305' title='bbox 1814 2023 1968 2092; x_wconf 89' lang='lat' dir='ltr'><strong>Christus</strong></span> <span class='ocrx_word' id='word_1_306' title='bbox 1990 2047 2043 2090; x_wconf 91' lang='lat' dir='ltr'><strong>me</strong></span> <span class='ocrx_word' id='word_1_307' title='bbox 2062 2027 2148 2109; x_wconf 84' lang='lat' dir='ltr'><strong>cogit</strong></span> <span class='ocrx_word' id='word_1_308' title='bbox 2168 2028 2230 2110; x_wconf 91' lang='lat' dir='ltr'><strong>qui</strong></span> <span class='ocrx_word' id='word_1_309' title='bbox 2252 2026 2291 2090; x_wconf 94' lang='lat' dir='ltr'><strong>il·</strong></span> 
     </span>
     <span class='ocr_line' id='line_1_21' title="bbox 296 2109 2292 2195; baseline -0.003 -13"><span class='ocrx_word' id='word_1_310' title='bbox 296 2119 419 2182; x_wconf 87' lang='lat' dir='ltr'><strong>fuerint</strong></span> <span class='ocrx_word' id='word_1_311' title='bbox 439 2116 480 2180; x_wconf 88' lang='lat' dir='ltr'><strong>ad</strong></span> <span class='ocrx_word' id='word_1_312' title='bbox 499 2115 715 2181; x_wconf 82' lang='lat' dir='ltr'><strong>deliciandum</strong></span> <span class='ocrx_word' id='word_1_313' title='bbox 736 2121 770 2179; x_wconf 90' lang='lat' dir='ltr'><strong>et</strong></span> <span class='ocrx_word' id='word_1_314' title='bbox 791 2113 1025 2178; x_wconf 87' lang='lat' dir='ltr'><strong>enervandum.</strong></span> <span class='ocrx_word' id='word_1_315' title='bbox 1060 2111 1098 2179; x_wconf 80' lang='lat' dir='ltr'><strong>Si</strong></span> <span class='ocrx_word' id='word_1_316' title='bbox 1113 2113 1268 2180; x_wconf 88' lang='lat' dir='ltr'><strong>Christus</strong></span> <span class='ocrx_word' id='word_1_317' title='bbox 1319 2109 1386 2174; x_wconf 87' lang='lat' dir='ltr'><strong>lam</strong></span> <span class='ocrx_word' id='word_1_318' title='bbox 1418 2110 1539 2195; x_wconf 87' lang='lat' dir='ltr'><strong>delegit</strong></span> <span class='ocrx_word' id='word_1_319' title='bbox 1570 2117 1606 2175; x_wconf 89' lang='lat' dir='ltr'><strong>ut</strong></span> <span class='ocrx_word' id='word_1_320' title='bbox 1639 2131 1736 2175; x_wconf 90' lang='lat' dir='ltr'><strong>suum</strong></span> <span class='ocrx_word' id='word_1_321' title='bbox 1764 2111 1799 2174; x_wconf 94' lang='lat' dir='ltr'><strong>in</strong></span> <span class='ocrx_word' id='word_1_322' title='bbox 1828 2129 1868 2176; x_wconf 90' lang='lat' dir='ltr'><strong>ea</strong></span> <span class='ocrx_word' id='word_1_323' title='bbox 1895 2131 2015 2174; x_wconf 91' lang='lat' dir='ltr'><strong>nomen</strong></span> <span class='ocrx_word' id='word_1_324' title='bbox 2042 2111 2195 2189; x_wconf 87' lang='lat' dir='ltr'><strong>illustret,</strong></span> <span class='ocrx_word' id='word_1_325' title='bbox 2234 2133 2292 2195; x_wconf 91' lang='lat' dir='ltr'><strong>per</strong></span> 
     </span>
     <span class='ocr_line' id='line_1_22' title="bbox 229 2194 2291 2280; baseline -0.004 -12"><span class='ocrx_word' id='word_1_326' title='bbox 229 2207 232 2214; x_wconf 86' lang='lat'>&#39;</span> <span class='ocrx_word' id='word_1_327' title='bbox 297 2224 357 2268; x_wconf 88' lang='lat' dir='ltr'><strong>nos</strong></span> <span class='ocrx_word' id='word_1_328' title='bbox 386 2202 475 2267; x_wconf 89' lang='lat' dir='ltr'><strong>iubet</strong></span> <span class='ocrx_word' id='word_1_329' title='bbox 504 2201 543 2265; x_wconf 90' lang='lat' dir='ltr'><strong>de</strong></span> <span class='ocrx_word' id='word_1_330' title='bbox 572 2201 720 2265; x_wconf 88' lang='lat' dir='ltr'><strong>hostibus</strong></span> <span class='ocrx_word' id='word_1_331' title='bbox 747 2200 830 2265; x_wconf 87' lang='lat' dir='ltr'><strong>bene</strong></span> <span class='ocrx_word' id='word_1_332' title='bbox 857 2199 976 2264; x_wconf 90' lang='lat' dir='ltr'><strong>mereri</strong></span> <span class='ocrx_word' id='word_1_333' title='bbox 1003 2209 1036 2264; x_wconf 87' lang='lat' dir='ltr'><strong>et</strong></span> <span class='ocrx_word' id='word_1_334' title='bbox 1063 2219 1117 2264; x_wconf 88' lang='lat' dir='ltr'><strong>eos</strong></span> <span class='ocrx_word' id='word_1_335' title='bbox 1147 2219 1266 2278; x_wconf 89' lang='lat' dir='ltr'><strong>amare,</strong></span> <span class='ocrx_word' id='word_1_336' title='bbox 1320 2217 1474 2280; x_wconf 86' lang='lat' dir='ltr'><strong>magnam</strong></span> <span class='ocrx_word' id='word_1_337' title='bbox 1506 2195 1705 2261; x_wconf 86' lang='lat' dir='ltr'><strong>credentium</strong></span> <span class='ocrx_word' id='word_1_338' title='bbox 1738 2215 1819 2278; x_wconf 89' lang='lat' dir='ltr'><strong>quae</strong></span> <span class='ocrx_word' id='word_1_339' title='bbox 1850 2194 1917 2261; x_wconf 92' lang='lat' dir='ltr'><strong>illic</strong></span> <span class='ocrx_word' id='word_1_340' title='bbox 1949 2203 1999 2261; x_wconf 90' lang='lat' dir='ltr'><strong>est</strong></span> <span class='ocrx_word' id='word_1_341' title='bbox 2026 2195 2291 2262; x_wconf 84' lang='lat' dir='ltr'><strong>multitudinem:</strong></span> 
     </span>
     <span class='ocr_line' id='line_1_23' title="bbox 297 2280 2291 2370; baseline -0.002 -18"><span class='ocrx_word' id='word_1_342' title='bbox 297 2287 375 2370; x_wconf 89' lang='lat' dir='ltr'><strong>quid</strong></span> <span class='ocrx_word' id='word_1_343' title='bbox 397 2309 462 2351; x_wconf 91' lang='lat' dir='ltr'><strong>non</strong></span> <span class='ocrx_word' id='word_1_344' title='bbox 485 2285 559 2351; x_wconf 87' lang='lat' dir='ltr'><strong>vult</strong></span> <span class='ocrx_word' id='word_1_345' title='bbox 579 2307 632 2350; x_wconf 90' lang='lat' dir='ltr'><strong>me</strong></span> <span class='ocrx_word' id='word_1_346' title='bbox 654 2305 752 2368; x_wconf 88' lang='lat' dir='ltr'><strong>agere</strong></span> <span class='ocrx_word' id='word_1_347' title='bbox 773 2304 832 2366; x_wconf 92' lang='lat' dir='ltr'><strong>pro</strong></span> <span class='ocrx_word' id='word_1_348' title='bbox 855 2291 924 2348; x_wconf 90' lang='lat' dir='ltr'><strong>tam</strong></span> <span class='ocrx_word' id='word_1_349' title='bbox 946 2285 1028 2349; x_wconf 89' lang='lat' dir='ltr'><strong>caris</strong></span> <span class='ocrx_word' id='word_1_350' title='bbox 1051 2284 1172 2362; x_wconf 89' lang='lat' dir='ltr'><strong>amicis,</strong></span> <span class='ocrx_word' id='word_1_351' title='bbox 1202 2285 1267 2348; x_wconf 93' lang='lat' dir='ltr'><strong>imo</strong></span> <span class='ocrx_word' id='word_1_352' title='bbox 1319 2281 1372 2347; x_wconf 91' lang='lat' dir='ltr'><strong>cui</strong></span> <span class='ocrx_word' id='word_1_353' title='bbox 1403 2281 1524 2346; x_wconf 89' lang='lat' dir='ltr'><strong>accedit</strong></span> <span class='ocrx_word' id='word_1_354' title='bbox 1551 2281 1696 2346; x_wconf 80' lang='lat' dir='ltr'><strong>maxima</strong></span> <span class='ocrx_word' id='word_1_355' title='bbox 1722 2281 1868 2345; x_wconf 90' lang='lat' dir='ltr'><strong>omnium</strong></span> <span class='ocrx_word' id='word_1_356' title='bbox 1891 2280 2074 2346; x_wconf 88' lang='lat' dir='ltr'><strong>Galliarum</strong></span> <span class='ocrx_word' id='word_1_357' title='bbox 2096 2280 2291 2362; x_wconf 87' lang='lat' dir='ltr'><strong>aedificatio,</strong></span> 
     </span>
     <span class='ocr_line' id='line_1_24' title="bbox 295 2365 2293 2456; baseline -0.002 -19"><span class='ocrx_word' id='word_1_358' title='bbox 295 2372 442 2456; x_wconf 90' lang='lat' dir='ltr'><strong>patribus</strong></span> <span class='ocrx_word' id='word_1_359' title='bbox 463 2372 499 2434; x_wconf 92' lang='lat' dir='ltr'><strong>in</strong></span> <span class='ocrx_word' id='word_1_360' title='bbox 521 2371 678 2447; x_wconf 91' lang='lat' dir='ltr'><strong>Domino,</strong></span> <span class='ocrx_word' id='word_1_361' title='bbox 708 2371 764 2452; x_wconf 94' lang='lat' dir='ltr'><strong>qui</strong></span> <span class='ocrx_word' id='word_1_362' title='bbox 791 2377 882 2434; x_wconf 86' lang='lat' dir='ltr'><strong>tanto</strong></span> <span class='ocrx_word' id='word_1_363' title='bbox 908 2369 1016 2434; x_wconf 89' lang='lat' dir='ltr'><strong>studio</strong></span> <span class='ocrx_word' id='word_1_364' title='bbox 1038 2391 1091 2434; x_wconf 89' lang='lat' dir='ltr'><strong>me</strong></span> <span class='ocrx_word' id='word_1_365' title='bbox 1116 2371 1267 2435; x_wconf 84' lang='lat' dir='ltr'><strong>foverunt</strong></span> <span class='ocrx_word' id='word_1_366' title='bbox 1319 2365 1398 2430; x_wconf 93' lang='lat' dir='ltr'><strong>dum</strong></span> <span class='ocrx_word' id='word_1_367' title='bbox 1420 2373 1486 2433; x_wconf 90' lang='lat' dir='ltr'><strong>stat</strong></span> <span class='ocrx_word' id='word_1_368' title='bbox 1507 2365 1563 2432; x_wconf 90' lang='lat' dir='ltr'><strong>illa</strong></span> <span class='ocrx_word' id='word_1_369' title='bbox 1585 2366 1728 2444; x_wconf 87' lang='lat' dir='ltr'><strong>ecelesia,</strong></span> <span class='ocrx_word' id='word_1_370' title='bbox 1751 2375 1787 2431; x_wconf 91' lang='lat' dir='ltr'><strong>ut</strong></span> <span class='ocrx_word' id='word_1_371' title='bbox 1808 2367 1904 2432; x_wconf 91' lang='lat' dir='ltr'><strong>ruina</strong></span> <span class='ocrx_word' id='word_1_372' title='bbox 1920 2367 2119 2432; x_wconf 89' lang='lat' dir='ltr'><strong>incredibilis</strong></span> <span class='ocrx_word' id='word_1_373' title='bbox 2139 2369 2293 2450; x_wconf 86' lang='lat' dir='ltr'><strong>sequitur</strong></span> 
     </span>
     <span class='ocr_line' id='line_1_25' title="bbox 297 2450 2290 2540; baseline -0.002 -18"><span class='ocrx_word' id='word_1_374' title='bbox 297 2479 338 2523; x_wconf 91' lang='lat' dir='ltr'><strong>ne</strong></span> <span class='ocrx_word' id='word_1_375' title='bbox 369 2459 520 2540; x_wconf 87' lang='lat' dir='ltr'><strong>perirem.</strong></span> <span class='ocrx_word' id='word_1_376' title='bbox 564 2456 684 2520; x_wconf 90' lang='lat' dir='ltr'><strong>Merito</strong></span> <span class='ocrx_word' id='word_1_377' title='bbox 720 2455 823 2538; x_wconf 87' lang='lat' dir='ltr'><strong>igitur</strong></span> <span class='ocrx_word' id='word_1_378' title='bbox 854 2453 938 2518; x_wconf 91' lang='lat' dir='ltr'><strong>mihi</strong></span> <span class='ocrx_word' id='word_1_379' title='bbox 967 2454 1092 2521; x_wconf 88' lang='lat' dir='ltr'><strong>colendi</strong></span> <span class='ocrx_word' id='word_1_380' title='bbox 1124 2456 1202 2520; x_wconf 90' lang='lat' dir='ltr'><strong>estis</strong></span> <span class='ocrx_word' id='word_1_381' title='bbox 1235 2467 1268 2520; x_wconf 91' lang='lat' dir='ltr'><strong>et</strong></span> <span class='ocrx_word' id='word_1_382' title='bbox 1319 2451 1396 2517; x_wconf 92' lang='lat' dir='ltr'><strong>dum</strong></span> <span class='ocrx_word' id='word_1_383' title='bbox 1419 2450 1504 2518; x_wconf 90' lang='lat' dir='ltr'><strong>cedit</strong></span> <span class='ocrx_word' id='word_1_384' title='bbox 1525 2458 1559 2516; x_wconf 91' lang='lat' dir='ltr'><strong>et</strong></span> <span class='ocrx_word' id='word_1_385' title='bbox 1579 2451 1749 2517; x_wconf 90' lang='lat' dir='ltr'><strong>desolatur.</strong></span> <span class='ocrx_word' id='word_1_386' title='bbox 1783 2451 1831 2518; x_wconf 89' lang='lat' dir='ltr'><strong>Ut</strong></span> <span class='ocrx_word' id='word_1_387' title='bbox 1848 2450 1888 2516; x_wconf 92' lang='lat' dir='ltr'><strong>de</strong></span> <span class='ocrx_word' id='word_1_388' title='bbox 1905 2451 1978 2517; x_wconf 89' lang='lat' dir='ltr'><strong>aliis</strong></span> <span class='ocrx_word' id='word_1_389' title='bbox 1996 2463 2130 2518; x_wconf 88' lang='lat' dir='ltr'><strong>taccam.</strong></span> <span class='ocrx_word' id='word_1_390' title='bbox 2164 2452 2290 2534; x_wconf 79' lang='lat' dir='ltr'><strong>Quare,</strong></span> 
     </span>
     <span class='ocr_line' id='line_1_26' title="bbox 297 2537 2292 2624; baseline -0.002 -16"><span class='ocrx_word' id='word_1_391' title='bbox 297 2543 387 2608; x_wconf 90' lang='lat' dir='ltr'><strong>omui</strong></span> <span class='ocrx_word' id='word_1_392' title='bbox 415 2542 521 2607; x_wconf 86' lang='lat' dir='ltr'><strong>officio</strong></span> <span class='ocrx_word' id='word_1_393' title='bbox 550 2541 774 2624; x_wconf 86' lang='lat' dir='ltr'><strong>prosequendi.</strong></span> <span class='ocrx_word' id='word_1_394' title='bbox 818 2540 944 2605; x_wconf 84' lang='lat' dir='ltr'><strong>Verum</strong></span> <span class='ocrx_word' id='word_1_395' title='bbox 971 2541 1059 2604; x_wconf 84' lang='lat' dir='ltr'><strong>vires</strong></span> <span class='ocrx_word' id='word_1_396' title='bbox 1088 2561 1188 2623; x_wconf 90' lang='lat' dir='ltr'><strong>quum</strong></span> <span class='ocrx_word' id='word_1_397' title='bbox 1211 2540 1267 2605; x_wconf 90' lang='lat' dir='ltr'><strong>dc·</strong></span> <span class='ocrx_word' id='word_1_398' title='bbox 1318 2558 1435 2602; x_wconf 88' lang='lat' dir='ltr'><strong>overe</strong></span> <span class='ocrx_word' id='word_1_399' title='bbox 1458 2537 1582 2603; x_wconf 85' lang='lat' dir='ltr'><strong>Christi</strong></span> <span class='ocrx_word' id='word_1_400' title='bbox 1603 2538 1747 2602; x_wconf 87' lang='lat' dir='ltr'><strong>amantia</strong></span> <span class='ocrx_word' id='word_1_401' title='bbox 1767 2545 1906 2619; x_wconf 87' lang='lat' dir='ltr'><strong>pectora,</strong></span> <span class='ocrx_word' id='word_1_402' title='bbox 1929 2539 2025 2604; x_wconf 88' lang='lat' dir='ltr'><strong>sicuti</strong></span> <span class='ocrx_word' id='word_1_403' title='bbox 2048 2537 2125 2603; x_wconf 90' lang='lat' dir='ltr'><strong>olim</strong></span> <span class='ocrx_word' id='word_1_404' title='bbox 2146 2559 2210 2623; x_wconf 90' lang='lat' dir='ltr'><strong>pro</strong></span> <span class='ocrx_word' id='word_1_405' title='bbox 2235 2540 2292 2604; x_wconf 92' lang='lat' dir='ltr'><strong>illa</strong></span> 
     </span>
     <span class='ocr_line' id='line_1_27' title="bbox 297 2621 2290 2708; baseline -0.002 -16"><span class='ocrx_word' id='word_1_406' title='bbox 297 2628 379 2705; x_wconf 90' lang='lat' dir='ltr'><strong>sint,</strong></span> <span class='ocrx_word' id='word_1_407' title='bbox 407 2637 440 2692; x_wconf 91' lang='lat' dir='ltr'><strong>et</strong></span> <span class='ocrx_word' id='word_1_408' title='bbox 468 2649 534 2691; x_wconf 90' lang='lat' dir='ltr'><strong>non</strong></span> <span class='ocrx_word' id='word_1_409' title='bbox 561 2627 641 2691; x_wconf 89' lang='lat' dir='ltr'><strong>satis</strong></span> <span class='ocrx_word' id='word_1_410' title='bbox 669 2626 769 2690; x_wconf 90' lang='lat' dir='ltr'><strong>seiam</strong></span> <span class='ocrx_word' id='word_1_411' title='bbox 792 2623 878 2708; x_wconf 90' lang='lat' dir='ltr'><strong>quod</strong></span> <span class='ocrx_word' id='word_1_412' title='bbox 899 2625 935 2689; x_wconf 92' lang='lat' dir='ltr'><strong>in</strong></span> <span class='ocrx_word' id='word_1_413' title='bbox 956 2625 1098 2690; x_wconf 88' lang='lat' dir='ltr'><strong>Domino</strong></span> <span class='ocrx_word' id='word_1_414' title='bbox 1121 2624 1266 2708; x_wconf 89' lang='lat' dir='ltr'><strong>discupio</strong></span> <span class='ocrx_word' id='word_1_415' title='bbox 1317 2622 1486 2688; x_wconf 89' lang='lat' dir='ltr'><strong>laborastis</strong></span> <span class='ocrx_word' id='word_1_416' title='bbox 1508 2621 1653 2700; x_wconf 89' lang='lat' dir='ltr'><strong>ecclesia,</strong></span> <span class='ocrx_word' id='word_1_417' title='bbox 1683 2630 1716 2688; x_wconf 89' lang='grc' dir='ltr'><strong>ει</strong></span> <span class='ocrx_word' id='word_1_418' title='bbox 1744 2644 1850 2706; x_wconf 88' lang='lat' dir='ltr'><strong>nuper</strong></span> <span class='ocrx_word' id='word_1_419' title='bbox 1877 2633 1945 2687; x_wconf 92' lang='lat' dir='ltr'><strong>tam</strong></span> <span class='ocrx_word' id='word_1_420' title='bbox 1973 2633 2105 2690; x_wconf 89' lang='lat' dir='ltr'><strong>strenue</strong></span> <span class='ocrx_word' id='word_1_421' title='bbox 2133 2646 2192 2707; x_wconf 92' lang='lat' dir='ltr'><strong>pro</strong></span> <span class='ocrx_word' id='word_1_422' title='bbox 2218 2626 2290 2704; x_wconf 85' lang='lat' dir='ltr'><strong>hac,</strong></span> 
     </span>
     <span class='ocr_line' id='line_1_28' title="bbox 296 2708 2290 2796; baseline -0.001 -19"><span class='ocrx_word' id='word_1_423' title='bbox 296 2723 469 2796; x_wconf 86' lang='lat' dir='ltr'><strong>praestare,</strong></span> <span class='ocrx_word' id='word_1_424' title='bbox 492 2732 602 2776; x_wconf 90' lang='lat' dir='ltr'><strong>meum</strong></span> <span class='ocrx_word' id='word_1_425' title='bbox 624 2711 907 2796; x_wconf 83' lang='lat' dir='ltr'><strong>excipitcvotum:</strong></span> <span class='ocrx_word' id='word_1_426' title='bbox 929 2710 1014 2792; x_wconf 90' lang='lat' dir='ltr'><strong>quod</strong></span> <span class='ocrx_word' id='word_1_427' title='bbox 1031 2711 1157 2776; x_wconf 90' lang='lat' dir='ltr'><strong>utinam</strong></span> <span class='ocrx_word' id='word_1_428' title='bbox 1175 2711 1266 2776; x_wconf 87' lang='lat' dir='ltr'><strong>vobis</strong></span> <span class='ocrx_word' id='word_1_429' title='bbox 1317 2708 1363 2773; x_wconf 88' lang='lat' dir='ltr'><strong>ita</strong></span> <span class='ocrx_word' id='word_1_430' title='bbox 1383 2709 1563 2774; x_wconf 90' lang='lat' dir='ltr'><strong>incumbite</strong></span> <span class='ocrx_word' id='word_1_431' title='bbox 1584 2708 1619 2772; x_wconf 92' lang='lat' dir='ltr'><strong>in</strong></span> <span class='ocrx_word' id='word_1_432' title='bbox 1641 2708 1702 2774; x_wconf 91' lang='lat' dir='ltr'><strong>hoc</strong></span> <span class='ocrx_word' id='word_1_433' title='bbox 1725 2719 1761 2774; x_wconf 92' lang='lat' dir='ltr'><strong>ut</strong></span> <span class='ocrx_word' id='word_1_434' title='bbox 1778 2708 1864 2790; x_wconf 90' lang='lat' dir='ltr'><strong>quod</strong></span> <span class='ocrx_word' id='word_1_435' title='bbox 1882 2719 2031 2791; x_wconf 87' lang='lat' dir='ltr'><strong>coeptum</strong></span> <span class='ocrx_word' id='word_1_436' title='bbox 2053 2710 2118 2774; x_wconf 88' lang='lat' dir='ltr'><strong>iam</strong></span> <span class='ocrx_word' id='word_1_437' title='bbox 2138 2709 2207 2776; x_wconf 91' lang='lat' dir='ltr'><strong>illic</strong></span> <span class='ocrx_word' id='word_1_438' title='bbox 2231 2719 2290 2790; x_wconf 89' lang='lat' dir='ltr'><strong>est,</strong></span> 
     </span>
     <span class='ocr_line' id='line_1_29' title="bbox 296 2793 2291 2880; baseline 0 -18"><span class='ocrx_word' id='word_1_439' title='bbox 296 2796 470 2880; x_wconf 87' lang='lat' dir='ltr'><strong>aliquando</strong></span> <span class='ocrx_word' id='word_1_440' title='bbox 502 2799 537 2861; x_wconf 92' lang='lat' dir='ltr'><strong>in</strong></span> <span class='ocrx_word' id='word_1_441' title='bbox 567 2795 693 2862; x_wconf 85' lang='lat' dir='ltr'><strong>Christi</strong></span> <span class='ocrx_word' id='word_1_442' title='bbox 725 2795 862 2880; x_wconf 90' lang='lat' dir='ltr'><strong>gloriam</strong></span> <span class='ocrx_word' id='word_1_443' title='bbox 894 2796 1103 2879; x_wconf 88' lang='lat' dir='ltr'><strong>comprobare</strong></span> <span class='ocrx_word' id='word_1_444' title='bbox 1134 2797 1264 2878; x_wconf 90' lang='lat' dir='ltr'><strong>possim.</strong></span> <span class='ocrx_word' id='word_1_445' title='bbox 1317 2793 1464 2876; x_wconf 86' lang='lat' dir='ltr'><strong>quodque</strong></span> <span class='ocrx_word' id='word_1_446' title='bbox 1484 2794 1549 2857; x_wconf 90' lang='lat' dir='ltr'><strong>iam</strong></span> <span class='ocrx_word' id='word_1_447' title='bbox 1572 2793 1710 2858; x_wconf 89' lang='lat' dir='ltr'><strong>multam</strong></span> <span class='ocrx_word' id='word_1_448' title='bbox 1731 2794 1809 2858; x_wconf 88' lang='lat' dir='ltr'><strong>sacit</strong></span> <span class='ocrx_word' id='word_1_449' title='bbox 1830 2815 1931 2876; x_wconf 90' lang='lat' dir='ltr'><strong>spem,</strong></span> <span class='ocrx_word' id='word_1_450' title='bbox 1953 2804 1987 2860; x_wconf 93' lang='grc' dir='ltr'><strong>ει</strong></span> <span class='ocrx_word' id='word_1_451' title='bbox 2008 2804 2152 2860; x_wconf 84' lang='grc' dir='ltr'>ειεειιιιιι</span> <span class='ocrx_word' id='word_1_452' title='bbox 2175 2817 2291 2862; x_wconf 89' lang='lat' dir='ltr'><strong>assur·</strong></span> 
     </span>
     <span class='ocr_line' id='line_1_30' title="bbox 297 2877 2292 2964; baseline -0.001 -16"><span class='ocrx_word' id='word_1_453' title='bbox 297 2881 365 2949; x_wconf 79' lang='lat' dir='ltr'><strong>Sed</strong></span> <span class='ocrx_word' id='word_1_454' title='bbox 387 2883 464 2948; x_wconf 93' lang='lat' dir='ltr'><strong>dum</strong></span> <span class='ocrx_word' id='word_1_455' title='bbox 486 2879 575 2948; x_wconf 88' lang='lat' dir='ltr'><strong>aliud</strong></span> <span class='ocrx_word' id='word_1_456' title='bbox 596 2902 661 2945; x_wconf 91' lang='lat' dir='ltr'><strong>non</strong></span> <span class='ocrx_word' id='word_1_457' title='bbox 682 2902 824 2964; x_wconf 89' lang='lat' dir='ltr'><strong>possum,</strong></span> <span class='ocrx_word' id='word_1_458' title='bbox 854 2887 921 2946; x_wconf 90' lang='lat' dir='ltr'><strong>toto</strong></span> <span class='ocrx_word' id='word_1_459' title='bbox 943 2890 1071 2964; x_wconf 88' lang='lat' dir='ltr'><strong>pectore</strong></span> <span class='ocrx_word' id='word_1_460' title='bbox 1095 2879 1265 2947; x_wconf 91' lang='lat' dir='ltr'><strong>Christum</strong></span> <span class='ocrx_word' id='word_1_461' title='bbox 1316 2879 1374 2963; x_wconf 88' lang='lat' dir='ltr'><strong>git,</strong></span> <span class='ocrx_word' id='word_1_462' title='bbox 1397 2877 1593 2957; x_wconf 88' lang='lat' dir='ltr'><strong>absolvatur,</strong></span> <span class='ocrx_word' id='word_1_463' title='bbox 1616 2881 1650 2943; x_wconf 93' lang='lat' dir='ltr'><strong>in</strong></span> <span class='ocrx_word' id='word_1_464' title='bbox 1669 2879 1730 2944; x_wconf 94' lang='lat' dir='ltr'><strong>hoc</strong></span> <span class='ocrx_word' id='word_1_465' title='bbox 1748 2889 1816 2944; x_wconf 89' lang='lat' dir='ltr'><strong>tam</strong></span> <span class='ocrx_word' id='word_1_466' title='bbox 1833 2880 1897 2962; x_wconf 91' lang='lat' dir='ltr'><strong>piis</strong></span> <span class='ocrx_word' id='word_1_467' title='bbox 1915 2888 1948 2943; x_wconf 93' lang='grc' dir='ltr'><strong>ει</strong></span> <span class='ocrx_word' id='word_1_468' title='bbox 1965 2881 2146 2964; x_wconf 86' lang='lat' dir='ltr'><strong>insignibus</strong></span> <span class='ocrx_word' id='word_1_469' title='bbox 2158 2881 2292 2948; x_wconf 89' lang='lat' dir='ltr'><strong>Christi</strong></span> 
     </span>
     <span class='ocr_line' id='line_1_31' title="bbox 295 2963 2291 3053; baseline 0 -20"><span class='ocrx_word' id='word_1_470' title='bbox 295 2969 407 3053; x_wconf 86' lang='lat' dir='ltr'><strong>flagito</strong></span> <span class='ocrx_word' id='word_1_471' title='bbox 428 2975 466 3032; x_wconf 91' lang='lat' dir='ltr'><strong>nt</strong></span> <span class='ocrx_word' id='word_1_472' title='bbox 488 2967 578 3033; x_wconf 91' lang='lat' dir='ltr'><strong>vobis</strong></span> <span class='ocrx_word' id='word_1_473' title='bbox 599 2966 757 3050; x_wconf 88' lang='lat' dir='ltr'><strong>rependat</strong></span> <span class='ocrx_word' id='word_1_474' title='bbox 786 2965 920 3049; x_wconf 85' lang='lat' dir='ltr'><strong>dignam</strong></span> <span class='ocrx_word' id='word_1_475' title='bbox 942 2986 1002 3048; x_wconf 95' lang='lat' dir='ltr'><strong>pro</strong></span> <span class='ocrx_word' id='word_1_476' title='bbox 1024 2968 1125 3032; x_wconf 91' lang='lat' dir='ltr'><strong>tantis</strong></span> <span class='ocrx_word' id='word_1_477' title='bbox 1146 2967 1265 3033; x_wconf 89' lang='lat' dir='ltr'><strong>labori-</strong></span> <span class='ocrx_word' id='word_1_478' title='bbox 1317 2964 1420 3030; x_wconf 88' lang='lat' dir='ltr'><strong>servis</strong></span> <span class='ocrx_word' id='word_1_479' title='bbox 1441 2963 1694 3048; x_wconf 83' lang='lat' dir='ltr'><strong>perdurantibus</strong></span> <span class='ocrx_word' id='word_1_480' title='bbox 1707 2963 1834 3029; x_wconf 73' lang='lat' dir='ltr'><strong>Gelaim</strong></span> <span class='ocrx_word' id='word_1_481' title='bbox 1853 2972 1886 3030; x_wconf 89' lang='lat' dir='ltr'><strong>et</strong></span> <span class='ocrx_word' id='word_1_482' title='bbox 1904 2965 2017 3045; x_wconf 83' lang='lat' dir='ltr'><strong>Vireto,</strong></span> <span class='ocrx_word' id='word_1_483' title='bbox 2041 2987 2206 3050; x_wconf 88' lang='lat' dir='ltr'><strong>quumque</strong></span> <span class='ocrx_word' id='word_1_484' title='bbox 2230 2967 2291 3033; x_wconf 91' lang='lat' dir='ltr'><strong>hos</strong></span> 
     </span>
     <span class='ocr_line' id='line_1_32' title="bbox 294 3050 2291 3136; baseline 0.001 -16"><span class='ocrx_word' id='word_1_485' title='bbox 294 3053 356 3120; x_wconf 88' lang='lat' dir='ltr'><strong>bue</strong></span> <span class='ocrx_word' id='word_1_486' title='bbox 377 3052 568 3130; x_wconf 88' lang='lat' dir='ltr'><strong>mercedem,</strong></span> <span class='ocrx_word' id='word_1_487' title='bbox 596 3072 717 3134; x_wconf 81' lang='lat' dir='ltr'><strong>vosque</strong></span> <span class='ocrx_word' id='word_1_488' title='bbox 738 3059 771 3116; x_wconf 90' lang='lat' dir='ltr'><strong>et</strong></span> <span class='ocrx_word' id='word_1_489' title='bbox 798 3051 967 3118; x_wconf 89' lang='lat' dir='ltr'><strong>ecelesiam</strong></span> <span class='ocrx_word' id='word_1_490' title='bbox 986 3052 1078 3118; x_wconf 84' lang='lat' dir='ltr'><strong>vobis</strong></span> <span class='ocrx_word' id='word_1_491' title='bbox 1100 3051 1265 3117; x_wconf 86' lang='lat' dir='ltr'><strong>concredi·</strong></span> <span class='ocrx_word' id='word_1_492' title='bbox 1316 3050 1522 3116; x_wconf 87' lang='lat' dir='ltr'><strong>coniunxerit</strong></span> <span class='ocrx_word' id='word_1_493' title='bbox 1532 3051 1703 3128; x_wconf 87' lang='lat' dir='ltr'><strong>Dominus,</strong></span> <span class='ocrx_word' id='word_1_494' title='bbox 1725 3051 1912 3132; x_wconf 89' lang='lat' dir='ltr'><strong>precemini,</strong></span> <span class='ocrx_word' id='word_1_495' title='bbox 1935 3072 2062 3134; x_wconf 88' lang='lat' dir='ltr'><strong>quaeso,</strong></span> <span class='ocrx_word' id='word_1_496' title='bbox 2083 3073 2125 3116; x_wconf 89' lang='lat' dir='ltr'><strong>ne</strong></span> <span class='ocrx_word' id='word_1_497' title='bbox 2146 3074 2217 3136; x_wconf 86' lang='lat' dir='ltr'><strong>qua</strong></span> <span class='ocrx_word' id='word_1_498' title='bbox 2240 3075 2291 3121; x_wconf 93' lang='lat' dir='ltr'><strong>se·</strong></span> 
     </span>
     <span class='ocr_line' id='line_1_33' title="bbox 296 3134 2291 3222; baseline -0.001 -18"><span class='ocrx_word' id='word_1_499' title='bbox 296 3147 363 3204; x_wconf 88' lang='lat' dir='ltr'><strong>tam</strong></span> <span class='ocrx_word' id='word_1_500' title='bbox 386 3151 508 3216; x_wconf 89' lang='lat' dir='ltr'><strong>servet,</strong></span> <span class='ocrx_word' id='word_1_501' title='bbox 537 3137 778 3220; x_wconf 87' lang='lat' dir='ltr'><strong>maioribusque</strong></span> <span class='ocrx_word' id='word_1_502' title='bbox 807 3137 921 3222; x_wconf 82' lang='lat' dir='ltr'><strong>gratiis</strong></span> <span class='ocrx_word' id='word_1_503' title='bbox 943 3143 977 3201; x_wconf 90' lang='lat' dir='ltr'><strong>et</strong></span> <span class='ocrx_word' id='word_1_504' title='bbox 1006 3137 1098 3202; x_wconf 90' lang='lat' dir='ltr'><strong>donis</strong></span> <span class='ocrx_word' id='word_1_505' title='bbox 1120 3137 1265 3203; x_wconf 86' lang='lat' dir='ltr'><strong>cumulet</strong></span> <span class='ocrx_word' id='word_1_506' title='bbox 1316 3143 1472 3218; x_wconf 87' lang='lat' dir='ltr'><strong>parentur</strong></span> <span class='ocrx_word' id='word_1_507' title='bbox 1493 3137 1627 3215; x_wconf 88' lang='lat' dir='ltr'><strong>ratione,</strong></span> <span class='ocrx_word' id='word_1_508' title='bbox 1656 3134 1713 3200; x_wconf 92' lang='lat' dir='ltr'><strong>sed</strong></span> <span class='ocrx_word' id='word_1_509' title='bbox 1740 3147 1778 3199; x_wconf 91' lang='lat' dir='ltr'><strong>ut</strong></span> <span class='ocrx_word' id='word_1_510' title='bbox 1804 3147 1943 3218; x_wconf 87' lang='lat' dir='ltr'><strong>pergant</strong></span> <span class='ocrx_word' id='word_1_511' title='bbox 1971 3157 2099 3220; x_wconf 89' lang='lat' dir='ltr'><strong>semper</strong></span> <span class='ocrx_word' id='word_1_512' title='bbox 2119 3139 2231 3222; x_wconf 86' lang='lat' dir='ltr'><strong>magis</strong></span> <span class='ocrx_word' id='word_1_513' title='bbox 2253 3159 2291 3204; x_wconf 90' lang='lat' dir='ltr'><strong>ac</strong></span> 
     </span>
     <span class='ocr_line' id='line_1_34' title="bbox 295 3221 2290 3303; baseline 0.001 -15"><span class='ocrx_word' id='word_1_514' title='bbox 295 3225 331 3288; x_wconf 94' lang='lat' dir='ltr'><strong>in</strong></span> <span class='ocrx_word' id='word_1_515' title='bbox 353 3225 498 3288; x_wconf 93' lang='lat' dir='ltr'><strong>omnium</strong></span> <span class='ocrx_word' id='word_1_516' title='bbox 520 3221 778 3288; x_wconf 88' lang='lat' dir='ltr'><strong>aedificationem</strong></span> <span class='ocrx_word' id='word_1_517' title='bbox 800 3231 834 3286; x_wconf 92' lang='grc' dir='ltr'><strong>ει</strong></span> <span class='ocrx_word' id='word_1_518' title='bbox 854 3222 1001 3288; x_wconf 89' lang='lat' dir='ltr'><strong>salutem.</strong></span> <span class='ocrx_word' id='word_1_519' title='bbox 1316 3221 1430 3303; x_wconf 86' lang='lat' dir='ltr'><strong>magis,</strong></span> <span class='ocrx_word' id='word_1_520' title='bbox 1443 3229 1481 3286; x_wconf 90' lang='grc' dir='ltr'><strong>ιιι</strong></span> <span class='ocrx_word' id='word_1_521' title='bbox 1491 3241 1568 3285; x_wconf 87' lang='lat' dir='ltr'><strong>vere</strong></span> <span class='ocrx_word' id='word_1_522' title='bbox 1580 3241 1684 3286; x_wconf 92' lang='lat' dir='ltr'><strong>unum</strong></span> <span class='ocrx_word' id='word_1_523' title='bbox 1695 3229 1780 3299; x_wconf 89' lang='lat' dir='ltr'><strong>sunt,</strong></span> <span class='ocrx_word' id='word_1_524' title='bbox 1793 3240 1906 3287; x_wconf 91' lang='lat' dir='ltr'><strong>omnes</strong></span> <span class='ocrx_word' id='word_1_525' title='bbox 1917 3223 1951 3287; x_wconf 91' lang='lat' dir='ltr'><strong>in</strong></span> <span class='ocrx_word' id='word_1_526' title='bbox 1959 3222 2092 3288; x_wconf 86' lang='lat' dir='ltr'><strong>Christo</strong></span> <span class='ocrx_word' id='word_1_527' title='bbox 2102 3223 2170 3289; x_wconf 92' lang='lat' dir='ltr'><strong>illio</strong></span> <span class='ocrx_word' id='word_1_528' title='bbox 2181 3247 2290 3290; x_wconf 90' lang='lat' dir='ltr'><strong>unum</strong></span> 
     </span>
    </p>

    <p class='ocr_par' dir='ltr' id='par_1_3' title="bbox 291 3304 2291 4078">
     <span class='ocr_line' id='line_1_35' title="bbox 380 3304 2290 3393; baseline 0.001 -19"><span class='ocrx_word' id='word_1_529' title='bbox 380 3310 461 3374; x_wconf 91' lang='lat' dir='ltr'><strong>Post</strong></span> <span class='ocrx_word' id='word_1_530' title='bbox 492 3305 622 3374; x_wconf 88' lang='lat' dir='ltr'><strong>sedatos</strong></span> <span class='ocrx_word' id='word_1_531' title='bbox 655 3307 788 3372; x_wconf 90' lang='lat' dir='ltr'><strong>tandem</strong></span> <span class='ocrx_word' id='word_1_532' title='bbox 819 3306 872 3373; x_wconf 90' lang='lat' dir='ltr'><strong>hic</strong></span> <span class='ocrx_word' id='word_1_533' title='bbox 903 3315 1020 3386; x_wconf 91' lang='lat' dir='ltr'><strong>motus,</strong></span> <span class='ocrx_word' id='word_1_534' title='bbox 1053 3307 1139 3390; x_wconf 91' lang='lat' dir='ltr'><strong>quod</strong></span> <span class='ocrx_word' id='word_1_535' title='bbox 1173 3308 1264 3390; x_wconf 90' lang='lat' dir='ltr'><strong>prius</strong></span> <span class='ocrx_word' id='word_1_536' title='bbox 1316 3304 1458 3370; x_wconf 90' lang='lat' dir='ltr'><strong>reddere.</strong></span> <span class='ocrx_word' id='word_1_537' title='bbox 1503 3306 1548 3370; x_wconf 77' lang='lat' dir='ltr'><strong>lit</strong></span> <span class='ocrx_word' id='word_1_538' title='bbox 1569 3327 1633 3388; x_wconf 92' lang='lat' dir='ltr'><strong>qua</strong></span> <span class='ocrx_word' id='word_1_539' title='bbox 1658 3305 1777 3372; x_wconf 80' lang='lat' dir='ltr'><strong>valetis</strong></span> <span class='ocrx_word' id='word_1_540' title='bbox 1803 3308 1910 3390; x_wconf 89' lang='lat' dir='ltr'><strong>gratia</strong></span> <span class='ocrx_word' id='word_1_541' title='bbox 1936 3315 1969 3374; x_wconf 90' lang='lat' dir='ltr'><strong>et</strong></span> <span class='ocrx_word' id='word_1_542' title='bbox 1997 3309 2170 3374; x_wconf 85' lang='lat' dir='ltr'><strong>autoritate</strong></span> <span class='ocrx_word' id='word_1_543' title='bbox 2199 3309 2290 3393; x_wconf 87' lang='lat' dir='ltr'><strong>apud</strong></span> 
     </span>
     <span class='ocr_line' id='line_1_36' title="bbox 295 3391 2290 3478; baseline 0.002 -20"><span class='ocrx_word' id='word_1_544' title='bbox 295 3395 458 3478; x_wconf 81' lang='lat' dir='ltr'><strong>mgebant</strong></span> <span class='ocrx_word' id='word_1_545' title='bbox 481 3391 630 3460; x_wconf 64' lang='lat' dir='ltr'><strong>&amp;laicus</strong></span> <span class='ocrx_word' id='word_1_546' title='bbox 651 3401 683 3458; x_wconf 86' lang='lat' dir='ltr'><strong>et</strong></span> <span class='ocrx_word' id='word_1_547' title='bbox 712 3392 846 3470; x_wconf 82' lang='lat' dir='ltr'><strong>Viretus,</strong></span> <span class='ocrx_word' id='word_1_548' title='bbox 868 3399 901 3457; x_wconf 89' lang='lat' dir='ltr'><strong>et</strong></span> <span class='ocrx_word' id='word_1_549' title='bbox 921 3391 1024 3457; x_wconf 88' lang='lat' dir='ltr'><strong>multo</strong></span> <span class='ocrx_word' id='word_1_550' title='bbox 1045 3413 1172 3476; x_wconf 91' lang='lat' dir='ltr'><strong>quoque</strong></span> <span class='ocrx_word' id='word_1_551' title='bbox 1194 3399 1265 3458; x_wconf 93' lang='lat' dir='ltr'><strong>stu·</strong></span> <span class='ocrx_word' id='word_1_552' title='bbox 1315 3391 1483 3456; x_wconf 91' lang='lat' dir='ltr'><strong>ecclesiam</strong></span> <span class='ocrx_word' id='word_1_553' title='bbox 1513 3391 1724 3470; x_wconf 89' lang='lat' dir='ltr'><strong>Beruensem,</strong></span> <span class='ocrx_word' id='word_1_554' title='bbox 1756 3391 1874 3457; x_wconf 87' lang='lat' dir='ltr'><strong>efficite</strong></span> <span class='ocrx_word' id='word_1_555' title='bbox 1906 3401 1943 3457; x_wconf 92' lang='lat' dir='ltr'><strong>ut</strong></span> <span class='ocrx_word' id='word_1_556' title='bbox 1974 3392 2009 3457; x_wconf 94' lang='lat' dir='ltr'><strong>id</strong></span> <span class='ocrx_word' id='word_1_557' title='bbox 2037 3395 2103 3458; x_wconf 89' lang='lat' dir='ltr'><strong>fiat.</strong></span> <span class='ocrx_word' id='word_1_558' title='bbox 2148 3393 2290 3478; x_wconf 89' lang='lat' dir='ltr'><strong>Optime</strong></span> 
     </span>
     <span class='ocr_line' id='line_1_37' title="bbox 296 3474 2291 3562; baseline 0.001 -18"><span class='ocrx_word' id='word_1_559' title='bbox 296 3479 565 3545; x_wconf 84' lang='lat' dir='ltr'><strong>dioGenevensis</strong></span> <span class='ocrx_word' id='word_1_560' title='bbox 584 3487 728 3556; x_wconf 89' lang='lat' dir='ltr'><strong>senatus,</strong></span> <span class='ocrx_word' id='word_1_561' title='bbox 751 3485 787 3542; x_wconf 90' lang='lat' dir='ltr'><strong>ut</strong></span> <span class='ocrx_word' id='word_1_562' title='bbox 802 3477 973 3544; x_wconf 85' lang='lat' dir='ltr'><strong>Genavam</strong></span> <span class='ocrx_word' id='word_1_563' title='bbox 994 3485 1137 3562; x_wconf 90' lang='lat' dir='ltr'><strong>peterem</strong></span> <span class='ocrx_word' id='word_1_564' title='bbox 1160 3485 1194 3544; x_wconf 87' lang='lat' dir='ltr'><strong>et</strong></span> <span class='ocrx_word' id='word_1_565' title='bbox 1211 3500 1264 3544; x_wconf 90' lang='lat' dir='ltr'><strong>me</strong></span> <span class='ocrx_word' id='word_1_566' title='bbox 1315 3497 1483 3560; x_wconf 89' lang='lat' dir='ltr'><strong>speramus</strong></span> <span class='ocrx_word' id='word_1_567' title='bbox 1512 3474 1551 3541; x_wconf 89' lang='lat' dir='ltr'><strong>de</strong></span> <span class='ocrx_word' id='word_1_568' title='bbox 1579 3477 1762 3560; x_wconf 90' lang='lat' dir='ltr'><strong>pastoribus</strong></span> <span class='ocrx_word' id='word_1_569' title='bbox 1795 3475 1881 3560; x_wconf 90' lang='lat' dir='ltr'><strong>apud</strong></span> <span class='ocrx_word' id='word_1_570' title='bbox 1913 3499 1994 3560; x_wconf 88' lang='lat' dir='ltr'><strong>quos</strong></span> <span class='ocrx_word' id='word_1_571' title='bbox 2022 3500 2089 3544; x_wconf 91' lang='lat' dir='ltr'><strong>non</strong></span> <span class='ocrx_word' id='word_1_572' title='bbox 2121 3479 2208 3546; x_wconf 87' lang='lat' dir='ltr'><strong>levis</strong></span> <span class='ocrx_word' id='word_1_573' title='bbox 2239 3491 2291 3546; x_wconf 88' lang='lat' dir='ltr'><strong>est</strong></span> 
     </span>
     <span class='ocr_line' id='line_1_38' title="bbox 295 3561 2290 3648; baseline 0.003 -20"><span class='ocrx_word' id='word_1_574' title='bbox 295 3565 332 3628; x_wconf 93' lang='lat' dir='ltr'><strong>in</strong></span> <span class='ocrx_word' id='word_1_575' title='bbox 352 3563 414 3630; x_wconf 90' lang='lat' dir='ltr'><strong>hoc</strong></span> <span class='ocrx_word' id='word_1_576' title='bbox 436 3583 636 3648; x_wconf 88' lang='lat' dir='ltr'><strong>appararem,</strong></span> <span class='ocrx_word' id='word_1_577' title='bbox 659 3563 786 3646; x_wconf 84' lang='lat' dir='ltr'><strong>mugnis</strong></span> <span class='ocrx_word' id='word_1_578' title='bbox 804 3561 935 3627; x_wconf 91' lang='lat' dir='ltr'><strong>demum</strong></span> <span class='ocrx_word' id='word_1_579' title='bbox 956 3562 990 3627; x_wconf 92' lang='lat' dir='ltr'><strong>id</strong></span> <span class='ocrx_word' id='word_1_580' title='bbox 1007 3563 1263 3648; x_wconf 88' lang='lat' dir='ltr'><strong>flagitationibus</strong></span> <span class='ocrx_word' id='word_1_581' title='bbox 1316 3569 1424 3628; x_wconf 82' lang='lat' dir='ltr'><strong>vestra</strong></span> <span class='ocrx_word' id='word_1_582' title='bbox 1457 3562 1630 3642; x_wconf 85' lang='lat' dir='ltr'><strong>autoritas,</strong></span> <span class='ocrx_word' id='word_1_583' title='bbox 1664 3583 1727 3646; x_wconf 92' lang='lat' dir='ltr'><strong>qua</strong></span> <span class='ocrx_word' id='word_1_584' title='bbox 1759 3561 1814 3628; x_wconf 91' lang='lat' dir='ltr'><strong>det</strong></span> <span class='ocrx_word' id='word_1_585' title='bbox 1843 3561 1995 3629; x_wconf 91' lang='lat' dir='ltr'><strong>Christus</strong></span> <span class='ocrx_word' id='word_1_586' title='bbox 2026 3565 2061 3628; x_wconf 92' lang='lat' dir='ltr'><strong>in</strong></span> <span class='ocrx_word' id='word_1_587' title='bbox 2092 3564 2155 3630; x_wconf 93' lang='lat' dir='ltr'><strong>hac</strong></span> <span class='ocrx_word' id='word_1_588' title='bbox 2183 3587 2290 3632; x_wconf 86' lang='lat' dir='ltr'><strong>cansa</strong></span> 
     </span>
     <span class='ocr_line' id='line_1_39' title="bbox 295 3647 2290 3733; baseline 0.001 -19"><span class='ocrx_word' id='word_1_589' title='bbox 295 3659 501 3733; x_wconf 88' lang='lat' dir='ltr'><strong>peregerunt.</strong></span> <span class='ocrx_word' id='word_1_590' title='bbox 545 3649 632 3712; x_wconf 81' lang='lat' dir='ltr'><strong>Veni</strong></span> <span class='ocrx_word' id='word_1_591' title='bbox 662 3657 695 3712; x_wconf 91' lang='lat' dir='ltr'><strong>et</strong></span> <span class='ocrx_word' id='word_1_592' title='bbox 721 3647 791 3714; x_wconf 81' lang='lat' dir='ltr'><strong>vidi</strong></span> <span class='ocrx_word' id='word_1_593' title='bbox 819 3669 885 3712; x_wconf 93' lang='lat' dir='ltr'><strong>non</strong></span> <span class='ocrx_word' id='word_1_594' title='bbox 915 3647 1050 3733; x_wconf 86' lang='lat' dir='ltr'><strong>vulgare</strong></span> <span class='ocrx_word' id='word_1_595' title='bbox 1079 3647 1263 3714; x_wconf 86' lang='lat' dir='ltr'><strong>aedificium</strong></span> <span class='ocrx_word' id='word_1_596' title='bbox 1314 3655 1427 3713; x_wconf 89' lang='lat' dir='ltr'><strong>sancte</strong></span> <span class='ocrx_word' id='word_1_597' title='bbox 1448 3647 1595 3726; x_wconf 88' lang='lat' dir='ltr'><strong>utamini,</strong></span> <span class='ocrx_word' id='word_1_598' title='bbox 1622 3657 1655 3712; x_wconf 89' lang='lat' dir='ltr'><strong>et</strong></span> <span class='ocrx_word' id='word_1_599' title='bbox 1680 3648 1716 3712; x_wconf 91' lang='lat' dir='ltr'><strong>in</strong></span> <span class='ocrx_word' id='word_1_600' title='bbox 1744 3647 1816 3712; x_wconf 91' lang='lat' dir='ltr'><strong>aliis</strong></span> <span class='ocrx_word' id='word_1_601' title='bbox 1844 3669 1970 3732; x_wconf 91' lang='lat' dir='ltr'><strong>quoque</strong></span> <span class='ocrx_word' id='word_1_602' title='bbox 1993 3671 2075 3732; x_wconf 86' lang='lat' dir='ltr'><strong>quac</strong></span> <span class='ocrx_word' id='word_1_603' title='bbox 2096 3651 2225 3716; x_wconf 85' lang='lat' dir='ltr'><strong>faciunt</strong></span> <span class='ocrx_word' id='word_1_604' title='bbox 2247 3651 2290 3718; x_wconf 90' lang='lat' dir='ltr'><strong>ad</strong></span> 
     </span>
     <span class='ocr_line' id='line_1_40' title="bbox 294 3732 2290 3818; baseline 0.002 -18"><span class='ocrx_word' id='word_1_605' title='bbox 294 3755 392 3817; x_wconf 90' lang='lat' dir='ltr'><strong>opera</strong></span> <span class='ocrx_word' id='word_1_606' title='bbox 422 3733 520 3799; x_wconf 78' lang='lat' dir='ltr'><strong>Vtrett</strong></span> <span class='ocrx_word' id='word_1_607' title='bbox 546 3733 612 3800; x_wconf 93' lang='lat' dir='ltr'><strong>illic</strong></span> <span class='ocrx_word' id='word_1_608' title='bbox 634 3741 788 3813; x_wconf 90' lang='lat' dir='ltr'><strong>erectum,</strong></span> <span class='ocrx_word' id='word_1_609' title='bbox 818 3734 871 3799; x_wconf 91' lang='lat' dir='ltr'><strong>cui</strong></span> <span class='ocrx_word' id='word_1_610' title='bbox 898 3753 964 3798; x_wconf 91' lang='lat' dir='ltr'><strong>non</strong></span> <span class='ocrx_word' id='word_1_611' title='bbox 991 3755 1107 3816; x_wconf 90' lang='lat' dir='ltr'><strong>parum</strong></span> <span class='ocrx_word' id='word_1_612' title='bbox 1129 3734 1264 3800; x_wconf 87' lang='lat' dir='ltr'><strong>accessit</strong></span> <span class='ocrx_word' id='word_1_613' title='bbox 1315 3732 1572 3799; x_wconf 85' lang='lat' dir='ltr'><strong>aedificationem</strong></span> <span class='ocrx_word' id='word_1_614' title='bbox 1594 3732 1815 3798; x_wconf 88' lang='lat' dir='ltr'><strong>ecclesiarum:</strong></span> <span class='ocrx_word' id='word_1_615' title='bbox 1844 3735 1880 3798; x_wconf 91' lang='lat' dir='ltr'><strong>in</strong></span> <span class='ocrx_word' id='word_1_616' title='bbox 1908 3753 1972 3818; x_wconf 90' lang='lat' dir='ltr'><strong>que</strong></span> <span class='ocrx_word' id='word_1_617' title='bbox 1998 3755 2113 3802; x_wconf 81' lang='lat' dir='ltr'><strong>vereor</strong></span> <span class='ocrx_word' id='word_1_618' title='bbox 2134 3757 2177 3800; x_wconf 92' lang='lat' dir='ltr'><strong>ne</strong></span> <span class='ocrx_word' id='word_1_619' title='bbox 2201 3759 2290 3803; x_wconf 91' lang='lat' dir='ltr'><strong>non-</strong></span> 
     </span>
     <span class='ocr_line' id='line_1_41' title="bbox 292 3817 2290 3904; baseline 0.002 -19"><span class='ocrx_word' id='word_1_620' title='bbox 292 3841 352 3904; x_wconf 90' lang='lat' dir='ltr'><strong>per</strong></span> <span class='ocrx_word' id='word_1_621' title='bbox 384 3817 560 3884; x_wconf 76' lang='lat' dir='ltr'><strong>advemum</strong></span> <span class='ocrx_word' id='word_1_622' title='bbox 594 3825 626 3883; x_wconf 92' lang='lat' dir='ltr'><strong>et</strong></span> <span class='ocrx_word' id='word_1_623' title='bbox 658 3817 802 3884; x_wconf 90' lang='lat' dir='ltr'><strong>laborem</strong></span> <span class='ocrx_word' id='word_1_624' title='bbox 825 3817 958 3884; x_wconf 80' lang='lat' dir='ltr'><strong>Caluini.</strong></span> <span class='ocrx_word' id='word_1_625' title='bbox 1003 3817 1070 3884; x_wconf 85' lang='lat' dir='ltr'><strong>Sed</strong></span> <span class='ocrx_word' id='word_1_626' title='bbox 1098 3841 1164 3884; x_wconf 92' lang='lat' dir='ltr'><strong>non</strong></span> <span class='ocrx_word' id='word_1_627' title='bbox 1194 3829 1263 3886; x_wconf 93' lang='lat' dir='ltr'><strong>tam</strong></span> <span class='ocrx_word' id='word_1_628' title='bbox 1314 3817 1398 3882; x_wconf 91' lang='lat' dir='ltr'><strong>nulli</strong></span> <span class='ocrx_word' id='word_1_629' title='bbox 1425 3825 1633 3901; x_wconf 88' lang='lat' dir='ltr'><strong>praepostero</strong></span> <span class='ocrx_word' id='word_1_630' title='bbox 1662 3819 1808 3883; x_wconf 85' lang='lat' dir='ltr'><strong>ferantur</strong></span> <span class='ocrx_word' id='word_1_631' title='bbox 1832 3819 1916 3900; x_wconf 83' lang='lat' dir='ltr'><strong>acle,</strong></span> <span class='ocrx_word' id='word_1_632' title='bbox 1946 3841 2017 3886; x_wconf 87' lang='lat' dir='ltr'><strong>sese</strong></span> <span class='ocrx_word' id='word_1_633' title='bbox 2044 3843 2119 3886; x_wconf 88' lang='lat' dir='ltr'><strong>curn</strong></span> <span class='ocrx_word' id='word_1_634' title='bbox 2147 3822 2224 3888; x_wconf 89' lang='lat' dir='ltr'><strong>aliis</strong></span> <span class='ocrx_word' id='word_1_635' title='bbox 2254 3825 2290 3889; x_wconf 92' lang='lat' dir='ltr'><strong>in</strong></span> 
     </span>
     <span class='ocr_line' id='line_1_42' title="bbox 291 3902 2288 3988; baseline 0.002 -18"><span class='ocrx_word' id='word_1_636' title='bbox 291 3905 385 3971; x_wconf 82' lang='lat' dir='ltr'><strong>facile</strong></span> <span class='ocrx_word' id='word_1_637' title='bbox 414 3904 478 3969; x_wconf 87' lang='lat' dir='ltr'><strong>illis</strong></span> <span class='ocrx_word' id='word_1_638' title='bbox 508 3911 558 3969; x_wconf 90' lang='lat' dir='ltr'><strong>cst</strong></span> <span class='ocrx_word' id='word_1_639' title='bbox 583 3903 764 3982; x_wconf 88' lang='lat' dir='ltr'><strong>aedificare,</strong></span> <span class='ocrx_word' id='word_1_640' title='bbox 797 3911 989 3986; x_wconf 90' lang='lat' dir='ltr'><strong>tantumque</strong></span> <span class='ocrx_word' id='word_1_641' title='bbox 1019 3925 1099 3988; x_wconf 90' lang='lat' dir='ltr'><strong>opus</strong></span> <span class='ocrx_word' id='word_1_642' title='bbox 1127 3905 1261 3988; x_wconf 87' lang='lat' dir='ltr'><strong>erigere,</strong></span> <span class='ocrx_word' id='word_1_643' title='bbox 1314 3903 1443 3968; x_wconf 90' lang='lat' dir='ltr'><strong>ruinam</strong></span> <span class='ocrx_word' id='word_1_644' title='bbox 1470 3903 1647 3969; x_wconf 87' lang='lat' dir='ltr'><strong>trahentes.</strong></span> <span class='ocrx_word' id='word_1_645' title='bbox 1692 3902 1782 3969; x_wconf 85' lang='lat' dir='ltr'><strong>Satis</strong></span> <span class='ocrx_word' id='word_1_646' title='bbox 1809 3913 1887 3969; x_wconf 91' lang='lat' dir='ltr'><strong>nota</strong></span> <span class='ocrx_word' id='word_1_647' title='bbox 1913 3915 1991 3970; x_wconf 90' lang='lat' dir='ltr'><strong>sunt</strong></span> <span class='ocrx_word' id='word_1_648' title='bbox 2017 3904 2143 3972; x_wconf 90' lang='lat' dir='ltr'><strong>Christi</strong></span> <span class='ocrx_word' id='word_1_649' title='bbox 2171 3910 2288 3988; x_wconf 91' lang='lat' dir='ltr'><strong>verba,</strong></span> 
     </span>
     <span class='ocr_line' id='line_1_43' title="bbox 293 3987 2289 4078; baseline 0.002 -23"><span class='ocrx_word' id='word_1_650' title='bbox 293 4012 390 4074; x_wconf 87' lang='lat' dir='ltr'><strong>quam</strong></span> <span class='ocrx_word' id='word_1_651' title='bbox 412 3989 475 4055; x_wconf 83' lang='lat' dir='ltr'><strong>fuit</strong></span> <span class='ocrx_word' id='word_1_652' title='bbox 497 3989 570 4055; x_wconf 91' lang='lat' dir='ltr'><strong>aliis</strong></span> <span class='ocrx_word' id='word_1_653' title='bbox 591 3989 684 4054; x_wconf 81' lang='lat' dir='ltr'><strong>facilc</strong></span> <span class='ocrx_word' id='word_1_654' title='bbox 706 3989 863 4054; x_wconf 86' lang='lat' dir='ltr'><strong>demoliri</strong></span> <span class='ocrx_word' id='word_1_655' title='bbox 897 3989 942 4053; x_wconf 84' lang='lat' dir='ltr'><strong>Et</strong></span> <span class='ocrx_word' id='word_1_656' title='bbox 961 3989 1262 4073; x_wconf 80' lang='lat' dir='ltr'><strong>quamvisSatanas</strong></span> <span class='ocrx_word' id='word_1_657' title='bbox 1314 3988 1399 4071; x_wconf 89' lang='lat' dir='ltr'><strong>quod</strong></span> <span class='ocrx_word' id='word_1_658' title='bbox 1421 3987 1586 4073; x_wconf 90' lang='lat' dir='ltr'><strong>perditum</strong></span> <span class='ocrx_word' id='word_1_659' title='bbox 1607 4011 1675 4053; x_wconf 90' lang='lat' dir='ltr'><strong>non</strong></span> <span class='ocrx_word' id='word_1_660' title='bbox 1697 3989 1824 4055; x_wconf 73' lang='lat' dir='ltr'><strong>venant</strong></span> <span class='ocrx_word' id='word_1_661' title='bbox 1844 3989 1902 4056; x_wconf 88' lang='lat' dir='ltr'><strong>sed</strong></span> <span class='ocrx_word' id='word_1_662' title='bbox 1923 3999 2098 4070; x_wconf 84' lang='lat' dir='ltr'><strong>servatum,</strong></span> <span class='ocrx_word' id='word_1_663' title='bbox 2121 4013 2198 4058; x_wconf 92' lang='lat' dir='ltr'><strong>cum</strong></span> <span class='ocrx_word' id='word_1_664' title='bbox 2222 4015 2289 4078; x_wconf 90' lang='lat' dir='ltr'><strong>qno</strong></span> 
     </span>
    </p>
   </div>
   <div class='ocr_carea' id='block_1_3' title="bbox 293 4073 2291 4224">
    <p class='ocr_par' dir='ltr' id='par_1_4' title="bbox 293 4073 2291 4224">
     <span class='ocr_line' id='line_1_44' title="bbox 293 4073 2291 4224; baseline 0.003 -84"><span class='ocrx_word' id='word_1_665' title='bbox 293 4078 402 4140; x_wconf 91' lang='lat' dir='ltr'><strong>omnia</strong></span> <span class='ocrx_word' id='word_1_666' title='bbox 424 4085 560 4140; x_wconf 81' lang='grc' dir='ltr'>εοιιειιιε</span> <span class='ocrx_word' id='word_1_667' title='bbox 582 4075 680 4140; x_wconf 81' lang='lat' dir='ltr'><strong>luerit</strong></span> <span class='ocrx_word' id='word_1_668' title='bbox 701 4073 858 4156; x_wconf 91' lang='lat' dir='ltr'><strong>dissipare</strong></span> <span class='ocrx_word' id='word_1_669' title='bbox 880 4083 913 4139; x_wconf 91' lang='grc' dir='ltr'><strong>ει</strong></span> <span class='ocrx_word' id='word_1_670' title='bbox 929 4073 1074 4158; x_wconf 90' lang='lat' dir='ltr'><strong>perdere,</strong></span> <span class='ocrx_word' id='word_1_671' title='bbox 1097 4085 1207 4140; x_wconf 89' lang='lat' dir='ltr'><strong>tamen</strong></span> <span class='ocrx_word' id='word_1_672' title='bbox 1227 4075 1262 4141; x_wconf 92' lang='lat' dir='ltr'><strong>id</strong></span> <span class='ocrx_word' id='word_1_673' title='bbox 1314 4074 1370 4224; x_wconf 47' lang='lat' dir='ltr'><strong>alui</strong></span> <span class='ocrx_word' id='word_1_674' title='bbox 1391 4095 1458 4138; x_wconf 93' lang='lat' dir='ltr'><strong>non</strong></span> <span class='ocrx_word' id='word_1_675' title='bbox 1480 4073 1603 4158; x_wconf 87' lang='lat' dir='ltr'><strong>colligit</strong></span> <span class='ocrx_word' id='word_1_676' title='bbox 1624 4073 1790 4158; x_wconf 88' lang='lat' dir='ltr'><strong>dispergit.</strong></span> <span class='ocrx_word' id='word_1_677' title='bbox 1826 4073 1913 4141; x_wconf 81' lang='lat' dir='ltr'><strong>Sane</strong></span> <span class='ocrx_word' id='word_1_678' title='bbox 1935 4097 2015 4160; x_wconf 91' lang='lat' dir='ltr'><strong>quos</strong></span> <span class='ocrx_word' id='word_1_679' title='bbox 2036 4077 2128 4142; x_wconf 90' lang='lat' dir='ltr'><strong>nobis</strong></span> <span class='ocrx_word' id='word_1_680' title='bbox 2150 4100 2291 4145; x_wconf 91' lang='lat' dir='ltr'><strong>concre-</strong></span> 
     </span>
    </p>
   </div>
   <div class='ocr_carea' id='block_1_4' title="bbox 289 4159 2291 5273">
    <p class='ocr_par' dir='ltr' id='par_1_5' title="bbox 289 4159 2291 5012">
     <span class='ocr_line' id='line_1_45' title="bbox 291 4159 1262 4244; baseline 0.001 -19"><span class='ocrx_word' id='word_1_681' title='bbox 291 4183 359 4225; x_wconf 91' lang='lat' dir='ltr'><strong>non</strong></span> <span class='ocrx_word' id='word_1_682' title='bbox 380 4161 485 4244; x_wconf 88' lang='lat' dir='ltr'><strong>potuit</strong></span> <span class='ocrx_word' id='word_1_683' title='bbox 506 4181 655 4244; x_wconf 91' lang='lat' dir='ltr'><strong>prorsus:</strong></span> <span class='ocrx_word' id='word_1_684' title='bbox 678 4180 806 4242; x_wconf 89' lang='lat' dir='ltr'><strong>semper</strong></span> <span class='ocrx_word' id='word_1_685' title='bbox 824 4160 911 4224; x_wconf 89' lang='lat' dir='ltr'><strong>enim</strong></span> <span class='ocrx_word' id='word_1_686' title='bbox 928 4159 1035 4226; x_wconf 87' lang='lat' dir='ltr'><strong>relicti</strong></span> <span class='ocrx_word' id='word_1_687' title='bbox 1052 4161 1184 4225; x_wconf 87' lang='lat' dir='ltr'><strong>fuerunt</strong></span> <span class='ocrx_word' id='word_1_688' title='bbox 1206 4163 1262 4244; x_wconf 93' lang='lat' dir='ltr'><strong>qui</strong></span> 
     </span>
     <span class='ocr_line' id='line_1_46' title="bbox 293 4245 2291 4330; baseline 0.003 -20"><span class='ocrx_word' id='word_1_689' title='bbox 293 4267 400 4330; x_wconf 90' lang='lat' dir='ltr'><strong>genua</strong></span> <span class='ocrx_word' id='word_1_690' title='bbox 426 4247 488 4330; x_wconf 90' lang='lat' dir='ltr'><strong>ipsi</strong></span> <span class='ocrx_word' id='word_1_691' title='bbox 511 4245 594 4310; x_wconf 88' lang='lat' dir='ltr'><strong>Baal</strong></span> <span class='ocrx_word' id='word_1_692' title='bbox 615 4267 681 4310; x_wconf 93' lang='lat' dir='ltr'><strong>non</strong></span> <span class='ocrx_word' id='word_1_693' title='bbox 702 4247 876 4323; x_wconf 83' lang='lat' dir='ltr'><strong>flexerunt,</strong></span> <span class='ocrx_word' id='word_1_694' title='bbox 905 4265 964 4311; x_wconf 90' lang='lat' dir='ltr'><strong>nec</strong></span> <span class='ocrx_word' id='word_1_695' title='bbox 990 4253 1167 4328; x_wconf 90' lang='lat' dir='ltr'><strong>potuerunt</strong></span> <span class='ocrx_word' id='word_1_696' title='bbox 1187 4267 1260 4330; x_wconf 89' lang='lat' dir='ltr'><strong>per·</strong></span> <span class='ocrx_word' id='word_1_697' title='bbox 1313 4255 1487 4310; x_wconf 83' lang='lat' dir='ltr'><strong>serventur</strong></span> <span class='ocrx_word' id='word_1_698' title='bbox 1509 4253 1543 4309; x_wconf 91' lang='lat' dir='ltr'><strong>et</strong></span> <span class='ocrx_word' id='word_1_699' title='bbox 1560 4267 1660 4310; x_wconf 91' lang='lat' dir='ltr'><strong>unum</strong></span> <span class='ocrx_word' id='word_1_700' title='bbox 1679 4246 1746 4310; x_wconf 92' lang='lat' dir='ltr'><strong>sint</strong></span> <span class='ocrx_word' id='word_1_701' title='bbox 1762 4245 1939 4325; x_wconf 89' lang='lat' dir='ltr'><strong>nobiscum,</strong></span> <span class='ocrx_word' id='word_1_702' title='bbox 1961 4247 2195 4314; x_wconf 88' lang='lat' dir='ltr'><strong>elaborandum</strong></span> <span class='ocrx_word' id='word_1_703' title='bbox 2219 4261 2291 4330; x_wconf 86' lang='lat' dir='ltr'><strong>est;</strong></span> 
     </span>
     <span class='ocr_line' id='line_1_47' title="bbox 293 4328 2290 4420; baseline 0.004 -26"><span class='ocrx_word' id='word_1_704' title='bbox 293 4329 380 4395; x_wconf 88' lang='lat' dir='ltr'><strong>trahi</strong></span> <span class='ocrx_word' id='word_1_705' title='bbox 401 4339 438 4394; x_wconf 94' lang='lat' dir='ltr'><strong>ut</strong></span> <span class='ocrx_word' id='word_1_706' title='bbox 457 4331 635 4414; x_wconf 90' lang='lat' dir='ltr'><strong>probarent</strong></span> <span class='ocrx_word' id='word_1_707' title='bbox 656 4329 747 4394; x_wconf 89' lang='lat' dir='ltr'><strong>illam</strong></span> <span class='ocrx_word' id='word_1_708' title='bbox 768 4331 918 4395; x_wconf 88' lang='lat' dir='ltr'><strong>insanam</strong></span> <span class='ocrx_word' id='word_1_709' title='bbox 942 4329 1073 4396; x_wconf 84' lang='lat' dir='ltr'><strong>vivendi</strong></span> <span class='ocrx_word' id='word_1_710' title='bbox 1100 4331 1260 4396; x_wconf 90' lang='lat' dir='ltr'><strong>rationem</strong></span> <span class='ocrx_word' id='word_1_711' title='bbox 1313 4328 1510 4412; x_wconf 89' lang='lat' dir='ltr'><strong>candideque</strong></span> <span class='ocrx_word' id='word_1_712' title='bbox 1532 4351 1641 4396; x_wconf 89' lang='lat' dir='ltr'><strong>coram</strong></span> <span class='ocrx_word' id='word_1_713' title='bbox 1652 4331 1724 4395; x_wconf 89' lang='lat' dir='ltr'><strong>Deo</strong></span> <span class='ocrx_word' id='word_1_714' title='bbox 1745 4331 1870 4416; x_wconf 89' lang='lat' dir='ltr'><strong>augelis</strong></span> <span class='ocrx_word' id='word_1_715' title='bbox 1887 4343 1920 4396; x_wconf 90' lang='lat' dir='ltr'><strong>et</strong></span> <span class='ocrx_word' id='word_1_716' title='bbox 1936 4332 2123 4398; x_wconf 89' lang='lat' dir='ltr'><strong>hominibus</strong></span> <span class='ocrx_word' id='word_1_717' title='bbox 2141 4345 2193 4400; x_wconf 87' lang='lat' dir='ltr'><strong>est</strong></span> <span class='ocrx_word' id='word_1_718' title='bbox 2210 4358 2290 4420; x_wconf 84' lang='lat' dir='ltr'><strong>per-</strong></span> 
     </span>
     <span class='ocr_line' id='line_1_48' title="bbox 292 4413 2291 4502; baseline 0.003 -22"><span class='ocrx_word' id='word_1_719' title='bbox 292 4417 329 4480; x_wconf 94' lang='lat' dir='ltr'><strong>in</strong></span> <span class='ocrx_word' id='word_1_720' title='bbox 352 4423 442 4478; x_wconf 87' lang='lat' dir='ltr'><strong>tanta</strong></span> <span class='ocrx_word' id='word_1_721' title='bbox 458 4417 589 4482; x_wconf 89' lang='lat' dir='ltr'><strong>licentia</strong></span> <span class='ocrx_word' id='word_1_722' title='bbox 609 4423 642 4480; x_wconf 88' lang='lat' dir='ltr'><strong>et</strong></span> <span class='ocrx_word' id='word_1_723' title='bbox 660 4416 864 4482; x_wconf 84' lang='lat' dir='ltr'><strong>scortationis</strong></span> <span class='ocrx_word' id='word_1_724' title='bbox 881 4423 915 4481; x_wconf 88' lang='lat' dir='ltr'><strong>et</strong></span> <span class='ocrx_word' id='word_1_725' title='bbox 931 4417 1107 4494; x_wconf 89' lang='lat' dir='ltr'><strong>ebrietatis,</strong></span> <span class='ocrx_word' id='word_1_726' title='bbox 1131 4417 1260 4500; x_wconf 84' lang='lat' dir='ltr'><strong>inques</strong></span> <span class='ocrx_word' id='word_1_727' title='bbox 1313 4413 1464 4499; x_wconf 88' lang='lat' dir='ltr'><strong>gendum,</strong></span> <span class='ocrx_word' id='word_1_728' title='bbox 1485 4435 1551 4480; x_wconf 90' lang='lat' dir='ltr'><strong>non</strong></span> <span class='ocrx_word' id='word_1_729' title='bbox 1574 4415 1693 4498; x_wconf 89' lang='lat' dir='ltr'><strong>duplici</strong></span> <span class='ocrx_word' id='word_1_730' title='bbox 1715 4417 1820 4494; x_wconf 89' lang='lat' dir='ltr'><strong>corde,</strong></span> <span class='ocrx_word' id='word_1_731' title='bbox 1843 4437 1910 4482; x_wconf 94' lang='lat' dir='ltr'><strong>non</strong></span> <span class='ocrx_word' id='word_1_732' title='bbox 1932 4439 2045 4502; x_wconf 90' lang='lat' dir='ltr'><strong>pressa</strong></span> <span class='ocrx_word' id='word_1_733' title='bbox 2065 4419 2156 4485; x_wconf 84' lang='lat' dir='ltr'><strong>intus</strong></span> <span class='ocrx_word' id='word_1_734' title='bbox 2177 4421 2291 4487; x_wconf 84' lang='lat' dir='ltr'><strong>multa</strong></span> 
     </span>
     <span class='ocr_line' id='line_1_49' title="bbox 293 4499 2290 4590; baseline 0.002 -23"><span class='ocrx_word' id='word_1_735' title='bbox 293 4521 311 4567; x_wconf 90' lang='lat' dir='ltr'><strong>e</strong></span> <span class='ocrx_word' id='word_1_736' title='bbox 333 4501 434 4566; x_wconf 86' lang='lat' dir='ltr'><strong>verbo</strong></span> <span class='ocrx_word' id='word_1_737' title='bbox 455 4501 589 4566; x_wconf 90' lang='lat' dir='ltr'><strong>Domini</strong></span> <span class='ocrx_word' id='word_1_738' title='bbox 611 4523 676 4566; x_wconf 92' lang='lat' dir='ltr'><strong>non</strong></span> <span class='ocrx_word' id='word_1_739' title='bbox 706 4503 785 4566; x_wconf 89' lang='lat' dir='ltr'><strong>satis</strong></span> <span class='ocrx_word' id='word_1_740' title='bbox 806 4521 826 4565; x_wconf 91' lang='lat' dir='ltr'><strong>a</strong></span> <span class='ocrx_word' id='word_1_741' title='bbox 847 4501 963 4584; x_wconf 92' lang='lat' dir='ltr'><strong>quibus</strong></span> <span class='ocrx_word' id='word_1_742' title='bbox 985 4501 1152 4585; x_wconf 88' lang='lat' dir='ltr'><strong>oportebat</strong></span> <span class='ocrx_word' id='word_1_743' title='bbox 1173 4501 1259 4568; x_wconf 90' lang='lat' dir='ltr'><strong>dice·</strong></span> <span class='ocrx_word' id='word_1_744' title='bbox 1312 4499 1490 4578; x_wconf 89' lang='lat' dir='ltr'><strong>iracundia,</strong></span> <span class='ocrx_word' id='word_1_745' title='bbox 1513 4522 1594 4583; x_wconf 89' lang='lat' dir='ltr'><strong>quae</strong></span> <span class='ocrx_word' id='word_1_746' title='bbox 1606 4521 1676 4565; x_wconf 90' lang='lat' dir='ltr'><strong>sese</strong></span> <span class='ocrx_word' id='word_1_747' title='bbox 1694 4511 1826 4567; x_wconf 88' lang='lat' dir='ltr'><strong>exserat</strong></span> <span class='ocrx_word' id='word_1_748' title='bbox 1845 4504 2003 4585; x_wconf 87' lang='lat' dir='ltr'><strong>protinus</strong></span> <span class='ocrx_word' id='word_1_749' title='bbox 2016 4502 2071 4569; x_wconf 93' lang='lat' dir='ltr'><strong>ubi</strong></span> <span class='ocrx_word' id='word_1_750' title='bbox 2083 4506 2204 4571; x_wconf 91' lang='lat' dir='ltr'><strong>rimula</strong></span> <span class='ocrx_word' id='word_1_751' title='bbox 2227 4529 2290 4590; x_wconf 84' lang='lat' dir='ltr'><strong>pa-</strong></span> 
     </span>
     <span class='ocr_line' id='line_1_50' title="bbox 290 4585 2290 4670; baseline 0.003 -18"><span class='ocrx_word' id='word_1_752' title='bbox 290 4585 403 4652; x_wconf 91' lang='lat' dir='ltr'><strong>batur:</strong></span> <span class='ocrx_word' id='word_1_753' title='bbox 438 4607 481 4651; x_wconf 89' lang='lat' dir='ltr'><strong>ns</strong></span> <span class='ocrx_word' id='word_1_754' title='bbox 512 4607 762 4652; x_wconf 87' lang='lat' dir='ltr'><strong>commemorem</strong></span> <span class='ocrx_word' id='word_1_755' title='bbox 794 4607 875 4670; x_wconf 90' lang='lat' dir='ltr'><strong>quae</strong></span> <span class='ocrx_word' id='word_1_756' title='bbox 908 4585 1088 4654; x_wconf 82' lang='lat' dir='ltr'><strong>audiverim</strong></span> <span class='ocrx_word' id='word_1_757' title='bbox 1127 4587 1260 4654; x_wconf 89' lang='lat' dir='ltr'><strong>laudata</strong></span> <span class='ocrx_word' id='word_1_758' title='bbox 1312 4593 1369 4664; x_wconf 89' lang='lat' dir='ltr'><strong>tet,</strong></span> <span class='ocrx_word' id='word_1_759' title='bbox 1392 4607 1456 4669; x_wconf 91' lang='lat' dir='ltr'><strong>qua</strong></span> <span class='ocrx_word' id='word_1_760' title='bbox 1477 4585 1639 4668; x_wconf 91' lang='lat' dir='ltr'><strong>possimus</strong></span> <span class='ocrx_word' id='word_1_761' title='bbox 1661 4588 1783 4653; x_wconf 87' lang='lat' dir='ltr'><strong>sanetis</strong></span> <span class='ocrx_word' id='word_1_762' title='bbox 1805 4589 1974 4654; x_wconf 87' lang='lat' dir='ltr'><strong>conatibus</strong></span> <span class='ocrx_word' id='word_1_763' title='bbox 1996 4589 2159 4669; x_wconf 86' lang='lat' dir='ltr'><strong>reluctari,</strong></span> <span class='ocrx_word' id='word_1_764' title='bbox 2189 4592 2290 4658; x_wconf 89' lang='lat' dir='ltr'><strong>nulla</strong></span> 
     </span>
     <span class='ocr_line' id='line_1_51' title="bbox 290 4670 2290 4758; baseline 0.003 -20"><span class='ocrx_word' id='word_1_765' title='bbox 290 4672 399 4738; x_wconf 85' lang='lat' dir='ltr'><strong>luisse.</strong></span> <span class='ocrx_word' id='word_1_766' title='bbox 433 4670 486 4735; x_wconf 92' lang='lat' dir='ltr'><strong>Ita</strong></span> <span class='ocrx_word' id='word_1_767' title='bbox 507 4693 594 4737; x_wconf 90' lang='lat' dir='ltr'><strong>nuno</strong></span> <span class='ocrx_word' id='word_1_768' title='bbox 610 4693 677 4738; x_wconf 92' lang='lat' dir='ltr'><strong>nen</strong></span> <span class='ocrx_word' id='word_1_769' title='bbox 698 4674 745 4738; x_wconf 93' lang='lat' dir='ltr'><strong>sic</strong></span> <span class='ocrx_word' id='word_1_770' title='bbox 766 4693 879 4736; x_wconf 88' lang='lat' dir='ltr'><strong>rursus</strong></span> <span class='ocrx_word' id='word_1_771' title='bbox 896 4671 1059 4740; x_wconf 88' lang='lat' dir='ltr'><strong>aedificari</strong></span> <span class='ocrx_word' id='word_1_772' title='bbox 1080 4681 1114 4738; x_wconf 91' lang='lat' dir='ltr'><strong>et</strong></span> <span class='ocrx_word' id='word_1_773' title='bbox 1132 4673 1259 4739; x_wconf 84' lang='lat' dir='ltr'><strong>instau·</strong></span> <span class='ocrx_word' id='word_1_774' title='bbox 1311 4671 1375 4736; x_wconf 91' lang='lat' dir='ltr'><strong>Dci</strong></span> <span class='ocrx_word' id='word_1_775' title='bbox 1394 4691 1499 4754; x_wconf 89' lang='lat' dir='ltr'><strong>neque</strong></span> <span class='ocrx_word' id='word_1_776' title='bbox 1521 4671 1673 4738; x_wconf 88' lang='lat' dir='ltr'><strong>ecelesiae</strong></span> <span class='ocrx_word' id='word_1_777' title='bbox 1690 4673 1802 4738; x_wconf 88' lang='lat' dir='ltr'><strong>habita</strong></span> <span class='ocrx_word' id='word_1_778' title='bbox 1821 4674 1954 4739; x_wconf 86' lang='lat' dir='ltr'><strong>ratione.</strong></span> <span class='ocrx_word' id='word_1_779' title='bbox 1991 4674 2137 4758; x_wconf 88' lang='lat' dir='ltr'><strong>Oquam</strong></span> <span class='ocrx_word' id='word_1_780' title='bbox 2156 4679 2290 4743; x_wconf 92' lang='lat' dir='ltr'><strong>malum</strong></span> 
     </span>
     <span class='ocr_line' id='line_1_52' title="bbox 289 4757 2290 4844; baseline 0.002 -20"><span class='ocrx_word' id='word_1_781' title='bbox 289 4759 358 4824; x_wconf 89' lang='lat' dir='ltr'><strong>rari</strong></span> <span class='ocrx_word' id='word_1_782' title='bbox 380 4765 517 4839; x_wconf 91' lang='lat' dir='ltr'><strong>possunt</strong></span> <span class='ocrx_word' id='word_1_783' title='bbox 538 4759 654 4836; x_wconf 90' lang='lat' dir='ltr'><strong>omnia,</strong></span> <span class='ocrx_word' id='word_1_784' title='bbox 678 4759 758 4842; x_wconf 91' lang='lat' dir='ltr'><strong>quin</strong></span> <span class='ocrx_word' id='word_1_785' title='bbox 779 4759 893 4823; x_wconf 91' lang='lat' dir='ltr'><strong>ruinae</strong></span> <span class='ocrx_word' id='word_1_786' title='bbox 915 4757 1075 4844; x_wconf 81' lang='lat' dir='ltr'><strong>lacrymas</strong></span> <span class='ocrx_word' id='word_1_787' title='bbox 1097 4769 1258 4838; x_wconf 84' lang='lat' dir='ltr'><strong>moveant,</strong></span> <span class='ocrx_word' id='word_1_788' title='bbox 1311 4765 1362 4823; x_wconf 89' lang='lat' dir='ltr'><strong>est</strong></span> <span class='ocrx_word' id='word_1_789' title='bbox 1383 4757 1517 4839; x_wconf 87' lang='lat' dir='ltr'><strong>plausus</strong></span> <span class='ocrx_word' id='word_1_790' title='bbox 1539 4757 1649 4842; x_wconf 90' lang='lat' dir='ltr'><strong>populi</strong></span> <span class='ocrx_word' id='word_1_791' title='bbox 1671 4779 1834 4840; x_wconf 89' lang='lat' dir='ltr'><strong>quaerere.</strong></span> <span class='ocrx_word' id='word_1_792' title='bbox 1878 4757 1945 4824; x_wconf 85' lang='lat' dir='ltr'><strong>Sed</strong></span> <span class='ocrx_word' id='word_1_793' title='bbox 1967 4759 2068 4844; x_wconf 84' lang='lat' dir='ltr'><strong>quid?</strong></span> <span class='ocrx_word' id='word_1_794' title='bbox 2106 4761 2181 4828; x_wconf 92' lang='lat' dir='ltr'><strong>Non</strong></span> <span class='ocrx_word' id='word_1_795' title='bbox 2203 4764 2290 4828; x_wconf 90' lang='lat' dir='ltr'><strong>eoli-</strong></span> 
     </span>
     <span class='ocr_line' id='line_1_53' title="bbox 291 4839 2290 4928; baseline 0.004 -20"><span class='ocrx_word' id='word_1_796' title='bbox 291 4844 332 4908; x_wconf 90' lang='lat' dir='ltr'><strong>iis</strong></span> <span class='ocrx_word' id='word_1_797' title='bbox 353 4841 409 4926; x_wconf 94' lang='lat' dir='ltr'><strong>qui</strong></span> <span class='ocrx_word' id='word_1_798' title='bbox 431 4839 585 4907; x_wconf 88' lang='lat' dir='ltr'><strong>viderunt</strong></span> <span class='ocrx_word' id='word_1_799' title='bbox 605 4851 692 4908; x_wconf 92' lang='lat' dir='ltr'><strong>stare</strong></span> <span class='ocrx_word' id='word_1_800' title='bbox 713 4843 790 4908; x_wconf 93' lang='lat' dir='ltr'><strong>olim</strong></span> <span class='ocrx_word' id='word_1_801' title='bbox 812 4864 894 4927; x_wconf 91' lang='lat' dir='ltr'><strong>quae</strong></span> <span class='ocrx_word' id='word_1_802' title='bbox 916 4865 1003 4909; x_wconf 91' lang='lat' dir='ltr'><strong>nunc</strong></span> <span class='ocrx_word' id='word_1_803' title='bbox 1024 4844 1259 4927; x_wconf 90' lang='lat' dir='ltr'><strong>propemodum</strong></span> <span class='ocrx_word' id='word_1_804' title='bbox 1310 4863 1385 4908; x_wconf 91' lang='lat' dir='ltr'><strong>mus</strong></span> <span class='ocrx_word' id='word_1_805' title='bbox 1413 4842 1466 4907; x_wconf 91' lang='lat' dir='ltr'><strong>hic</strong></span> <span class='ocrx_word' id='word_1_806' title='bbox 1496 4863 1590 4926; x_wconf 91' lang='lat' dir='ltr'><strong>agros</strong></span> <span class='ocrx_word' id='word_1_807' title='bbox 1618 4845 1688 4909; x_wconf 86' lang='lat' dir='ltr'><strong>sine</strong></span> <span class='ocrx_word' id='word_1_808' title='bbox 1716 4845 1829 4926; x_wconf 91' lang='lat' dir='ltr'><strong>spinis,</strong></span> <span class='ocrx_word' id='word_1_809' title='bbox 1862 4865 1941 4928; x_wconf 90' lang='lat' dir='ltr'><strong>quas</strong></span> <span class='ocrx_word' id='word_1_810' title='bbox 1970 4846 2132 4913; x_wconf 86' lang='lat' dir='ltr'><strong>Dominus</strong></span> <span class='ocrx_word' id='word_1_811' title='bbox 2160 4849 2290 4914; x_wconf 84' lang='lat' dir='ltr'><strong>evellat</strong></span> 
     </span>
     <span class='ocr_line' id='line_1_54' title="bbox 291 4927 1853 5012; baseline 0.002 -20"><span class='ocrx_word' id='word_1_812' title='bbox 291 4929 406 4994; x_wconf 85' lang='lat' dir='ltr'><strong>iacent</strong></span> <span class='ocrx_word' id='word_1_813' title='bbox 451 4927 481 4993; x_wconf 94' lang='lat'>0</span> <span class='ocrx_word' id='word_1_814' title='bbox 513 4947 612 5010; x_wconf 90' lang='lat' dir='ltr'><strong>quum</strong></span> <span class='ocrx_word' id='word_1_815' title='bbox 643 4937 822 5010; x_wconf 87' lang='lat' dir='ltr'><strong>praestaret</strong></span> <span class='ocrx_word' id='word_1_816' title='bbox 860 4949 1028 5012; x_wconf 91' lang='lat' dir='ltr'><strong>nunquam</strong></span> <span class='ocrx_word' id='word_1_817' title='bbox 1064 4939 1156 4995; x_wconf 88' lang='lat' dir='ltr'><strong>natos</strong></span> <span class='ocrx_word' id='word_1_818' title='bbox 1188 4951 1259 4996; x_wconf 90' lang='lat' dir='ltr'><strong>esse</strong></span> <span class='ocrx_word' id='word_1_819' title='bbox 1309 4949 1442 5012; x_wconf 90' lang='lat' dir='ltr'><strong>prorsus</strong></span> <span class='ocrx_word' id='word_1_820' title='bbox 1463 4950 1504 4994; x_wconf 88' lang='lat' dir='ltr'><strong>ex</strong></span> <span class='ocrx_word' id='word_1_821' title='bbox 1526 4929 1670 4994; x_wconf 90' lang='lat' dir='ltr'><strong>omnium</strong></span> <span class='ocrx_word' id='word_1_822' title='bbox 1693 4927 1853 4996; x_wconf 91' lang='lat' dir='ltr'><strong>cordibus.</strong></span> 
     </span>
    </p>

    <p class='ocr_par' dir='ltr' id='par_1_6' title="bbox 291 5011 2291 5273">
     <span class='ocr_line' id='line_1_55' title="bbox 291 5011 2290 5098; baseline 0.004 -20"><span class='ocrx_word' id='word_1_823' title='bbox 291 5021 361 5078; x_wconf 89' lang='lat' dir='ltr'><strong>tam</strong></span> <span class='ocrx_word' id='word_1_824' title='bbox 383 5014 529 5098; x_wconf 89' lang='lat' dir='ltr'><strong>impuros</strong></span> <span class='ocrx_word' id='word_1_825' title='bbox 550 5011 704 5078; x_wconf 87' lang='lat' dir='ltr'><strong>ecclesiae</strong></span> <span class='ocrx_word' id='word_1_826' title='bbox 725 5035 901 5094; x_wconf 82' lang='lat' dir='ltr'><strong>eversores,</strong></span> <span class='ocrx_word' id='word_1_827' title='bbox 925 5013 983 5098; x_wconf 91' lang='lat' dir='ltr'><strong>qui</strong></span> <span class='ocrx_word' id='word_1_828' title='bbox 1003 5035 1069 5080; x_wconf 90' lang='lat' dir='ltr'><strong>non</strong></span> <span class='ocrx_word' id='word_1_829' title='bbox 1086 5016 1259 5081; x_wconf 89' lang='lat' dir='ltr'><strong>attendunt</strong></span> <span class='ocrx_word' id='word_1_830' title='bbox 1393 5013 1544 5079; x_wconf 84' lang='lat' dir='ltr'><strong>Alterum</strong></span> <span class='ocrx_word' id='word_1_831' title='bbox 1566 5023 1616 5080; x_wconf 91' lang='lat' dir='ltr'><strong>est</strong></span> <span class='ocrx_word' id='word_1_832' title='bbox 1642 5015 1729 5098; x_wconf 91' lang='lat' dir='ltr'><strong>quod</strong></span> <span class='ocrx_word' id='word_1_833' title='bbox 1757 5037 1814 5082; x_wconf 85' lang='lat' dir='ltr'><strong>vos</strong></span> <span class='ocrx_word' id='word_1_834' title='bbox 1841 5017 2017 5084; x_wconf 87' lang='lat' dir='ltr'><strong>obtestatos</strong></span> <span class='ocrx_word' id='word_1_835' title='bbox 2039 5017 2141 5083; x_wconf 87' lang='lat' dir='ltr'><strong>velim</strong></span> <span class='ocrx_word' id='word_1_836' title='bbox 2161 5027 2201 5084; x_wconf 90' lang='lat' dir='ltr'><strong>nt</strong></span> <span class='ocrx_word' id='word_1_837' title='bbox 2226 5043 2290 5086; x_wconf 88' lang='lat' dir='ltr'><strong>cn·</strong></span> 
     </span>
     <span class='ocr_line' id='line_1_56' title="bbox 292 5099 2290 5187; baseline 0.004 -25"><span class='ocrx_word' id='word_1_838' title='bbox 292 5107 413 5180; x_wconf 87' lang='lat' dir='ltr'><strong>quante</strong></span> <span class='ocrx_word' id='word_1_839' title='bbox 434 5119 509 5164; x_wconf 92' lang='lat' dir='ltr'><strong>cum</strong></span> <span class='ocrx_word' id='word_1_840' title='bbox 533 5099 648 5163; x_wconf 90' lang='lat' dir='ltr'><strong>timore</strong></span> <span class='ocrx_word' id='word_1_841' title='bbox 670 5099 866 5164; x_wconf 88' lang='lat' dir='ltr'><strong>versandum</strong></span> <span class='ocrx_word' id='word_1_842' title='bbox 888 5099 932 5164; x_wconf 92' lang='lat' dir='ltr'><strong>sit</strong></span> <span class='ocrx_word' id='word_1_843' title='bbox 953 5099 988 5164; x_wconf 93' lang='lat' dir='ltr'><strong>in</strong></span> <span class='ocrx_word' id='word_1_844' title='bbox 1006 5120 1103 5182; x_wconf 90' lang='lat' dir='ltr'><strong>opere</strong></span> <span class='ocrx_word' id='word_1_845' title='bbox 1114 5101 1257 5179; x_wconf 92' lang='lat' dir='ltr'><strong>Domini,</strong></span> <span class='ocrx_word' id='word_1_846' title='bbox 1310 5101 1399 5179; x_wconf 89' lang='lat' dir='ltr'><strong>retis,</strong></span> <span class='ocrx_word' id='word_1_847' title='bbox 1429 5105 1463 5164; x_wconf 90' lang='lat' dir='ltr'><strong>et</strong></span> <span class='ocrx_word' id='word_1_848' title='bbox 1490 5106 1528 5163; x_wconf 93' lang='lat' dir='ltr'><strong>ut</strong></span> <span class='ocrx_word' id='word_1_849' title='bbox 1549 5100 1760 5184; x_wconf 86' lang='lat' dir='ltr'><strong>magistratus</strong></span> <span class='ocrx_word' id='word_1_850' title='bbox 1787 5104 1850 5166; x_wconf 88' lang='lat' dir='ltr'><strong>iste</strong></span> <span class='ocrx_word' id='word_1_851' title='bbox 1869 5111 1962 5168; x_wconf 90' lang='lat' dir='ltr'><strong>curet</strong></span> <span class='ocrx_word' id='word_1_852' title='bbox 1982 5124 2109 5187; x_wconf 89' lang='lat' dir='ltr'><strong>quoque</strong></span> <span class='ocrx_word' id='word_1_853' title='bbox 2130 5126 2188 5186; x_wconf 86' lang='lat' dir='ltr'><strong>per</strong></span> <span class='ocrx_word' id='word_1_854' title='bbox 2210 5104 2290 5171; x_wconf 94' lang='lat' dir='ltr'><strong>Do-</strong></span> 
     </span>
     <span class='ocr_line' id='line_1_57' title="bbox 291 5182 2291 5273; baseline 0.004 -25"><span class='ocrx_word' id='word_1_855' title='bbox 291 5191 326 5248; x_wconf 90' lang='lat' dir='ltr'><strong>et</strong></span> <span class='ocrx_word' id='word_1_856' title='bbox 347 5205 444 5268; x_wconf 89' lang='lat' dir='ltr'><strong>quam</strong></span> <span class='ocrx_word' id='word_1_857' title='bbox 466 5183 640 5268; x_wconf 86' lang='lat' dir='ltr'><strong>diligenter</strong></span> <span class='ocrx_word' id='word_1_858' title='bbox 660 5182 838 5249; x_wconf 80' lang='lat' dir='ltr'><strong>videndum</strong></span> <span class='ocrx_word' id='word_1_859' title='bbox 867 5186 910 5250; x_wconf 92' lang='lat' dir='ltr'><strong>sit</strong></span> <span class='ocrx_word' id='word_1_860' title='bbox 937 5207 980 5252; x_wconf 91' lang='lat' dir='ltr'><strong>no</strong></span> <span class='ocrx_word' id='word_1_861' title='bbox 1006 5186 1084 5268; x_wconf 90' lang='lat' dir='ltr'><strong>quid</strong></span> <span class='ocrx_word' id='word_1_862' title='bbox 1110 5185 1259 5252; x_wconf 88' lang='lat' dir='ltr'><strong>diruatur</strong></span> <span class='ocrx_word' id='word_1_863' title='bbox 1309 5187 1445 5263; x_wconf 90' lang='lat' dir='ltr'><strong>minum,</strong></span> <span class='ocrx_word' id='word_1_864' title='bbox 1474 5205 1592 5268; x_wconf 88' lang='lat' dir='ltr'><strong>nempe</strong></span> <span class='ocrx_word' id='word_1_865' title='bbox 1618 5184 1786 5252; x_wconf 87' lang='lat' dir='ltr'><strong>dissidium</strong></span> <span class='ocrx_word' id='word_1_866' title='bbox 1813 5187 1894 5252; x_wconf 92' lang='lat' dir='ltr'><strong>illud</strong></span> <span class='ocrx_word' id='word_1_867' title='bbox 1917 5197 1985 5253; x_wconf 88' lang='lat' dir='ltr'><strong>tam</strong></span> <span class='ocrx_word' id='word_1_868' title='bbox 2006 5191 2227 5273; x_wconf 89' lang='lat' dir='ltr'><strong>perniciosum</strong></span> <span class='ocrx_word' id='word_1_869' title='bbox 2252 5199 2291 5256; x_wconf 91' lang='lat' dir='ltr'><strong>et</strong></span> 
     </span>
    </p>
   </div>
   <div class='ocr_carea' id='block_1_5' title="bbox 1338 4157 2291 4246">
    <p class='ocr_par' dir='ltr' id='par_1_7' title="bbox 1338 4157 2291 4246">
     <span class='ocr_line' id='line_1_58' title="bbox 1338 4157 2291 4246; baseline 0.005 -22"><span class='ocrx_word' id='word_1_870' title='bbox 1338 4157 1396 4224; x_wconf 85' lang='lat' dir='ltr'><strong>&#39;dit</strong></span> <span class='ocrx_word' id='word_1_871' title='bbox 1417 4160 1579 4225; x_wconf 91' lang='lat' dir='ltr'><strong>Dominus</strong></span> <span class='ocrx_word' id='word_1_872' title='bbox 1606 4169 1639 4224; x_wconf 89' lang='lat' dir='ltr'><strong>et</strong></span> <span class='ocrx_word' id='word_1_873' title='bbox 1667 4159 1759 4225; x_wconf 88' lang='lat' dir='ltr'><strong>uobis</strong></span> <span class='ocrx_word' id='word_1_874' title='bbox 1785 4161 1964 4240; x_wconf 83' lang='lat' dir='ltr'><strong>coniunxit,</strong></span> <span class='ocrx_word' id='word_1_875' title='bbox 1993 4183 2051 4246; x_wconf 92' lang='lat' dir='ltr'><strong>pro</strong></span> <span class='ocrx_word' id='word_1_876' title='bbox 2079 4163 2219 4244; x_wconf 80' lang='lat' dir='ltr'><strong>viribus,</strong></span> <span class='ocrx_word' id='word_1_877' title='bbox 2251 4173 2291 4231; x_wconf 92' lang='lat' dir='ltr'><strong>nt</strong></span> 
     </span>
    </p>
   </div>
   <div class='ocr_carea' id='block_1_6' title="bbox 0 0 2438 5968">
    <p class='ocr_par' dir='ltr' id='par_1_8' title="bbox 0 0 2438 5968">
     <span class='ocr_line' id='line_1_59' title="bbox 0 0 2438 5968; baseline 0 0"><span class='ocrx_word' id='word_1_878' title='bbox 0 0 2438 5968; x_wconf 95' lang='lat' dir='ltr'><strong> </strong></span> 
     </span>
    </p>
   </div>
  </div>
 </body>
</html>
