4898 5970
300 297 361 362 7⁷1
768 349 770 354 .
1072 289 1335 360 EPISsohnls
1357 293 1526 355 585-586
2234 287 2296 350 7‘12

401 481 486 554 tanti
507 479 589 558 viri,
615 479 793 560 interpres,
822 477 979 544 nimirum
999 478 1272 545 coniunctionem.
1323 477 1439 555 viden,
1476 476 1694 557 (lenonium,
1728 497 1803 546 cum
1836 478 1910 545 oliis
1942 477 2014 561 piis.
2061 475 2216 544 Noooomi
2245 477 2297 542 23.

299 503 453 650 bbdequo
473 563 648 648 supercilio
664 561 766 629 haec?
798 562 865 630 Hic
883 563 966 629 nihil
983 561 1089 629 dicem
1107 571 1144 629 ut
1160 561 1273 630 videar
1323 561 1521 629 Novembris
1546 562 1672 646 lew)

299 653 468 720 affectibus
487 650 668 734 indulgere,
696 655 731 714 et
752 670 805 716 res
825 649 897 732 ipsa
917 648 1070 732 loquatur
1091 647 1132 714 de
1152 649 1273 716 iudicio

300 734 715 804 conmonuemus
747 735 818 800 vm.
867 735 950 800 uox
980 735 1076 818 peon
1104 735 1273 801 serarum
1841 699 1993 766 F⁸¹⁶¹¹¹¹⁸
2014 707 2091 764 ‘¹¹³⁸
2111 705 2211 764 wim-

300 821 469 905 exemplar
500 828 535 887 et
565 841 637 888 sese
663 840 899 904 responsurum
932 820 1116 887 affirmavit
1160 819 1273 886 Habui

299 909 479 974 orationem
507 905 548 974 de
575 927 655 991 poce
683 915 716 972 et
743 906 890 984 caritate,
919 905 960 972 de
985 927 1054 971 non
1085 905 1272 972 insultando
1706 957 1914 968 ..--..-..

299 993 395 1060 fratri
416 1014 521 1076 neque
542 989 708 1077 perdendo
737 991 860 1075 aliquo,
891 990 932 1057 de
953 993 1099 1058 omnium
1122 991 1272 1058 aedifica·

300 1079 397 1146 tione.
433 1077 545 1160 Quum
567 1079 701 1142 minime
722 1077 806 1142 mihi
825 1077 980 1161 placeam,
1004 1085 1038 1142 et
1058 1077 1143 1142 nulli
1163 1077 1273 1143 minus

301 1164 504 1314 quemnam}
523 1163 872 1313 ειιιίεῐίιοιὶῐιζιιιέιὶιιιιιιιιιιζ1
880 1162 935 1229 hic
955 1171 1173 1313 nonrpontosrm
1194 1161 1274 1313 clip·
1771 1141 1847 1213 53⁶·

300 1269 446 1401 snn
467 1332 827 1418 s
844 1270 927 1417 ,n
940 1269 1025 1400 us
1046 1270 1275 1418 disson
1521 1295 1755 1365 onnus
1778 1294 2095 1364 nanneno-

300 1441 442 1486 movorc.
487 1418 555 1486 Sed
576 1440 681 1503 neque
701 1427 779 1485 tuae
800 1419 931 1500 literae,
958 1419 1078 1503 quibus
1098 1421 1163 1486 nisi
1185 1420 1274 1485 iura·

301 1505 450 1571 tissimus
470 1504 596 1572 Christi
617 1505 721 1572 hostis
742 1526 809 1570 non
828 1513 936 1589 potest
956 1527 1022 1570 non
1044 1505 1212 1584 assentiri,
1242 1511 1275 1570 et

302 1612 358 1656 eas
379 1612 447 1656 non
468 1592 617 1673 excipere
639 1599 677 1655 ut
697 1613 739 1656 ex
761 1591 922 1670 Domino,
951 1611 1058 1674 neque
1083 1591 1187 1656 oratic
1215 1589 1274 1654 ha-

301 1677 380 1754 bits,
402 1697 479 1741 eum
502 1677 554 1743 vol
575 1675 742 1742 tantillum
768 1683 951 1742 moverunt.
995 1677 1160 1742 Dominus
1180 1676 1275 1741 Iesus

302 1761 472 1828 ecclesiam
494 1783 588 1828 suam
608 1763 789 1841 intueatur,
820 1760 938 1845 detque
967 1770 1005 1827 ut
1027 1763 1081 1845 qui
1104 1761 1276 1828 decentet

303 1868 384 1913 vere
415 1867 452 1913 ac
490 1868 574 1930 puro
606 1847 745 1913 doceant
775 1854 808 1912 et
839 1847 908 1914 vita
939 1847 1108 1930 inculpata
1145 1847 1274 1931 plebem

302 1931 427 1998 Ohristi
449 1934 608 2016 sunguine
630 1941 772 2015 emptam
793 1933 951 2012 formant,
978 1933 1219 2000 lucrifaciendis
1241 1940 1275 1997 et

1410 1465 1462 1534 De
1482 1467 1575 1534 rebam
1597 1467 1851 1534 Ncoccmencinm
1879 1466 2116 1550 dOopnnmlo.
2162 1466 2215 1533 De
2231 1467 2300 1550 piis

1323 1551 1480 1635 fratribus
1499 1555 1535 1620 in
1561 1552 1731 1620 Provincia
1759 1573 1842 1618 conc
1862 1553 2072 1636 promissione
2099 1553 2230 1637 indipnc
2250 1553 2300 1617 de·

1325 1638 1407 1704 lusis
1428 1643 1456 1704 et
1476 1640 1560 1705 nani
1576 1638 1682 1705 stadio
1703 1638 1901 1704 ediscendis.
1935 1638 1986 1705 De
2008 1637 2139 1704 Latteri
2155 1639 2298 1705 recentis

1325 1725 1409 1790 sima
1425 1725 1577 1877 inceggcc
1594 1725 1716 1790 silentio
1732 1725 1840 1806 potins
1860 1723 2037 1807 sepelienda
2058 1743 2154 1807 quom
2171 1723 2299 1808 scriptis

1324 1829 1495 1892 compescen
1542 1858 1549 1872 .

1326 1979 1382 2045 (Ex
1399 1997 1501 2050 apogrc
1520 1981 1556 2034 bo
1573 1981 1662 2034 Besae
1679 1997 1761 2034 monn
1778 1980 1831 2033 nisi
1847 1979 1967 2033 fallimur
1984 1981 2036 2033 scri
2056 1985 2086 2034 tc
2102 1982 2131 2033 in
2149 1979 2215 2034 (lod.
2232 1979 2297 2036 Gen.

302 2037 368 2082 non
389 2017 563 2102 perdendis
585 2019 735 2084 Omnibus
751 2018 951 2084 incumbant.
996 2017 1064 2084 sed
1085 2019 1167 2084 haec
1187 2018 1274 2084 leviti
1327 2047 1384 2117 106,
1401 2049 1446 2102 sol¹
1465 1997 1524 2102 ng·
1544 2077 1577 2088 ,,,
1595 2049 1678 2102 Edit,
1694 2055 1736 2102 est
1753 2050 1781 2102 ju
1800 2049 1953 2104 edflenev.
1964 2065 1996 2171 ξ
2016 2049 2031 2102 3
2050 2061 2075 2114 ι,
2093 2049 2175 2102 Lm·
2192 2066 2221 2119 p·
2240 2047 2299 2112 112

300 2111 378 2169 sunt
409 2104 437 2168 si
466 2104 539 2168 aliis
559 2111 794 2188 componentur
821 2103 861 2169 de
889 2104 1006 2187 quibus
1033 2103 1161 2182 scribis,
1191 2124 1274 2187 quae
1325 2117 1431 2172 Hauon
1448 2135 1475 2188 p.
1495 2117 1552 2184 125,
1572 2117 1676 2172 chouet
1693 2133 1719 2187 p.
1737 2116 1796 2184 624,
1814 2119 1902 2173 Amet.
1913 2133 1946 2240 p.
1981 2116 2024 2171 39.
2059 2117 2162 2172 caules
2180 2117 2223 2172 ed
2242 2118 2297 2172 σοι

300 2189 423 2253 iratum
445 2187 554 2254 Deum
576 2189 673 2271 plane
694 2189 850 2268 indicunt,
873 2210 974 2272 quum
995 2197 1064 2253 tam
1084 2189 1275 2254 immaniter
1547 2203 1573 2256 P·
1593 2185 1636 2240 ⁶¹·
1671 2187 1787 2256 Angues
1804 2203 1848 2256 ψ·
1867 2187 1911 2240 Β··
1934 2184 2074 2252 ·1·405·l

301 2273 456 2357 utrinque
483 2275 608 2342 affectis
636 2274 726 2358 leges
756 2274 917 2354 caritatis,
947 2274 1065 2358 quibus
1093 2295 1205 2340 omncs
1233 2273 1274 2339 de

301 2359 449 2425 hostibus
468 2360 551 2424 bene
567 2361 685 2425 mereri
708 2367 871 2438 tenentur,
894 2359 948 2424 hic
969 2360 1144 2438 violentur,
1167 2369 1203 2424 et
1221 2360 1273 2424 in-
1410 2358 1463 2423 Ab
1485 2357 1547 2423 hoc
1573 2357 1691 2436 fratre,
1719 2359 1773 2440 qui
1802 2377 1894 2422 meas
1922 2356 1984 2422 tibi
2010 2356 2124 2423 literas
2145 2355 2297 2434 reddidit,

301 2451 352 2509 ter
379 2444 497 2510 iratres
526 2467 590 2528 qua
617 2445 720 2528 possit
745 2445 872 2509 ratione
899 2445 983 2512 effici
1005 2452 1044 2510 ut
1066 2447 1160 2528 aequi
1181 2445 1273 2511 boni-
1325 2451 1516 2508 coronatum
1554 2452 1587 2509 et
1624 2440 1705 2508 duos
1744 2441 1901 2526 capitatos
1939 2449 2111 2526 argenteos
2150 2443 2296 2526 accipies.

301 2549 364 2612 que
384 2550 461 2612 pars
480 2529 589 2613 aliqua
605 2530 808 2614 impetretur,
830 2551 897 2595 non
917 2531 1019 2596 video.
1052 2531 1126 2598 Hoc
1142 2538 1273 2596 tantum
1325 2527 1417 2594 Haec
1438 2528 1527 2594 enim
1548 2550 1692 2608 summa,
1722 2529 1787 2594 nisi
1814 2527 1971 2594 memoria
1992 2547 2045 2594 me
2065 2527 2166 2606 fallit,
2194 2536 2296 2594 rests·

302 2621 449 2696 superest
469 2621 507 2679 ut
527 2615 677 2698 precibus
699 2635 842 2699 agsmm.
1324 2613 1388 2680 bat.
1404 2611 1428 2700 ¹)
1471 2615 1554 2680 Peto
1583 2623 1631 2680 ut*
1649 2635 1702 2680 me
1731 2621 1923 2680 excusatum
1951 2612 2088 2692 habens,
2117 2613 2206 2698 quod
2231 2635 2297 2679 non

386 2701 439 2764 Dc
465 2699 705 2783 Metensibus⁶)
735 2707 767 2766 te
795 2720 913 2785 quaeso
938 2709 1074 2786 propter
1101 2701 1274 2768 Christum
1324 2699 1420 2766 citius
1447 2700 1604 2766 miserim.
1656 2697 1832 2766 (laetarum
1860 2721 1926 2782 quc
1953 2697 1994 2764 de
2022 2719 2120 2764 causa
2148 2701 2297 2766 mittatur

301 2791 347 2864 ut,
365 2784 394 2850 si
416 2805 480 2868 qua
500 2785 601 2867 possit
621 2786 687 2852 illis
704 2786 761 2852 via
782 2787 937 2866 succurri,
960 2787 1036 2854 totis
1053 2788 1179 2854 viribus
1196 2807 1272 2854 con·
1323 2785 1410 2852 istuc
1431 2785 1533 2851 frater
1554 2785 1608 2854 hio
1630 2807 1650 2850 a
1670 2784 1960 2862 Neocomensibus,
1989 2783 2060 2867 ipse
2081 2805 2192 2851 coram
2214 2785 2297 2852 refe·

300 2869 434 2949 tendas,
464 2877 497 2935 et
525 2870 598 2934 aliis
619 2873 664 2936 sis
686 2871 834 2938 hortator
861 2879 899 2938 ut
924 2879 1058 2939 strenue
1086 2894 1200 2940 omnes
1222 2876 1272 2939 in·
1323 2878 1383 2935 ret.
1428 2869 1529 2949 Nihil,
1552 2880 1609 2936 aut
1629 2892 1755 2953 parum,
1778 2869 2000 2948 meoiudicio,
2023 2869 2227 2936 difficultatis
2249 2879 2299 2936 est

301 2955 464 3022 cumbant.
507 2953 583 3021 Dici
612 2976 680 3021 non
707 2965 818 3038 posset
845 2979 944 3040 quam
971 2979 1074 3044 angar
1095 2980 1194 3043 super
1214 2959 1273 3024 ills
1324 2956 1489 3022 incensa
1534 2955 1603 3022 Sed
1623 2957 1721 3022 unius
1742 2955 1885 3021 hominis
1911 2955 2093 3040 pervicacia
2120 2964 2155 3021 et
2175 2955 2298 3040 impor-

301 3041 449 3106 ecclesia:
479 3061 608 3124 semper
634 3040 716 3105 mihi
743 3042 785 3108 ob
812 3043 922 3110 oculos
943 3051 1094 3110 versatur
1119 3053 1153 3110 et
1174 3066 1272 3130 cogor
1324 3041 1450 3108 tunites
1478 3063 1534 3109 cos
1560 3043 1663 3127 cogit,
1690 3042 1784 3108 vobis
1811 3049 1845 3106 ct
1872 3041 1967 3108 nobis
1996 3041 2150 3107 molestos
2176 3063 2257 3108 esse.
2269 3039 2298 3125 ²)

300 3127 441 3193 scribere
463 3126 621 3209 quaedam
643 3147 726 3210 quae
747 3133 803 3191 tuo
825 3127 943 3194 iudicio
964 3130 1095 3194 mittam
1115 3137 1173 3195 aut
1193 3131 1272 3197 reti·
1323 3127 1457 3193 Habent
1483 3128 1519 3192 in
1546 3148 1606 3194 suc
1634 3136 1729 3193 coetu
1750 3147 1853 3192 unum
1879 3148 1921 3192 ex
1948 3148 1986 3193 eo
2007 3125 2176 3193 doctorum
2198 3148 2299 3212 grege

300 3210 393 3278 nebo.
437 3211 648 3295 Bcrtranpins
669 3211 782 3291 heros,
812 3215 862 3278 cui
882 3235 941 3280 sua
961 3214 1048 3298 apud
1068 3216 1272 3282 Lucemhur-
1324 3235 1366 3278 ex
1387 3233 1451 3297 que
1473 3233 1569 3278 nomo
1590 3213 1751 3279 hactenus
1771 3213 1824 3278 vir
1840 3212 1945 3278 bonus
1962 3211 2092 3296 prodiit,
2107 3215 2136 3296 ³)
2157 3213 2215 3297 qui
2232 3234 2298 3278 non

302 3319 381 3384 gum
402 3298 556 3364 restituta
576 3299 727 3376 fuorunt,
756 3297 870 3363 scribit
897 3299 971 3365 illos
998 3301 1083 3366 bona
1111 3321 1181 3367 esse
1203 3322 1271 3385 spa,
1323 3307 1430 3365 cessat
1451 3297 1573 3382 aliquid
1598 3297 1736 3365 subinde
1763 3297 1830 3365 illis
1850 3299 1979 3384 'negotii
2000 3297 2164 3365 exhibere.
2210 3296 2299 3364 Sunt

301 3382 388 3466 quod
408 3383 445 3448 in
466 3381 518 3448 his
540 3383 678 3450 comitiis
695 3383 762 3448 sint
783 3382 905 3465 aliquid
926 3386 1101 3451 obtenturi.
1135 3387 1272 3453 Utinam
1323 3391 1434 3449 cutem
1456 3383 1539 3450 duae
1561 3405 1688 3462 ceusoe,
1711 3403 1793 3468 quac
1813 3385 1922 3466 ipsum
1943 3383 2128 3468 impellunt
2161 3383 2249 3450 Nam
2266 3397 2299 3448 et

302 3490 360 3553 spe
392 3489 460 3534 non
493 3469 699 3534 frustrentur.
742 3469 815 3553 Ego
846 3467 939 3532 iuxta
969 3471 1136 3537 hominem
1163 3473 1273 3539 omnis
1323 3476 1443 3534 natura
1464 3470 1569 3534 factus
1591 3477 1642 3534 est
1669 3469 1711 3536 ad
1731 3469 2037 3537 contradicendum:
2067 3477 2100 3534 et
2127 3471 2203 3554 quic
2230 3491 2299 3534 non

302 3553 398 3622 video
420 3553 595 3637 deplorata.
639 3554 734 3620 Unus
762 3553 845 3618 mihi
871 3561 998 3620 tantum
1024 3577 1118 3640 posse
1148 3557 1272 3642 aliquid
1323 3555 1408 3620 tanti
1430 3556 1621 3622 aestimatur
1642 3555 1683 3620 sb
1701 3555 1783 3634 aliis,
1805 3555 1917 3639 quanti
1938 3576 1973 3620 sc
1994 3556 2104 3640 ipsum
2125 3555 2214 3633 iacit,
2236 3553 2298 3621 hoc

301 3640 396 3706 Deus
425 3639 570 3718 videtur,
599 3661 697 3722 quem
725 3638 852 3704 conlido
878 3639 1002 3724 insigni
1026 3643 1183 3709 miraculo
1205 3643 1272 3711 illic
1324 3662 1358 3706 se
1380 3639 1477 3706 modo
1498 3640 1676 3708 ulciscitur.
1720 3639 1759 3706 Si
1780 3651 1867 3706 esset
1887 3641 1922 3705 in
1944 3641 2006 3707 hac
2028 3639 2173 3720 ecclesia,
2204 3640 2297 3706 facile

302 3732 467 3791 acturum:
501 3725 587 3809 quod
618 3732 656 3789 ut
686 3731 795 3808 petas,
828 3732 863 3790 et
894 3725 956 3790 ista
989 3727 1123 3793 eeclesia
1154 3738 1272 3810 tecum,
1324 3726 1539 3793 cohiberetur.
1583 3727 1683 3792 Ratio
1704 3726 1792 3790 enim
1813 3727 1883 3792 eius
1910 3723 2062 3792 domandi
2088 3727 2183 3793 nohis
2211 3732 2297 3792 essct

301 3811 415 3896 flagito
435 3832 478 3876 ex
498 3819 539 3876 te.
582 3810 690 3876 Audio
713 3809 895 3876 Germanos
916 3811 1075 3893 petituros
1102 3815 1272 3900 synodum.
1324 3809 1366 3876 cd
1392 3833 1537 3878 manum.
1580 3811 1654 3876 Illic
1679 3831 1757 3878 vero
1785 3811 1883 3877 habet
1909 3812 2074 3896 Principis
2099 3811 2258 3897 legatum,
2266 3809 2295 3894 ⁴)

302 3897 420 3963 Nescio
448 3917 490 3961 an
518 3897 704 3979 impetraris
733 3895 890 3962 aGallis.
935 3895 1107 3977 Quantum
1126 3901 1274 3984 intelligo
1325 3919 1346 3962 a
1367 3919 1429 3981 quo
1451 3898 1639 3964 sustinetur.
1672 3895 1731 3970 sio,
1748 3899 1836 3962 enim
1853 3895 2051 3979 malorum⁶l
2074 3919 2109 3964 se
2126 3897 2295 3981 praesidiis

304 4003 365 4068 ogo
393 3984 422 4049 is
448 4003 522 4048 sum
550 4003 646 4064 quem
675 4001 788 4046 omnes
817 3991 1019 4048 aversantur.
1069 3983 1206 4050 Utinam
1227 3987 1275 4051 ita
1324 3983 1455 4048 munire
1482 3983 1588 4050 solent
1613 3981 1771 4048 eiusmodi
1802 3983 1881 4062 foci,
1914 3994 1953 4047 ut
1978 3983 2113 4066 impune
2148 3989 2294 4050 noceant

303 4089 408 4134 essem
425 4069 575 4134 omnibus
592 4074 631 4132 ut
642 4073 841 4150 portentum,
859 4065 945 4151 quod
959 4067 1048 4134 solus
1065 4075 1151 4135 esset
1167 4073 1275 4137 omnia
1326 4067 1422 4149 Quod
1443 4089 1502 4135 vos
1524 4089 1637 4135 omnes
1658 4076 1773 4152 sponte
1790 4067 1933 4134 facturos
1952 4069 2029 4147 scio,
2051 4077 2127 4152 peto
2148 4075 2296 4136 tamena

304 4154 469 4233 Christus,
496 4163 530 4219 et
556 4153 710 4219 ecclesiae
739 4151 821 4218 bene
848 4151 1014 4219 haberent
1059 4153 1169 4235 Quam
1190 4165 1276 4222 essct
1325 4153 1435 4234 vobis,
1463 4155 1559 4219 utin
1586 4175 1685 4220 causa
1705 4163 1774 4219 tam
1802 4161 1915 4220 sancte
1940 4153 2096 4220 fratribus
2123 4155 2294 4239 porrigatis

304 4240 383 4305 felix
404 4240 485 4305 haec
508 4239 656 4318 deiectio,
685 4245 718 4304 et
737 4259 848 4304 meum
874 4238 957 4303 nihil
976 4260 1051 4306 cum
1074 4247 1166 4306 tanta
1186 4242 1275 4307 exsl-
1326 4257 1476 4304 manum:
1507 4240 1568 4306 hoo
1589 4247 1647 4319 est,
1675 4248 1787 4306 vestra
1808 4239 1982 4305 autoritate
2004 4239 2167 4306 adiuvetis
2188 4261 2244 4306 eos
2263 4247 2294 4304 ct

304 4327 428 4391 tutione
447 4333 481 4390 et
502 4331 570 4390 tam
591 4323 713 4389 illustri
735 4345 815 4390 osse.
1326 4325 1507 4405 instruatis,
1536 4345 1600 4409 quo
1621 4325 1795 4392 Ismaolem
1821 4325 1917 4391 illum
1945 4333 2164 4409 compescant
2216 4325 2293 4404 Hoc,

390 4411 492 4490 Vale,
522 4418 555 4475 et
575 4431 675 4494 perge
697 4409 816 4495 nugcri
837 4416 906 4474 tam
931 4411 1031 4490 sorio,
1060 4417 1098 4476 ut
1118 4412 1213 4492 lacis,
1241 4415 1276 4479 in

305 4507 373 4563 tum
395 4497 450 4580 pia
471 4502 665 4562 tractatione
687 4495 1014 4574 Nicodemitarum‚⁷)
1036 4517 1136 4579 quam
1155 4505 1192 4563 tu
1213 4521 1276 4564 nu·

304 4602 491 4734 pnsvocss.
527 4581 643 4647 Habeo
664 4581 725 4646 tibi
746 4583 887 4666 gratim
906 4580 992 4664 quod
1013 4603 1066 4646 me
1086 4585 1277 4668 participem
1430 4579 1460 4646 8)
1478 4581 1563 4650 ΑΜ
1587 4579 2295 4650 Kfrcldvfm(F⁰r⁶l11·76t⁰t15lw

318 4689 373 4736 ece

375 4669 428 4732 ris.
462 4665 578 4734 Saluta
597 4687 718 4746 omnes,
741 4667 922 4751 coniugem,
944 4666 1190 4750 Beoroordinmm
1208 4669 1277 4737 Do
1329 4647 1552 4782 &Qum
1566 4650 2029 4788 ζᾘξᾝςδᾞξιὲἕᾷωὰ

1431 4786 1460 4853 2)
1480 4787 1545 4842 coo.
1566 4787 1733 4857 (lupananti,
1754 4789 1803 4857 put
1827 4803 1968 4842 ccnsnrcm
1990 4787 2156 4842 Mrcmcbct
2182 4787 2218 4842 N.
2235 4785 2293 4840 58⁰.

543 4909 548 4920 ,
704 4907 709 4919 ,
1202 4910 1208 4922 ,
1330 4853 1459 4910 Fcrclius
1486 4857 1602 4927 alconem
1632 4856 1665 4910 dc
1687 4857 1739 4910 boc
1764 4871 1794 4910 re
1819 4857 1917 4910 mrum
1943 4855 1982 4910 od
2008 4855 2169 4912 Tortcenocc
2192 4857 2296 4910 mimo&

409 4907 439 4973 6)
459 4907 513 4961 Per
535 4912 669 4975 anteprnm
696 4922 753 4960 scm
776 4923 880 4961 annum
902 4921 946 4960 res
968 4921 1073 4972 corum,
1101 4907 1140 4962 ad
1162 4908 1278 4964 modom
1328 4924 1442 4979 videtu„

309 4975 351 5028 1³.
380 4973 437 5031 Oct.
462 4973 530 5029 164³
555 4977 747 5043 conformatae,
773 4977 804 5029 r'n
822 4975 911 5030 eodem
938 4990 1024 5044 usquc
1048 4981 1123 5032 rnre
1143 4993 1277 5034 romanec-
1432 4993 1462 5060 3)
1483 4992 1637 5048 Momm
1652 4992 1745 5057 sums
1760 4994 1791 5048 p,
1808 4993 1928 5048 Asnam
1946 4990 1974 5047 8,
1993 4992 2294 5063 mmmm„-

308 5047 380 5098 ’'⁰⁸¹-
1329 5061 1399 5115 oo'nm
1417 5069 1442 5116 et
1459 5061 1552 5116 doctor
1569 5060 1747 5128 (occidetur)
1765 5061 1956 5118 Lcccntmsc's.
1994 5059 2036 5128 Of.
2054 5061 2092 5116 N.
2109 5059 2171 5115 Μ

411 5111 440 5178 7)
461 5109 529 5180 Orc·
553 5111 583 5166 T·
607 5111 675 5168 VH·
690 5129 718 5182 n·
736 5111 788 5166 5⁸9
805 5128 874 5183 ⁸eoo·
1429 5129 1461 5266 b)
1477 5129 1753 5254 mawron
1772 5129 1902 5200 sapone
1919 5129 1953 5184 n
1969 5129 2119 5199 mansas
