<?xml version="1.0" encoding="UTF-8"?>
<!DOCTYPE html PUBLIC "-//W3C//DTD XHTML 1.0 Transitional//EN"
    "http://www.w3.org/TR/xhtml1/DTD/xhtml1-transitional.dtd">
<html xmlns="http://www.w3.org/1999/xhtml" xml:lang="en" lang="en">
 <head>
  <title>
</title>
<meta http-equiv="Content-Type" content="text/html;charset=utf-8" />
  <meta name='ocr-system' content='tesseract 3.04.00' />
  <meta name='ocr-capabilities' content='ocr_page ocr_carea ocr_par ocr_line ocrx_word'/>
</head>
<body>
  <div class='ocr_page' id='page_1' title='image "./ioanniscalvinio04reusgoog_0090.png"; bbox 0 0 4942 5982; ppageno 0'>
   <div class='ocr_carea' id='block_1_1' title="bbox 1004 313 2170 381">
    <p class='ocr_par' dir='ltr' id='par_1_1' title="bbox 1004 313 2170 381">
     <span class='ocr_line' id='line_1_1' title="bbox 1004 313 2170 381; baseline 0 -1"><span class='ocrx_word' id='word_1_1' title='bbox 1004 318 1082 380; x_wconf 82' lang='lat'>1541</span> <span class='ocrx_word' id='word_1_2' title='bbox 1106 313 1337 380; x_wconf 75' lang='lat' dir='ltr'><strong>FEBRUAR.</strong></span> <span class='ocrx_word' id='word_1_3' title='bbox 2107 319 2170 381; x_wconf 76' lang='lat'>154</span> 
     </span>
    </p>
   </div>
   <div class='ocr_carea' id='block_1_2' title="bbox 244 499 2170 705">
    <p class='ocr_par' dir='ltr' id='par_1_2' title="bbox 244 499 2170 705">
     <span class='ocr_line' id='line_1_2' title="bbox 622 499 2170 586; baseline -0.021 0"><span class='ocrx_word' id='word_1_4' title='bbox 622 499 696 570; x_wconf 72' lang='lat'>²7⁶·</span> <span class='ocrx_word' id='word_1_5' title='bbox 1196 501 1319 568; x_wconf 82' lang='lat' dir='ltr'>laetum</span> <span class='ocrx_word' id='word_1_6' title='bbox 1342 508 1392 566; x_wconf 90' lang='lat' dir='ltr'>est</span> <span class='ocrx_word' id='word_1_7' title='bbox 1413 509 1452 566; x_wconf 91' lang='lat' dir='ltr'>ut</span> <span class='ocrx_word' id='word_1_8' title='bbox 1472 500 1566 568; x_wconf 90' lang='lat' dir='ltr'>vobis</span> <span class='ocrx_word' id='word_1_9' title='bbox 1588 499 1677 565; x_wconf 89' lang='lat' dir='ltr'>hand</span> <span class='ocrx_word' id='word_1_10' title='bbox 1699 501 1865 586; x_wconf 82' lang='lat' dir='ltr'>ingratum</span> <span class='ocrx_word' id='word_1_11' title='bbox 1892 501 1961 566; x_wconf 80' lang='lat' dir='ltr'>lore</span> <span class='ocrx_word' id='word_1_12' title='bbox 1982 523 2048 566; x_wconf 91' lang='lat' dir='ltr'>non</span> <span class='ocrx_word' id='word_1_13' title='bbox 2075 501 2170 568; x_wconf 89' lang='lat' dir='ltr'>dubi.</span> 
     </span>
     <span class='ocr_line' id='line_1_3' title="bbox 244 584 2170 705; baseline -0.016 -24"><span class='ocrx_word' id='word_1_14' title='bbox 244 637 449 705; x_wconf 68' lang='lat' dir='ltr'>pfflpppug</span> <span class='ocrx_word' id='word_1_15' title='bbox 471 637 712 705; x_wconf 66' lang='lat' dir='ltr'>MINISfflS</span> <span class='ocrx_word' id='word_1_16' title='bbox 734 637 1069 705; x_wconf 41' lang='lat' dir='ltr'>BERNENSIBUS·</span> <span class='ocrx_word' id='word_1_17' title='bbox 1196 589 1303 666; x_wconf 85' lang='lat' dir='ltr'>turim,</span> <span class='ocrx_word' id='word_1_18' title='bbox 1326 587 1410 670; x_wconf 90' lang='lat' dir='ltr'>quod</span> <span class='ocrx_word' id='word_1_19' title='bbox 1430 584 1602 670; x_wconf 88' lang='lat' dir='ltr'>aliquando</span> <span class='ocrx_word' id='word_1_20' title='bbox 1619 586 1770 652; x_wconf 90' lang='lat' dir='ltr'>voluistis</span> <span class='ocrx_word' id='word_1_21' title='bbox 1787 596 1820 652; x_wconf 89' lang='lat' dir='ltr'>et</span> <span class='ocrx_word' id='word_1_22' title='bbox 1837 595 2003 652; x_wconf 85' lang='lat' dir='ltr'>tantorum</span> <span class='ocrx_word' id='word_1_23' title='bbox 2020 591 2170 652; x_wconf 89' lang='lat' dir='ltr'>virorum</span> 
     </span>
    </p>
   </div>
   <div class='ocr_carea' id='block_1_3' title="bbox 174 671 2169 980">
    <p class='ocr_par' dir='ltr' id='par_1_3' title="bbox 174 671 2169 980">
     <span class='ocr_line' id='line_1_4' title="bbox 1197 671 2169 754; baseline -0.001 -16"><span class='ocrx_word' id='word_1_24' title='bbox 1197 693 1357 739; x_wconf 88' lang='lat' dir='ltr'>eonsensu</span> <span class='ocrx_word' id='word_1_25' title='bbox 1380 681 1413 738; x_wconf 87' lang='lat' dir='ltr'>et</span> <span class='ocrx_word' id='word_1_26' title='bbox 1434 671 1604 738; x_wconf 73' lang='lat' dir='ltr'>sententiis</span> <span class='ocrx_word' id='word_1_27' title='bbox 1632 674 1826 738; x_wconf 88' lang='lat' dir='ltr'>eonfirmare</span> <span class='ocrx_word' id='word_1_28' title='bbox 1836 674 1864 754; x_wconf 87' lang='lat'>⁷)</span> <span class='ocrx_word' id='word_1_29' title='bbox 1893 671 2020 738; x_wconf 86' lang='lat' dir='ltr'>videtis.</span> <span class='ocrx_word' id='word_1_30' title='bbox 2064 673 2169 738; x_wconf 91' lang='lat' dir='ltr'>Porro</span> 
     </span>
     <span class='ocr_line' id='line_1_5' title="bbox 258 757 2168 892; baseline -0.019 -34"><span class='ocrx_word' id='word_1_31' title='bbox 258 809 412 875; x_wconf 58' lang='lat' dir='ltr'><strong><em>floream</em></strong></span> <span class='ocrx_word' id='word_1_32' title='bbox 432 815 517 875; x_wconf 57' lang='lat' dir='ltr'>„qd</span> <span class='ocrx_word' id='word_1_33' title='bbox 544 811 610 892; x_wconf 56' lang='lat' dir='ltr'>,qm-</span> <span class='ocrx_word' id='word_1_34' title='bbox 631 831 695 891; x_wconf 63' lang='lat' dir='ltr'><strong><em>m</em></strong></span> <span class='ocrx_word' id='word_1_35' title='bbox 715 809 805 875; x_wconf 55' lang='lat' dir='ltr'>Mi</span> <span class='ocrx_word' id='word_1_36' title='bbox 830 811 868 875; x_wconf 59' lang='lat' dir='ltr'>de</span> <span class='ocrx_word' id='word_1_37' title='bbox 898 807 1029 876; x_wconf 47' lang='lat' dir='ltr'>calm</span> <span class='ocrx_word' id='word_1_38' title='bbox 1055 810 1146 876; x_wconf 43' lang='lat' dir='ltr'>mh..</span> <span class='ocrx_word' id='word_1_39' title='bbox 1197 765 1367 842; x_wconf 88' lang='lat' dir='ltr'>postquam</span> <span class='ocrx_word' id='word_1_40' title='bbox 1379 758 1538 822; x_wconf 88' lang='lat' dir='ltr'>mihiiam</span> <span class='ocrx_word' id='word_1_41' title='bbox 1556 767 1675 824; x_wconf 88' lang='lat' dir='ltr'>eunota</span> <span class='ocrx_word' id='word_1_42' title='bbox 1696 757 1887 842; x_wconf 84' lang='lat' dir='ltr'>diligentius</span> <span class='ocrx_word' id='word_1_43' title='bbox 1910 759 2043 823; x_wconf 81' lang='lat' dir='ltr'>rimanti</span> <span class='ocrx_word' id='word_1_44' title='bbox 2064 773 2168 823; x_wconf 88' lang='lat' dir='ltr'>etex-</span> 
     </span>
     <span class='ocr_line' id='line_1_6' title="bbox 174 897 455 980; baseline 0 -20"><span class='ocrx_word' id='word_1_45' title='bbox 174 897 279 962; x_wconf 70' lang='lat' dir='ltr'>leardo</span> <span class='ocrx_word' id='word_1_46' title='bbox 300 901 455 980; x_wconf 62' lang='lat' dir='ltr'>emanarat.</span> 
     </span>
    </p>
   </div>
   <div class='ocr_carea' id='block_1_4' title="bbox 1197 841 2169 1011">
    <p class='ocr_par' dir='ltr' id='par_1_4' title="bbox 1197 841 2169 1011">
     <span class='ocr_line' id='line_1_7' title="bbox 1197 841 2167 927; baseline 0 -19"><span class='ocrx_word' id='word_1_47' title='bbox 1197 843 1341 926; x_wconf 84' lang='lat' dir='ltr'>ploranti</span> <span class='ocrx_word' id='word_1_48' title='bbox 1352 851 1555 927; x_wconf 87' lang='lat' dir='ltr'>eompertum</span> <span class='ocrx_word' id='word_1_49' title='bbox 1566 841 1713 926; x_wconf 86' lang='lat' dir='ltr'>estquod</span> <span class='ocrx_word' id='word_1_50' title='bbox 1724 855 1812 909; x_wconf 89' lang='lat' dir='ltr'>eerto</span> <span class='ocrx_word' id='word_1_51' title='bbox 1827 843 1868 909; x_wconf 90' lang='lat' dir='ltr'>ad</span> <span class='ocrx_word' id='word_1_52' title='bbox 1879 855 2006 910; x_wconf 88' lang='lat' dir='ltr'>vestros</span> <span class='ocrx_word' id='word_1_53' title='bbox 2017 843 2167 922; x_wconf 67' lang='lat' dir='ltr'>sorim,</span> 
     </span>
     <span class='ocr_line' id='line_1_8' title="bbox 1198 929 2169 1011; baseline -0.001 -17"><span class='ocrx_word' id='word_1_54' title='bbox 1198 929 1390 994; x_wconf 89' lang='lat' dir='ltr'>diuturnum</span> <span class='ocrx_word' id='word_1_55' title='bbox 1416 929 1477 998; x_wconf 90' lang='lat' dir='ltr'>hoo</span> <span class='ocrx_word' id='word_1_56' title='bbox 1505 949 1617 994; x_wconf 91' lang='lat' dir='ltr'>meum</span> <span class='ocrx_word' id='word_1_57' title='bbox 1644 929 1812 994; x_wconf 90' lang='lat' dir='ltr'>silentium</span> <span class='ocrx_word' id='word_1_58' title='bbox 1844 929 1934 995; x_wconf 90' lang='lat' dir='ltr'>volui</span> <span class='ocrx_word' id='word_1_59' title='bbox 1966 929 2169 1011; x_wconf 88' lang='lat' dir='ltr'>abrumpere,</span> 
     </span>
    </p>
   </div>
   <div class='ocr_carea' id='block_1_5' title="bbox 177 1012 2170 1135">
    <p class='ocr_par' dir='ltr' id='par_1_5' title="bbox 177 1012 2170 1135">
     <span class='ocr_line' id='line_1_9' title="bbox 177 1012 2170 1135; baseline -0.006 -15"><span class='ocrx_word' id='word_1_60' title='bbox 177 1067 228 1132; x_wconf 83' lang='lat' dir='ltr'>(Ex</span> <span class='ocrx_word' id='word_1_61' title='bbox 247 1066 312 1121; x_wconf 88' lang='lat' dir='ltr'>Cod.</span> <span class='ocrx_word' id='word_1_62' title='bbox 329 1067 395 1120; x_wconf 87' lang='lat' dir='ltr'>bibl.</span> <span class='ocrx_word' id='word_1_63' title='bbox 414 1065 514 1121; x_wconf 80' lang='lat' dir='ltr'>Genev.</span> <span class='ocrx_word' id='word_1_64' title='bbox 534 1065 583 1118; x_wconf 95' lang='lat'>111</span> <span class='ocrx_word' id='word_1_65' title='bbox 602 1084 626 1135; x_wconf 85' lang='lat' dir='ltr'>a,</span> <span class='ocrx_word' id='word_1_66' title='bbox 644 1063 689 1118; x_wconf 80' lang='lat' dir='ltr'>iol.</span> <span class='ocrx_word' id='word_1_67' title='bbox 708 1064 765 1118; x_wconf 80' lang='lat'>126.</span> <span class='ocrx_word' id='word_1_68' title='bbox 801 1067 865 1119; x_wconf 84' lang='lat' dir='ltr'>Sine</span> <span class='ocrx_word' id='word_1_69' title='bbox 889 1067 943 1119; x_wconf 89' lang='lat' dir='ltr'>ulla</span> <span class='ocrx_word' id='word_1_70' title='bbox 960 1066 1144 1134; x_wconf 89' lang='lat' dir='ltr'>inseriptione,</span> <span class='ocrx_word' id='word_1_71' title='bbox 1198 1015 1291 1113; x_wconf 67' lang='lat' dir='ltr'>euius</span> <span class='ocrx_word' id='word_1_72' title='bbox 1322 1015 1481 1080; x_wconf 56' lang='lat' dir='ltr'>hamum</span> <span class='ocrx_word' id='word_1_73' title='bbox 1514 1012 1594 1079; x_wconf 65' lang='lat' dir='ltr'>⁸d⁰⁰</span> <span class='ocrx_word' id='word_1_74' title='bbox 1620 1022 1722 1080; x_wconf 63' lang='lat' dir='ltr'>tenax</span> <span class='ocrx_word' id='word_1_75' title='bbox 1750 1015 1813 1092; x_wconf 53' lang='grc' dir='ltr'>Μ’</span> <span class='ocrx_word' id='word_1_76' title='bbox 1847 1013 1932 1098; x_wconf 72' lang='lat' dir='ltr'>qu⁰d</span> <span class='ocrx_word' id='word_1_77' title='bbox 1965 1036 2095 1080; x_wconf 64' lang='lat' dir='ltr'><strong>vererer</strong></span> <span class='ocrx_word' id='word_1_78' title='bbox 2126 1035 2170 1080; x_wconf 69' lang='lat'>¹¹⁰</span> 
     </span>
    </p>
   </div>
   <div class='ocr_carea' id='block_1_6' title="bbox 175 1099 2170 1273">
    <p class='ocr_par' dir='ltr' id='par_1_6' title="bbox 175 1099 2170 1273">
     <span class='ocr_line' id='line_1_10' title="bbox 175 1099 2170 1204; baseline -0.003 -15"><span class='ocrx_word' id='word_1_79' title='bbox 175 1142 277 1189; x_wconf 84' lang='lat' dir='ltr'>tantum</span> <span class='ocrx_word' id='word_1_80' title='bbox 287 1135 377 1204; x_wconf 87' lang='lat' dir='ltr'>spatio</span> <span class='ocrx_word' id='word_1_81' title='bbox 386 1135 476 1204; x_wconf 82' lang='lat' dir='ltr'>aliquo</span> <span class='ocrx_word' id='word_1_82' title='bbox 488 1136 632 1188; x_wconf 90' lang='lat' dir='ltr'>interieoto</span> <span class='ocrx_word' id='word_1_83' title='bbox 641 1135 765 1202; x_wconf 85' lang='lat' dir='ltr'>seqnitur</span> <span class='ocrx_word' id='word_1_84' title='bbox 774 1135 916 1204; x_wconf 87' lang='lat' dir='ltr'>epistolum</span> <span class='ocrx_word' id='word_1_85' title='bbox 928 1135 1144 1204; x_wconf 71' lang='lat' dir='ltr'>praecedentem,</span> <span class='ocrx_word' id='word_1_86' title='bbox 1197 1109 1322 1165; x_wconf 56' lang='lat' dir='ltr'>mmm</span> <span class='ocrx_word' id='word_1_87' title='bbox 1344 1121 1402 1183; x_wconf 72' lang='grc' dir='ltr'>ΡῙὉ</span> <span class='ocrx_word' id='word_1_88' title='bbox 1424 1101 1535 1200; x_wconf 48' lang='lat' dir='ltr'>wrm,</span> <span class='ocrx_word' id='word_1_89' title='bbox 1549 1099 1690 1165; x_wconf 67' lang='lat' dir='ltr'>⁸⁰¹&#39;ibel&#39;0</span> <span class='ocrx_word' id='word_1_90' title='bbox 1712 1101 1926 1201; x_wconf 53' lang='lat' dir='ltr'>Qntingffl&#39;etr</span> <span class='ocrx_word' id='word_1_91' title='bbox 1951 1121 2088 1182; x_wconf 61' lang='lat' dir='ltr'><strong>meaque</strong></span> <span class='ocrx_word' id='word_1_92' title='bbox 2108 1100 2170 1164; x_wconf 59' lang='grc' dir='ltr'>Μ·</span> 
     </span>
     <span class='ocr_line' id='line_1_11' title="bbox 175 1185 2170 1273; baseline -0.004 -16"><span class='ocrx_word' id='word_1_93' title='bbox 175 1206 334 1258; x_wconf 75' lang='lat' dir='ltr'>distamen</span> <span class='ocrx_word' id='word_1_94' title='bbox 352 1221 433 1256; x_wconf 87' lang='lat' dir='ltr'>mauu</span> <span class='ocrx_word' id='word_1_95' title='bbox 451 1204 559 1273; x_wconf 81' lang='lat' dir='ltr'>soripta,</span> <span class='ocrx_word' id='word_1_96' title='bbox 578 1219 628 1256; x_wconf 88' lang='lat' dir='ltr'>neo</span> <span class='ocrx_word' id='word_1_97' title='bbox 645 1203 745 1268; x_wconf 88' lang='lat' dir='ltr'>Vireti,</span> <span class='ocrx_word' id='word_1_98' title='bbox 764 1207 792 1256; x_wconf 90' lang='lat' dir='ltr'>et</span> <span class='ocrx_word' id='word_1_99' title='bbox 810 1203 917 1270; x_wconf 89' lang='lat' dir='ltr'>quidem</span> <span class='ocrx_word' id='word_1_100' title='bbox 932 1204 1145 1273; x_wconf 66' lang='lat' dir='ltr'>safismendosa</span> <span class='ocrx_word' id='word_1_101' title='bbox 1197 1185 1284 1252; x_wconf 76' lang='lat' dir='ltr'>leret·</span> <span class='ocrx_word' id='word_1_102' title='bbox 1311 1207 1477 1268; x_wconf 81' lang='lat' dir='ltr'>oplmone,</span> <span class='ocrx_word' id='word_1_103' title='bbox 1510 1208 1537 1251; x_wconf 83' lang='lat' dir='ltr'>el</span> <span class='ocrx_word' id='word_1_104' title='bbox 1563 1186 1667 1251; x_wconf 67' lang='lat' dir='ltr'>fietus</span> <span class='ocrx_word' id='word_1_105' title='bbox 1696 1205 1803 1269; x_wconf 78' lang='lat' dir='ltr'>primo</span> <span class='ocrx_word' id='word_1_106' title='bbox 1831 1193 1893 1252; x_wconf 80' lang='lat' dir='ltr'>leto</span> <span class='ocrx_word' id='word_1_107' title='bbox 1920 1185 2079 1268; x_wconf 73' lang='lat' dir='ltr'>applausu</span> <span class='ocrx_word' id='word_1_108' title='bbox 2106 1203 2170 1269; x_wconf 87' lang='lat' dir='ltr'>quo</span> 
     </span>
    </p>
   </div>
   <div class='ocr_carea' id='block_1_7' title="bbox 176 1271 2170 1354">
    <p class='ocr_par' dir='ltr' id='par_1_7' title="bbox 176 1271 2170 1354">
     <span class='ocr_line' id='line_1_12' title="bbox 176 1271 2170 1354; baseline 0.003 -28"><span class='ocrx_word' id='word_1_109' title='bbox 176 1281 205 1326; x_wconf 90' lang='lat' dir='ltr'>ut</span> <span class='ocrx_word' id='word_1_110' title='bbox 221 1273 324 1326; x_wconf 79' lang='lat' dir='ltr'>dixeris</span> <span class='ocrx_word' id='word_1_111' title='bbox 341 1287 531 1326; x_wconf 69' lang='lat' dir='ltr'>amanuensem</span> <span class='ocrx_word' id='word_1_112' title='bbox 549 1274 594 1325; x_wconf 87' lang='lat' dir='ltr'>vul</span> <span class='ocrx_word' id='word_1_113' title='bbox 610 1273 699 1324; x_wconf 87' lang='lat' dir='ltr'>minus</span> <span class='ocrx_word' id='word_1_114' title='bbox 716 1272 833 1338; x_wconf 87' lang='lat' dir='ltr'>dootum,</span> <span class='ocrx_word' id='word_1_115' title='bbox 852 1273 896 1324; x_wconf 89' lang='lat' dir='ltr'>vel</span> <span class='ocrx_word' id='word_1_116' title='bbox 913 1273 1145 1325; x_wconf 81' lang='lat' dir='ltr'>minussttentum</span> <span class='ocrx_word' id='word_1_117' title='bbox 1198 1279 1348 1354; x_wconf 72' lang='lat' dir='ltr'>nnneptus</span> <span class='ocrx_word' id='word_1_118' title='bbox 1371 1272 1411 1337; x_wconf 79' lang='lat' dir='ltr'>nb</span> <span class='ocrx_word' id='word_1_119' title='bbox 1434 1271 1584 1337; x_wconf 80' lang='lat' dir='ltr'>omnibus</span> <span class='ocrx_word' id='word_1_120' title='bbox 1608 1271 1657 1335; x_wconf 86' lang='lat' dir='ltr'>fui</span> <span class='ocrx_word' id='word_1_121' title='bbox 1678 1271 1788 1337; x_wconf 82' lang='lat' dir='ltr'>omnia</span> <span class='ocrx_word' id='word_1_122' title='bbox 1809 1272 1875 1336; x_wconf 79' lang='lat' dir='ltr'>ism</span> <span class='ocrx_word' id='word_1_123' title='bbox 1897 1279 2005 1337; x_wconf 75' lang='lat' dir='ltr'>sarpta</span> <span class='ocrx_word' id='word_1_124' title='bbox 2025 1280 2111 1336; x_wconf 80' lang='lat' dir='ltr'>teate</span> <span class='ocrx_word' id='word_1_125' title='bbox 2132 1292 2170 1338; x_wconf 85' lang='lat' dir='ltr'>ao</span> 
     </span>
    </p>
   </div>
   <div class='ocr_carea' id='block_1_8' title="bbox 175 1340 2171 1528">
    <p class='ocr_par' dir='ltr' id='par_1_8' title="bbox 175 1340 2171 1528">
     <span class='ocr_line' id='line_1_13' title="bbox 176 1340 2171 1442; baseline -0.002 -48"><span class='ocrx_word' id='word_1_126' title='bbox 176 1341 653 1422; x_wconf 27' lang='lat' dir='ltr'>sutoristdietantisverbainoantius</span> <span class='ocrx_word' id='word_1_127' title='bbox 672 1340 829 1421; x_wconf 81' lang='lat' dir='ltr'>reddidisse.</span> <span class='ocrx_word' id='word_1_128' title='bbox 865 1341 1022 1421; x_wconf 78' lang='lat' dir='ltr'>Manifestus</span> <span class='ocrx_word' id='word_1_129' title='bbox 1039 1357 1145 1420; x_wconf 77' lang='lat' dir='ltr'>errores</span> <span class='ocrx_word' id='word_1_130' title='bbox 1197 1358 1233 1420; x_wconf 75' lang='lat' dir='ltr'>in</span> <span class='ocrx_word' id='word_1_131' title='bbox 1255 1365 1326 1422; x_wconf 62' lang='lat' dir='ltr'><strong>tuto</strong></span> <span class='ocrx_word' id='word_1_132' title='bbox 1349 1379 1421 1422; x_wconf 63' lang='lat'>0333</span> <span class='ocrx_word' id='word_1_133' title='bbox 1441 1356 1669 1442; x_wconf 60' lang='lat' dir='ltr'>persuaderem</span> <span class='ocrx_word' id='word_1_134' title='bbox 1686 1357 1777 1421; x_wconf 45' lang='lat' dir='ltr'><strong>mihi·</strong></span> <span class='ocrx_word' id='word_1_135' title='bbox 1822 1359 1868 1421; x_wconf 59' lang='lat' dir='ltr'>At</span> <span class='ocrx_word' id='word_1_136' title='bbox 1884 1357 1950 1421; x_wconf 60' lang='lat' dir='ltr'>iam</span> <span class='ocrx_word' id='word_1_137' title='bbox 1967 1357 2073 1422; x_wconf 64' lang='lat' dir='ltr'><strong>multa</strong></span> <span class='ocrx_word' id='word_1_138' title='bbox 2091 1367 2171 1422; x_wconf 62' lang='lat' dir='ltr'>sunt</span> 
     </span>
     <span class='ocr_line' id='line_1_14' title="bbox 175 1409 1146 1528; baseline -0.002 -64"><span class='ocrx_word' id='word_1_139' title='bbox 175 1411 216 1464; x_wconf 80' lang='lat' dir='ltr'>vel</span> <span class='ocrx_word' id='word_1_140' title='bbox 234 1417 316 1464; x_wconf 86' lang='lat' dir='ltr'>taorte</span> <span class='ocrx_word' id='word_1_141' title='bbox 334 1409 516 1474; x_wconf 84' lang='lat' dir='ltr'>emendamus,</span> <span class='ocrx_word' id='word_1_142' title='bbox 541 1411 584 1463; x_wconf 89' lang='lat' dir='ltr'>vel</span> <span class='ocrx_word' id='word_1_143' title='bbox 607 1409 642 1461; x_wconf 88' lang='lat' dir='ltr'>ad</span> <span class='ocrx_word' id='word_1_144' title='bbox 659 1425 808 1490; x_wconf 70' lang='lat' dir='ltr'>marginem</span> <span class='ocrx_word' id='word_1_145' title='bbox 826 1415 972 1528; x_wconf 50' lang='lat' dir='ltr'>propontis</span> <span class='ocrx_word' id='word_1_146' title='bbox 992 1415 1146 1462; x_wconf 88' lang='lat' dir='ltr'>oomeetura</span> 
     </span>
    </p>
   </div>
   <div class='ocr_carea' id='block_1_9' title="bbox 177 1441 2171 1616">
    <p class='ocr_par' dir='ltr' id='par_1_9' title="bbox 177 1441 2171 1616">
     <span class='ocr_line' id='line_1_15' title="bbox 177 1441 2169 1543; baseline -0.003 -11"><span class='ocrx_word' id='word_1_147' title='bbox 177 1479 269 1532; x_wconf 87' lang='lat' dir='ltr'>iisdem</span> <span class='ocrx_word' id='word_1_148' title='bbox 278 1479 382 1532; x_wconf 85' lang='lat' dir='ltr'>mederi</span> <span class='ocrx_word' id='word_1_149' title='bbox 391 1479 554 1532; x_wconf 76' lang='lat' dir='ltr'>donabimur.</span> <span class='ocrx_word' id='word_1_150' title='bbox 589 1477 708 1530; x_wconf 71' lang='lat' dir='ltr'>&#39;situlum</span> <span class='ocrx_word' id='word_1_151' title='bbox 723 1477 817 1530; x_wconf 80' lang='lat' dir='ltr'>itidem</span> <span class='ocrx_word' id='word_1_152' title='bbox 837 1478 1146 1530; x_wconf 86' lang='lat' dir='ltr'>uoimusexooniectura</span> <span class='ocrx_word' id='word_1_153' title='bbox 1198 1463 1281 1526; x_wconf 61' lang='lat' dir='ltr'><strong>quae</strong></span> <span class='ocrx_word' id='word_1_154' title='bbox 1309 1451 1471 1543; x_wconf 73' lang='lat' dir='ltr'>testamur</span> <span class='ocrx_word' id='word_1_155' title='bbox 1499 1441 1751 1525; x_wconf 60' lang='lat' dir='ltr'>haudquaquam</span> <span class='ocrx_word' id='word_1_156' title='bbox 1780 1442 1901 1542; x_wconf 59' lang='lat' dir='ltr'>fi¹⁰?⁸)</span> <span class='ocrx_word' id='word_1_157' title='bbox 1932 1463 2002 1507; x_wconf 73' lang='lat'>⁰³⁸⁰</span> <span class='ocrx_word' id='word_1_158' title='bbox 2034 1443 2169 1519; x_wconf 62' lang='lat' dir='ltr'>aninmo</span> 
     </span>
     <span class='ocr_line' id='line_1_16' title="bbox 177 1527 2171 1616; baseline -0.004 -16"><span class='ocrx_word' id='word_1_159' title='bbox 177 1563 259 1616; x_wconf 88' lang='lat' dir='ltr'>eaque</span> <span class='ocrx_word' id='word_1_160' title='bbox 268 1549 313 1600; x_wconf 84' lang='lat' dir='ltr'>rix</span> <span class='ocrx_word' id='word_1_161' title='bbox 323 1547 515 1600; x_wconf 78' lang='lat' dir='ltr'>addubitanda</span> <span class='ocrx_word' id='word_1_162' title='bbox 538 1546 753 1615; x_wconf 79' lang='lat' dir='ltr'>Interpuugendi</span> <span class='ocrx_word' id='word_1_163' title='bbox 762 1546 1145 1599; x_wconf 86' lang='lat' dir='ltr'>ourasoribaselereomnino</span> <span class='ocrx_word' id='word_1_164' title='bbox 1198 1528 1256 1594; x_wconf 75' lang='lat' dir='ltr'>sed</span> <span class='ocrx_word' id='word_1_165' title='bbox 1283 1535 1367 1594; x_wconf 80' lang='lat' dir='ltr'>lotoe</span> <span class='ocrx_word' id='word_1_166' title='bbox 1395 1551 1430 1592; x_wconf 86' lang='lat' dir='ltr'>ln</span> <span class='ocrx_word' id='word_1_167' title='bbox 1457 1527 1518 1592; x_wconf 79' lang='lat' dir='ltr'>hoe</span> <span class='ocrx_word' id='word_1_168' title='bbox 1548 1549 1617 1592; x_wconf 80' lang='lat' dir='ltr'>esse</span> <span class='ocrx_word' id='word_1_169' title='bbox 1647 1539 1681 1591; x_wconf 83' lang='lat' dir='ltr'>ul</span> <span class='ocrx_word' id='word_1_170' title='bbox 1709 1549 1819 1592; x_wconf 80' lang='lat' dir='ltr'>veram</span> <span class='ocrx_word' id='word_1_171' title='bbox 1848 1537 1935 1592; x_wconf 80' lang='lat' dir='ltr'>mter</span> <span class='ocrx_word' id='word_1_172' title='bbox 1959 1549 1994 1592; x_wconf 77' lang='lat' dir='ltr'>ee</span> <span class='ocrx_word' id='word_1_173' title='bbox 2027 1528 2171 1592; x_wconf 76' lang='lat' dir='ltr'>habeant</span> 
     </span>
    </p>
   </div>
   <div class='ocr_carea' id='block_1_10' title="bbox 176 1613 2171 4885">
    <p class='ocr_par' dir='ltr' id='par_1_10' title="bbox 177 1613 2170 1777">
     <span class='ocr_line' id='line_1_17' title="bbox 177 1613 2170 1696; baseline -0.003 -28"><span class='ocrx_word' id='word_1_174' title='bbox 177 1616 340 1680; x_wconf 79' lang='lat' dir='ltr'>exoneravit,</span> <span class='ocrx_word' id='word_1_175' title='bbox 361 1632 413 1684; x_wconf 85' lang='lat' dir='ltr'>qua</span> <span class='ocrx_word' id='word_1_176' title='bbox 430 1615 596 1684; x_wconf 78' lang='lat' dir='ltr'>negligentia</span> <span class='ocrx_word' id='word_1_177' title='bbox 608 1615 696 1668; x_wconf 86' lang='lat' dir='ltr'>oratio</span> <span class='ocrx_word' id='word_1_178' title='bbox 711 1615 763 1668; x_wconf 90' lang='lat' dir='ltr'>alio</span> <span class='ocrx_word' id='word_1_179' title='bbox 783 1615 829 1667; x_wconf 89' lang='lat' dir='ltr'>uin</span> <span class='ocrx_word' id='word_1_180' title='bbox 844 1631 898 1668; x_wconf 89' lang='lat' dir='ltr'>non</span> <span class='ocrx_word' id='word_1_181' title='bbox 911 1615 1145 1683; x_wconf 84' lang='lat' dir='ltr'>paramintrioata</span> <span class='ocrx_word' id='word_1_182' title='bbox 1198 1615 1381 1679; x_wconf 70' lang='lat' dir='ltr'>animorum</span> <span class='ocrx_word' id='word_1_183' title='bbox 1409 1614 1669 1690; x_wconf 63' lang='lat' dir='ltr'>consensionem,</span> <span class='ocrx_word' id='word_1_184' title='bbox 1701 1613 1830 1678; x_wconf 77' lang='lat' dir='ltr'>finnnm</span> <span class='ocrx_word' id='word_1_185' title='bbox 1863 1613 2039 1679; x_wconf 73' lang='lat' dir='ltr'>nminitinm</span> <span class='ocrx_word' id='word_1_186' title='bbox 2072 1623 2170 1696; x_wconf 55' lang='lat' dir='ltr'>neque</span> 
     </span>
     <span class='ocr_line' id='line_1_18' title="bbox 269 1631 2170 1777; baseline -0.003 -9"><span class='ocrx_word' id='word_1_187' title='bbox 269 1701 441 1754; x_wconf 56' lang='lat' dir='ltr'>mmm</span> <span class='ocrx_word' id='word_1_188' title='bbox 459 1684 574 1737; x_wconf 78' lang='lat' dir='ltr'>insidior</span> <span class='ocrx_word' id='word_1_189' title='bbox 590 1684 663 1737; x_wconf 58' lang='lat'>‘⁸⁰⁸⁸</span> <span class='ocrx_word' id='word_1_190' title='bbox 680 1687 730 1736; x_wconf 47' lang='grc' dir='ltr'>ω·</span> <span class='ocrx_word' id='word_1_191' title='bbox 765 1631 841 1736; x_wconf 59' lang='lat' dir='ltr'>ilibi</span> <span class='ocrx_word' id='word_1_192' title='bbox 858 1700 912 1736; x_wconf 77' lang='lat'>&#39;²⁰¹¹</span> <span class='ocrx_word' id='word_1_193' title='bbox 930 1687 1042 1750; x_wconf 50' lang='grc' dir='ltr'>ΨΜ)</span> <span class='ocrx_word' id='word_1_194' title='bbox 1198 1700 1404 1765; x_wconf 88' lang='lat' dir='ltr'>oonoordiem</span> <span class='ocrx_word' id='word_1_195' title='bbox 1423 1701 1565 1777; x_wconf 87' lang='lat' dir='ltr'>foveant,</span> <span class='ocrx_word' id='word_1_196' title='bbox 1588 1719 1655 1762; x_wconf 92' lang='lat' dir='ltr'>non</span> <span class='ocrx_word' id='word_1_197' title='bbox 1677 1698 1781 1764; x_wconf 92' lang='lat' dir='ltr'>solum</span> <span class='ocrx_word' id='word_1_198' title='bbox 1803 1701 1890 1762; x_wconf 90' lang='lat' dir='ltr'>inter</span> <span class='ocrx_word' id='word_1_199' title='bbox 1907 1720 1941 1763; x_wconf 92' lang='lat' dir='ltr'>se</span> <span class='ocrx_word' id='word_1_200' title='bbox 1964 1699 2022 1762; x_wconf 90' lang='lat' dir='ltr'>sed</span> <span class='ocrx_word' id='word_1_201' title='bbox 2043 1698 2170 1764; x_wconf 90' lang='lat' dir='ltr'>vieinos</span> 
     </span>
    </p>

    <p class='ocr_par' dir='ltr' id='par_1_11' title="bbox 1198 1783 2170 1868">
     <span class='ocr_line' id='line_1_19' title="bbox 1198 1783 2170 1868; baseline -0.003 -17"><span class='ocrx_word' id='word_1_202' title='bbox 1198 1807 1236 1851; x_wconf 88' lang='lat' dir='ltr'>ao</span> <span class='ocrx_word' id='word_1_203' title='bbox 1264 1784 1456 1868; x_wconf 89' lang='lat' dir='ltr'>praesertim</span> <span class='ocrx_word' id='word_1_204' title='bbox 1482 1785 1647 1866; x_wconf 81' lang='lat' dir='ltr'>prinsipes</span> <span class='ocrx_word' id='word_1_205' title='bbox 1674 1793 1816 1860; x_wconf 92' lang='lat' dir='ltr'>nostros,</span> <span class='ocrx_word' id='word_1_206' title='bbox 1845 1805 1919 1850; x_wconf 92' lang='lat' dir='ltr'>oum</span> <span class='ocrx_word' id='word_1_207' title='bbox 1946 1784 2063 1866; x_wconf 89' lang='lat' dir='ltr'>quibus</span> <span class='ocrx_word' id='word_1_208' title='bbox 2091 1783 2170 1848; x_wconf 89' lang='lat' dir='ltr'>olim</span> 
     </span>
    </p>

    <p class='ocr_par' dir='ltr' id='par_1_12' title="bbox 176 1869 2171 4885">
     <span class='ocr_line' id='line_1_20' title="bbox 258 1869 2170 1953; baseline -0.002 -17"><span class='ocrx_word' id='word_1_209' title='bbox 258 1871 371 1953; x_wconf 73' lang='lat' dir='ltr'>Quum</span> <span class='ocrx_word' id='word_1_210' title='bbox 394 1872 490 1938; x_wconf 88' lang='lat' dir='ltr'>toties</span> <span class='ocrx_word' id='word_1_211' title='bbox 510 1878 646 1938; x_wconf 88' lang='lat' dir='ltr'>vooatus</span> <span class='ocrx_word' id='word_1_212' title='bbox 670 1891 774 1936; x_wconf 87' lang='lat' dir='ltr'>essem</span> <span class='ocrx_word' id='word_1_213' title='bbox 793 1891 813 1936; x_wconf 91' lang='lat' dir='ltr'>a</span> <span class='ocrx_word' id='word_1_214' title='bbox 830 1877 945 1936; x_wconf 88' lang='lat' dir='ltr'>senatu</span> <span class='ocrx_word' id='word_1_215' title='bbox 962 1870 1146 1953; x_wconf 84' lang='lat' dir='ltr'>populoque</span> <span class='ocrx_word' id='word_1_216' title='bbox 1198 1870 1310 1936; x_wconf 82' lang='lat' dir='ltr'>foedus</span> <span class='ocrx_word' id='word_1_217' title='bbox 1331 1873 1486 1947; x_wconf 90' lang='lat' dir='ltr'>inierunt,</span> <span class='ocrx_word' id='word_1_218' title='bbox 1510 1871 1602 1935; x_wconf 90' lang='lat' dir='ltr'>ouius</span> <span class='ocrx_word' id='word_1_219' title='bbox 1624 1879 1704 1935; x_wconf 91' lang='lat' dir='ltr'>sunt</span> <span class='ocrx_word' id='word_1_220' title='bbox 1729 1870 1885 1934; x_wconf 88' lang='lat' dir='ltr'>maiorem</span> <span class='ocrx_word' id='word_1_221' title='bbox 1907 1869 2043 1952; x_wconf 89' lang='lat' dir='ltr'>posthae</span> <span class='ocrx_word' id='word_1_222' title='bbox 2071 1889 2170 1950; x_wconf 91' lang='lat' dir='ltr'>quam</span> 
     </span>
     <span class='ocr_line' id='line_1_21' title="bbox 178 1952 2170 2040; baseline -0.004 -16"><span class='ocrx_word' id='word_1_223' title='bbox 178 1958 376 2033; x_wconf 84' lang='lat' dir='ltr'>Genevensi,</span> <span class='ocrx_word' id='word_1_224' title='bbox 404 1956 602 2040; x_wconf 88' lang='lat' dir='ltr'>quotidianis</span> <span class='ocrx_word' id='word_1_225' title='bbox 630 1977 734 2040; x_wconf 90' lang='lat' dir='ltr'>paene</span> <span class='ocrx_word' id='word_1_226' title='bbox 764 1956 920 2022; x_wconf 88' lang='lat' dir='ltr'>eonvioiis</span> <span class='ocrx_word' id='word_1_227' title='bbox 948 1977 968 2020; x_wconf 90' lang='lat' dir='ltr'>a</span> <span class='ocrx_word' id='word_1_228' title='bbox 996 1955 1146 2039; x_wconf 87' lang='lat' dir='ltr'>plurimis</span> <span class='ocrx_word' id='word_1_229' title='bbox 1198 1957 1357 2022; x_wconf 84' lang='lat' dir='ltr'>haetenus</span> <span class='ocrx_word' id='word_1_230' title='bbox 1379 1977 1524 2040; x_wconf 89' lang='lat' dir='ltr'>unquam</span> <span class='ocrx_word' id='word_1_231' title='bbox 1546 1955 1707 2020; x_wconf 85' lang='lat' dir='ltr'>rationem</span> <span class='ocrx_word' id='word_1_232' title='bbox 1727 1955 1878 2033; x_wconf 88' lang='lat' dir='ltr'>habituri,</span> <span class='ocrx_word' id='word_1_233' title='bbox 1903 1955 1930 2019; x_wconf 92' lang='lat' dir='ltr'>si</span> <span class='ocrx_word' id='word_1_234' title='bbox 1952 1952 2046 2018; x_wconf 90' lang='lat' dir='ltr'>modo</span> <span class='ocrx_word' id='word_1_235' title='bbox 2069 1953 2170 2018; x_wconf 89' lang='lat' dir='ltr'>semel</span> 
     </span>
     <span class='ocr_line' id='line_1_22' title="bbox 176 2039 2171 2128; baseline -0.003 -20"><span class='ocrx_word' id='word_1_236' title='bbox 176 2046 276 2128; x_wconf 89' lang='lat' dir='ltr'>iisque</span> <span class='ocrx_word' id='word_1_237' title='bbox 299 2043 431 2126; x_wconf 90' lang='lat' dir='ltr'>optimis</span> <span class='ocrx_word' id='word_1_238' title='bbox 452 2043 534 2107; x_wconf 90' lang='lat' dir='ltr'>viris</span> <span class='ocrx_word' id='word_1_239' title='bbox 556 2043 736 2127; x_wconf 79' lang='lat' dir='ltr'>efflagitare</span> <span class='ocrx_word' id='word_1_240' title='bbox 758 2042 967 2106; x_wconf 84' lang='lat' dir='ltr'>hortaremur</span> <span class='ocrx_word' id='word_1_241' title='bbox 984 2041 1008 2127; x_wconf 89' lang='lat'>¹)</span> <span class='ocrx_word' id='word_1_242' title='bbox 1030 2041 1147 2126; x_wconf 89' lang='lat' dir='ltr'>impel·</span> <span class='ocrx_word' id='word_1_243' title='bbox 1198 2044 1371 2127; x_wconf 85' lang='lat' dir='ltr'>eontigerit</span> <span class='ocrx_word' id='word_1_244' title='bbox 1403 2042 1484 2107; x_wconf 88' lang='lat' dir='ltr'>duas</span> <span class='ocrx_word' id='word_1_245' title='bbox 1516 2043 1597 2106; x_wconf 90' lang='lat' dir='ltr'>istas</span> <span class='ocrx_word' id='word_1_246' title='bbox 1625 2040 1825 2124; x_wconf 88' lang='lat' dir='ltr'>respublieae</span> <span class='ocrx_word' id='word_1_247' title='bbox 1852 2039 2030 2106; x_wconf 84' lang='lat' dir='ltr'>ooalesoero</span> <span class='ocrx_word' id='word_1_248' title='bbox 2062 2049 2097 2104; x_wconf 91' lang='lat' dir='ltr'>et</span> <span class='ocrx_word' id='word_1_249' title='bbox 2129 2039 2171 2102; x_wconf 86' lang='lat' dir='ltr'>ad</span> 
     </span>
     <span class='ocr_line' id='line_1_23' title="bbox 177 2124 2170 2212; baseline -0.002 -18"><span class='ocrx_word' id='word_1_250' title='bbox 177 2130 343 2212; x_wconf 87' lang='lat' dir='ltr'>lerentque</span> <span class='ocrx_word' id='word_1_251' title='bbox 361 2129 480 2194; x_wconf 73' lang='lat' dir='ltr'>batres</span> <span class='ocrx_word' id='word_1_252' title='bbox 497 2129 614 2211; x_wconf 89' lang='lat' dir='ltr'>quibus</span> <span class='ocrx_word' id='word_1_253' title='bbox 632 2127 795 2194; x_wconf 89' lang='lat' dir='ltr'>ereditum</span> <span class='ocrx_word' id='word_1_254' title='bbox 817 2136 867 2193; x_wconf 87' lang='lat' dir='ltr'>est</span> <span class='ocrx_word' id='word_1_255' title='bbox 887 2126 980 2192; x_wconf 90' lang='lat' dir='ltr'>verbi</span> <span class='ocrx_word' id='word_1_256' title='bbox 1000 2129 1146 2193; x_wconf 88' lang='lat' dir='ltr'>ministe·</span> <span class='ocrx_word' id='word_1_257' title='bbox 1199 2129 1372 2212; x_wconf 89' lang='lat' dir='ltr'>pristinam</span> <span class='ocrx_word' id='word_1_258' title='bbox 1393 2127 1501 2192; x_wconf 88' lang='lat' dir='ltr'>redire</span> <span class='ocrx_word' id='word_1_259' title='bbox 1523 2128 1716 2192; x_wconf 89' lang='lat' dir='ltr'>amioitiam:</span> <span class='ocrx_word' id='word_1_260' title='bbox 1746 2127 1797 2190; x_wconf 91' lang='lat' dir='ltr'>oui</span> <span class='ocrx_word' id='word_1_261' title='bbox 1823 2126 1889 2190; x_wconf 87' lang='lat' dir='ltr'>nisi</span> <span class='ocrx_word' id='word_1_262' title='bbox 1917 2124 2029 2190; x_wconf 90' lang='lat' dir='ltr'>sedulo</span> <span class='ocrx_word' id='word_1_263' title='bbox 2057 2145 2170 2190; x_wconf 89' lang='lat' dir='ltr'>omnes</span> 
     </span>
     <span class='ocr_line' id='line_1_24' title="bbox 177 2209 2168 2297; baseline -0.004 -17"><span class='ocrx_word' id='word_1_264' title='bbox 177 2218 269 2294; x_wconf 89' lang='lat' dir='ltr'>rium,</span> <span class='ocrx_word' id='word_1_265' title='bbox 291 2235 357 2279; x_wconf 92' lang='lat' dir='ltr'>non</span> <span class='ocrx_word' id='word_1_266' title='bbox 380 2213 487 2279; x_wconf 88' lang='lat' dir='ltr'>solum</span> <span class='ocrx_word' id='word_1_267' title='bbox 505 2214 660 2279; x_wconf 79' lang='lat' dir='ltr'>Generao</span> <span class='ocrx_word' id='word_1_268' title='bbox 682 2213 795 2278; x_wconf 91' lang='lat' dir='ltr'>sedin</span> <span class='ocrx_word' id='word_1_269' title='bbox 818 2233 905 2278; x_wconf 88' lang='lat' dir='ltr'>nova</span> <span class='ocrx_word' id='word_1_270' title='bbox 926 2234 1052 2297; x_wconf 91' lang='lat' dir='ltr'>quoque</span> <span class='ocrx_word' id='word_1_271' title='bbox 1072 2233 1147 2296; x_wconf 88' lang='lat' dir='ltr'>pro-</span> <span class='ocrx_word' id='word_1_272' title='bbox 1198 2213 1431 2292; x_wconf 90' lang='lat' dir='ltr'>inoumbimus‚</span> <span class='ocrx_word' id='word_1_273' title='bbox 1469 2212 1673 2277; x_wconf 85' lang='lat' dir='ltr'>deelaramus</span> <span class='ocrx_word' id='word_1_274' title='bbox 1705 2233 1764 2276; x_wconf 94' lang='lat' dir='ltr'>nos</span> <span class='ocrx_word' id='word_1_275' title='bbox 1797 2211 1880 2274; x_wconf 90' lang='lat' dir='ltr'>nihil</span> <span class='ocrx_word' id='word_1_276' title='bbox 1913 2209 2032 2275; x_wconf 89' lang='lat' dir='ltr'>habere</span> <span class='ocrx_word' id='word_1_277' title='bbox 2064 2210 2168 2292; x_wconf 90' lang='lat' dir='ltr'>pensi,</span> 
     </span>
     <span class='ocr_line' id='line_1_25' title="bbox 177 2293 2169 2385; baseline -0.004 -19"><span class='ocrx_word' id='word_1_278' title='bbox 177 2301 329 2385; x_wconf 79' lang='lat' dir='ltr'>vineia,²)</span> <span class='ocrx_word' id='word_1_279' title='bbox 352 2321 492 2382; x_wconf 88' lang='lat' dir='ltr'>quorum</span> <span class='ocrx_word' id='word_1_280' title='bbox 510 2301 598 2364; x_wconf 91' lang='lat' dir='ltr'>votis</span> <span class='ocrx_word' id='word_1_281' title='bbox 616 2301 750 2365; x_wconf 89' lang='lat' dir='ltr'>aooessit</span> <span class='ocrx_word' id='word_1_282' title='bbox 767 2299 1097 2383; x_wconf 82' lang='lat' dir='ltr'>Argentoratensium</span> <span class='ocrx_word' id='word_1_283' title='bbox 1116 2305 1149 2362; x_wconf 89' lang='lat' dir='ltr'>et</span> <span class='ocrx_word' id='word_1_284' title='bbox 1199 2300 1325 2364; x_wconf 89' lang='lat' dir='ltr'>nullam</span> <span class='ocrx_word' id='word_1_285' title='bbox 1353 2320 1465 2364; x_wconf 88' lang='lat' dir='ltr'>euram</span> <span class='ocrx_word' id='word_1_286' title='bbox 1493 2307 1662 2363; x_wconf 88' lang='lat' dir='ltr'>tantarum</span> <span class='ocrx_word' id='word_1_287' title='bbox 1690 2297 1913 2374; x_wconf 76' lang='lat' dir='ltr'>eeclesiarum,</span> <span class='ocrx_word' id='word_1_288' title='bbox 1942 2298 2007 2360; x_wconf 91' lang='lat' dir='ltr'>imo</span> <span class='ocrx_word' id='word_1_289' title='bbox 2036 2293 2169 2374; x_wconf 84' lang='lat' dir='ltr'>Ohristi,</span> 
     </span>
     <span class='ocr_line' id='line_1_26' title="bbox 177 2381 2171 2468; baseline -0.005 -16"><span class='ocrx_word' id='word_1_290' title='bbox 177 2387 406 2452; x_wconf 87' lang='lat' dir='ltr'>Basiliensium</span> <span class='ocrx_word' id='word_1_291' title='bbox 435 2385 606 2450; x_wconf 88' lang='lat' dir='ltr'>eonsilium</span> <span class='ocrx_word' id='word_1_292' title='bbox 636 2393 669 2450; x_wconf 91' lang='lat' dir='ltr'>et</span> <span class='ocrx_word' id='word_1_293' title='bbox 697 2386 810 2450; x_wconf 89' lang='lat' dir='ltr'>literae</span> <span class='ocrx_word' id='word_1_294' title='bbox 837 2385 974 2468; x_wconf 90' lang='lat' dir='ltr'>(eorum,</span> <span class='ocrx_word' id='word_1_295' title='bbox 1002 2386 1146 2468; x_wconf 90' lang='lat' dir='ltr'>inquam,</span> <span class='ocrx_word' id='word_1_296' title='bbox 1199 2387 1394 2451; x_wconf 79' lang='lat' dir='ltr'>christianae</span> <span class='ocrx_word' id='word_1_297' title='bbox 1406 2383 1572 2468; x_wconf 86' lang='lat' dir='ltr'>religionis</span> <span class='ocrx_word' id='word_1_298' title='bbox 1583 2389 1617 2448; x_wconf 90' lang='lat' dir='ltr'>et</span> <span class='ocrx_word' id='word_1_299' title='bbox 1631 2384 1784 2448; x_wconf 87' lang='lat' dir='ltr'>oaritatis.</span> <span class='ocrx_word' id='word_1_300' title='bbox 1829 2382 1903 2446; x_wconf 92' lang='lat' dir='ltr'>Non</span> <span class='ocrx_word' id='word_1_301' title='bbox 1925 2387 2062 2464; x_wconf 89' lang='lat' dir='ltr'>possunt</span> <span class='ocrx_word' id='word_1_302' title='bbox 2083 2381 2171 2444; x_wconf 91' lang='lat' dir='ltr'>enim</span> 
     </span>
     <span class='ocr_line' id='line_1_27' title="bbox 178 2466 2170 2556; baseline -0.004 -18"><span class='ocrx_word' id='word_1_303' title='bbox 178 2474 231 2556; x_wconf 88' lang='lat' dir='ltr'>qui</span> <span class='ocrx_word' id='word_1_304' title='bbox 252 2481 285 2537; x_wconf 89' lang='lat' dir='ltr'>et</span> <span class='ocrx_word' id='word_1_305' title='bbox 306 2471 510 2556; x_wconf 77' lang='lat' dir='ltr'>Asgentinae</span> <span class='ocrx_word' id='word_1_306' title='bbox 531 2479 609 2536; x_wconf 89' lang='lat' dir='ltr'>sunt</span> <span class='ocrx_word' id='word_1_307' title='bbox 631 2479 665 2536; x_wconf 93' lang='lat' dir='ltr'>et</span> <span class='ocrx_word' id='word_1_308' title='bbox 680 2470 885 2536; x_wconf 89' lang='lat' dir='ltr'>Volmaoiam</span> <span class='ocrx_word' id='word_1_309' title='bbox 909 2470 1147 2555; x_wconf 76' lang='lat' dir='ltr'>convenerunt)</span> <span class='ocrx_word' id='word_1_310' title='bbox 1198 2471 1281 2537; x_wconf 91' lang='lat' dir='ltr'>istae</span> <span class='ocrx_word' id='word_1_311' title='bbox 1300 2470 1501 2553; x_wconf 82' lang='lat' dir='ltr'>respublicae</span> <span class='ocrx_word' id='word_1_312' title='bbox 1523 2469 1640 2534; x_wconf 89' lang='lat' dir='ltr'>animis</span> <span class='ocrx_word' id='word_1_313' title='bbox 1662 2468 1811 2547; x_wconf 88' lang='lat' dir='ltr'>dissilire,</span> <span class='ocrx_word' id='word_1_314' title='bbox 1835 2469 1972 2551; x_wconf 84' lang='lat' dir='ltr'>seiungi,</span> <span class='ocrx_word' id='word_1_315' title='bbox 2001 2466 2063 2531; x_wconf 91' lang='lat' dir='ltr'>sibi</span> <span class='ocrx_word' id='word_1_316' title='bbox 2091 2467 2170 2548; x_wconf 81' lang='lat' dir='ltr'>ipsis</span> 
     </span>
     <span class='ocr_line' id='line_1_28' title="bbox 177 2553 2169 2642; baseline -0.005 -18"><span class='ocrx_word' id='word_1_317' title='bbox 177 2559 290 2642; x_wconf 92' lang='lat' dir='ltr'>quibus</span> <span class='ocrx_word' id='word_1_318' title='bbox 320 2557 548 2622; x_wconf 81' lang='lat' dir='ltr'>Genevenaem</span> <span class='ocrx_word' id='word_1_319' title='bbox 578 2564 729 2621; x_wconf 87' lang='lat' dir='ltr'>senatum</span> <span class='ocrx_word' id='word_1_320' title='bbox 757 2556 990 2634; x_wconf 87' lang='lat' dir='ltr'>admonebant,</span> <span class='ocrx_word' id='word_1_321' title='bbox 1023 2563 1063 2620; x_wconf 91' lang='lat' dir='ltr'>nt</span> <span class='ocrx_word' id='word_1_322' title='bbox 1094 2576 1147 2620; x_wconf 90' lang='lat' dir='ltr'>me</span> <span class='ocrx_word' id='word_1_323' title='bbox 1200 2555 1375 2634; x_wconf 88' lang='lat' dir='ltr'>adversari,</span> <span class='ocrx_word' id='word_1_324' title='bbox 1401 2557 1465 2619; x_wconf 91' lang='lat' dir='ltr'>nisi</span> <span class='ocrx_word' id='word_1_325' title='bbox 1489 2555 1634 2619; x_wconf 87' lang='lat' dir='ltr'>maxima</span> <span class='ocrx_word' id='word_1_326' title='bbox 1655 2553 1862 2638; x_wconf 68' lang='lat' dir='ltr'>evangelistae</span> <span class='ocrx_word' id='word_1_327' title='bbox 1883 2553 2014 2638; x_wconf 88' lang='lat' dir='ltr'>pietatis</span> <span class='ocrx_word' id='word_1_328' title='bbox 2035 2553 2169 2628; x_wconf 87' lang='lat' dir='ltr'>iaetura,</span> 
     </span>
     <span class='ocr_line' id='line_1_29' title="bbox 177 2640 2169 2722; baseline -0.006 -13"><span class='ocrx_word' id='word_1_329' title='bbox 177 2645 240 2709; x_wconf 89' lang='lat' dir='ltr'>hue</span> <span class='ocrx_word' id='word_1_330' title='bbox 261 2643 421 2708; x_wconf 89' lang='lat' dir='ltr'>dedueero</span> <span class='ocrx_word' id='word_1_331' title='bbox 442 2649 604 2721; x_wconf 87' lang='lat' dir='ltr'>onrarent,</span> <span class='ocrx_word' id='word_1_332' title='bbox 627 2642 814 2707; x_wconf 88' lang='lat' dir='ltr'>Beruenses</span> <span class='ocrx_word' id='word_1_333' title='bbox 840 2642 924 2706; x_wconf 91' lang='lat' dir='ltr'>bona</span> <span class='ocrx_word' id='word_1_334' title='bbox 952 2661 1029 2705; x_wconf 92' lang='lat' dir='ltr'>oum</span> <span class='ocrx_word' id='word_1_335' title='bbox 1051 2641 1148 2706; x_wconf 85' lang='lat' dir='ltr'>venia</span> <span class='ocrx_word' id='word_1_336' title='bbox 1199 2642 1344 2706; x_wconf 90' lang='lat' dir='ltr'>omnium</span> <span class='ocrx_word' id='word_1_337' title='bbox 1364 2641 1573 2706; x_wconf 82' lang='lat' dir='ltr'>ecelesiarum</span> <span class='ocrx_word' id='word_1_338' title='bbox 1590 2640 1717 2717; x_wconf 91' lang='lat' dir='ltr'>damno,</span> <span class='ocrx_word' id='word_1_339' title='bbox 1739 2640 1869 2722; x_wconf 91' lang='lat' dir='ltr'>piorum</span> <span class='ocrx_word' id='word_1_340' title='bbox 1885 2657 2030 2704; x_wconf 88' lang='lat' dir='ltr'>moerore</span> <span class='ocrx_word' id='word_1_341' title='bbox 2048 2645 2079 2700; x_wconf 89' lang='lat' dir='ltr'>et</span> <span class='ocrx_word' id='word_1_342' title='bbox 2096 2653 2169 2698; x_wconf 88' lang='lat' dir='ltr'>oru-</span> 
     </span>
     <span class='ocr_line' id='line_1_30' title="bbox 176 2719 2169 2814; baseline -0.005 -20"><span class='ocrx_word' id='word_1_343' title='bbox 176 2729 208 2794; x_wconf 88' lang='lat' dir='ltr'>id</span> <span class='ocrx_word' id='word_1_344' title='bbox 239 2727 471 2814; x_wconf 86' lang='lat' dir='ltr'>permitterent</span> <span class='ocrx_word' id='word_1_345' title='bbox 502 2728 733 2810; x_wconf 79' lang='lat' dir='ltr'>precabantur,</span> <span class='ocrx_word' id='word_1_346' title='bbox 772 2747 810 2792; x_wconf 89' lang='lat' dir='ltr'>ao</span> <span class='ocrx_word' id='word_1_347' title='bbox 849 2749 901 2791; x_wconf 92' lang='lat' dir='ltr'>me</span> <span class='ocrx_word' id='word_1_348' title='bbox 932 2725 1072 2809; x_wconf 91' lang='lat' dir='ltr'>donique</span> <span class='ocrx_word' id='word_1_349' title='bbox 1104 2747 1147 2791; x_wconf 90' lang='lat' dir='ltr'>ne</span> <span class='ocrx_word' id='word_1_350' title='bbox 1199 2728 1299 2804; x_wconf 79' lang='lat' dir='ltr'>niatu,</span> <span class='ocrx_word' id='word_1_351' title='bbox 1340 2726 1513 2808; x_wconf 90' lang='lat' dir='ltr'>impiorum</span> <span class='ocrx_word' id='word_1_352' title='bbox 1553 2725 1727 2808; x_wconf 87' lang='lat' dir='ltr'>applausu,</span> <span class='ocrx_word' id='word_1_353' title='bbox 1767 2725 1939 2807; x_wconf 90' lang='lat' dir='ltr'>utriusque</span> <span class='ocrx_word' id='word_1_354' title='bbox 1976 2719 2169 2805; x_wconf 86' lang='lat' dir='ltr'>reipublioae</span> 
     </span>
     <span class='ocr_line' id='line_1_31' title="bbox 176 2808 2171 2898; baseline -0.005 -18"><span class='ocrx_word' id='word_1_355' title='bbox 176 2835 339 2880; x_wconf 89' lang='lat' dir='ltr'>morosum</span> <span class='ocrx_word' id='word_1_356' title='bbox 356 2835 394 2878; x_wconf 89' lang='lat' dir='ltr'>ae</span> <span class='ocrx_word' id='word_1_357' title='bbox 410 2813 627 2898; x_wconf 87' lang='lat' dir='ltr'>refragarium</span> <span class='ocrx_word' id='word_1_358' title='bbox 644 2812 781 2877; x_wconf 92' lang='lat' dir='ltr'>nimium</span> <span class='ocrx_word' id='word_1_359' title='bbox 799 2813 998 2896; x_wconf 87' lang='lat' dir='ltr'>praeberem,</span> <span class='ocrx_word' id='word_1_360' title='bbox 1015 2813 1044 2877; x_wconf 93' lang='lat' dir='ltr'>si</span> <span class='ocrx_word' id='word_1_361' title='bbox 1060 2812 1148 2876; x_wconf 88' lang='lat' dir='ltr'>iusta</span> <span class='ocrx_word' id='word_1_362' title='bbox 1199 2809 1412 2889; x_wconf 76' lang='lat' dir='ltr'>incommodo,</span> <span class='ocrx_word' id='word_1_363' title='bbox 1435 2812 1586 2876; x_wconf 89' lang='lat' dir='ltr'>molestia</span> <span class='ocrx_word' id='word_1_364' title='bbox 1608 2819 1642 2874; x_wconf 91' lang='lat' dir='ltr'>et</span> <span class='ocrx_word' id='word_1_365' title='bbox 1662 2811 1852 2894; x_wconf 86' lang='lat' dir='ltr'>ignominia.</span> <span class='ocrx_word' id='word_1_366' title='bbox 1885 2808 1926 2873; x_wconf 94' lang='lat' dir='ltr'>Id</span> <span class='ocrx_word' id='word_1_367' title='bbox 1947 2817 2055 2872; x_wconf 88' lang='lat' dir='ltr'>autem</span> <span class='ocrx_word' id='word_1_368' title='bbox 2076 2825 2171 2888; x_wconf 89' lang='lat' dir='ltr'>spero</span> 
     </span>
     <span class='ocr_line' id='line_1_32' title="bbox 176 2891 2169 2982; baseline -0.005 -16"><span class='ocrx_word' id='word_1_369' title='bbox 176 2902 255 2966; x_wconf 89' lang='lat' dir='ltr'>mihi</span> <span class='ocrx_word' id='word_1_370' title='bbox 270 2899 464 2982; x_wconf 65' lang='lat' dir='ltr'>offereturl)</span> <span class='ocrx_word' id='word_1_371' title='bbox 483 2899 621 2965; x_wconf 87' lang='lat' dir='ltr'>ooeasio:</span> <span class='ocrx_word' id='word_1_372' title='bbox 639 2919 705 2962; x_wconf 90' lang='lat' dir='ltr'>non</span> <span class='ocrx_word' id='word_1_373' title='bbox 722 2897 824 2980; x_wconf 84' lang='lat' dir='ltr'>potui,</span> <span class='ocrx_word' id='word_1_374' title='bbox 842 2897 1020 2981; x_wconf 87' lang='lat' dir='ltr'>quamlibet</span> <span class='ocrx_word' id='word_1_375' title='bbox 1035 2898 1147 2961; x_wconf 85' lang='lat' dir='ltr'>formi-</span> <span class='ocrx_word' id='word_1_376' title='bbox 1199 2897 1333 2962; x_wconf 90' lang='lat' dir='ltr'>tandem</span> <span class='ocrx_word' id='word_1_377' title='bbox 1356 2897 1507 2961; x_wconf 87' lang='lat' dir='ltr'>effoetum</span> <span class='ocrx_word' id='word_1_378' title='bbox 1529 2896 1580 2974; x_wconf 90' lang='lat' dir='ltr'>iri,</span> <span class='ocrx_word' id='word_1_379' title='bbox 1603 2905 1637 2961; x_wconf 91' lang='lat' dir='ltr'>et</span> <span class='ocrx_word' id='word_1_380' title='bbox 1657 2897 1741 2961; x_wconf 87' lang='lat' dir='ltr'>forte</span> <span class='ocrx_word' id='word_1_381' title='bbox 1762 2897 1872 2960; x_wconf 90' lang='lat' dir='ltr'>minus</span> <span class='ocrx_word' id='word_1_382' title='bbox 1892 2901 1979 2960; x_wconf 86' lang='lat' dir='ltr'>esset</span> <span class='ocrx_word' id='word_1_383' title='bbox 1998 2891 2169 2970; x_wconf 87' lang='lat' dir='ltr'>malorum,</span> 
     </span>
     <span class='ocr_line' id='line_1_33' title="bbox 178 2980 2170 3072; baseline -0.006 -20"><span class='ocrx_word' id='word_1_384' title='bbox 178 2987 307 3052; x_wconf 89' lang='lat' dir='ltr'>dolosus</span> <span class='ocrx_word' id='word_1_385' title='bbox 337 2984 483 3068; x_wconf 88' lang='lat' dir='ltr'>trepidus</span> <span class='ocrx_word' id='word_1_386' title='bbox 492 2983 521 3072; x_wconf 90' lang='lat'>⁴)</span> <span class='ocrx_word' id='word_1_387' title='bbox 552 2983 593 3048; x_wconf 88' lang='lat' dir='ltr'>ad</span> <span class='ocrx_word' id='word_1_388' title='bbox 625 2991 753 3048; x_wconf 86' lang='lat' dir='ltr'>tantam</span> <span class='ocrx_word' id='word_1_389' title='bbox 785 2981 989 3048; x_wconf 88' lang='lat' dir='ltr'>subeundam</span> <span class='ocrx_word' id='word_1_390' title='bbox 1017 2983 1146 3062; x_wconf 90' lang='lat' dir='ltr'>molem,</span> <span class='ocrx_word' id='word_1_391' title='bbox 1200 2985 1306 3048; x_wconf 88' lang='lat' dir='ltr'>sitam</span> <span class='ocrx_word' id='word_1_392' title='bbox 1317 2980 1610 3046; x_wconf 91' lang='lat' dir='ltr'>multiinoeudium</span> <span class='ocrx_word' id='word_1_393' title='bbox 1623 2983 1832 3065; x_wconf 81' lang='lat' dir='ltr'>exstinguere</span> <span class='ocrx_word' id='word_1_394' title='bbox 1850 2983 2051 3054; x_wconf 78' lang='lat' dir='ltr'>uenerantur,</span> <span class='ocrx_word' id='word_1_395' title='bbox 2070 2996 2170 3057; x_wconf 88' lang='lat' dir='ltr'>quam</span> 
     </span>
     <span class='ocr_line' id='line_1_34' title="bbox 177 3061 2168 3152; baseline -0.007 -14"><span class='ocrx_word' id='word_1_396' title='bbox 177 3074 228 3138; x_wconf 90' lang='lat' dir='ltr'>oui</span> <span class='ocrx_word' id='word_1_397' title='bbox 255 3072 396 3137; x_wconf 89' lang='lat' dir='ltr'>nimium</span> <span class='ocrx_word' id='word_1_398' title='bbox 424 3089 515 3136; x_wconf 91' lang='lat' dir='ltr'>meos</span> <span class='ocrx_word' id='word_1_399' title='bbox 544 3070 649 3136; x_wconf 91' lang='lat' dir='ltr'>sentio</span> <span class='ocrx_word' id='word_1_400' title='bbox 681 3069 836 3134; x_wconf 90' lang='lat' dir='ltr'>humeros</span> <span class='ocrx_word' id='word_1_401' title='bbox 864 3069 1022 3152; x_wconf 90' lang='lat' dir='ltr'>impares,</span> <span class='ocrx_word' id='word_1_402' title='bbox 1056 3087 1148 3134; x_wconf 87' lang='lat' dir='ltr'>meae</span> <span class='ocrx_word' id='word_1_403' title='bbox 1199 3068 1296 3134; x_wconf 91' lang='lat' dir='ltr'>multi</span> <span class='ocrx_word' id='word_1_404' title='bbox 1312 3067 1468 3152; x_wconf 77' lang='lat' dir='ltr'>frigidum</span> <span class='ocrx_word' id='word_1_405' title='bbox 1487 3065 1689 3144; x_wconf 83' lang='lat' dir='ltr'>suffundent,</span> <span class='ocrx_word' id='word_1_406' title='bbox 1712 3075 1746 3130; x_wconf 90' lang='lat' dir='ltr'>st</span> <span class='ocrx_word' id='word_1_407' title='bbox 1766 3065 1891 3130; x_wconf 89' lang='lat' dir='ltr'>addunt</span> <span class='ocrx_word' id='word_1_408' title='bbox 1910 3061 2017 3126; x_wconf 90' lang='lat' dir='ltr'>oleum</span> <span class='ocrx_word' id='word_1_409' title='bbox 2039 3061 2168 3126; x_wconf 91' lang='lat' dir='ltr'>oamino</span> 
     </span>
     <span class='ocr_line' id='line_1_35' title="bbox 179 3145 2168 3242; baseline -0.008 -18"><span class='ocrx_word' id='word_1_410' title='bbox 179 3159 323 3224; x_wconf 89' lang='lat' dir='ltr'>oonsoius</span> <span class='ocrx_word' id='word_1_411' title='bbox 364 3155 605 3240; x_wconf 88' lang='lat' dir='ltr'>imprudentiae</span> <span class='ocrx_word' id='word_1_412' title='bbox 649 3155 840 3220; x_wconf 73' lang='lat' dir='ltr'>oscitantiae</span> <span class='ocrx_word' id='word_1_413' title='bbox 882 3155 1077 3219; x_wconf 85' lang='lat' dir='ltr'>temeritatis</span> <span class='ocrx_word' id='word_1_414' title='bbox 1116 3162 1149 3218; x_wconf 89' lang='lat' dir='ltr'>et</span> <span class='ocrx_word' id='word_1_415' title='bbox 1200 3155 1362 3238; x_wconf 87' lang='lat' dir='ltr'>utrinque.</span> <span class='ocrx_word' id='word_1_416' title='bbox 1407 3154 1455 3218; x_wconf 84' lang='lat' dir='ltr'>At</span> <span class='ocrx_word' id='word_1_417' title='bbox 1471 3151 1635 3217; x_wconf 90' lang='lat' dir='ltr'>Dominus</span> <span class='ocrx_word' id='word_1_418' title='bbox 1652 3153 1760 3217; x_wconf 86' lang='lat' dir='ltr'>iustus</span> <span class='ocrx_word' id='word_1_419' title='bbox 1777 3150 1875 3216; x_wconf 89' lang='lat' dir='ltr'>iudex</span> <span class='ocrx_word' id='word_1_420' title='bbox 1899 3145 2029 3211; x_wconf 87' lang='lat' dir='ltr'>tandem</span> <span class='ocrx_word' id='word_1_421' title='bbox 2046 3145 2168 3242; x_wconf 33' lang='lat' dir='ltr'>&#39;probet</span> 
     </span>
     <span class='ocr_line' id='line_1_36' title="bbox 179 3231 2169 3322; baseline -0.006 -14"><span class='ocrx_word' id='word_1_422' title='bbox 179 3244 332 3322; x_wconf 79' lang='lat' dir='ltr'>institiae,</span> <span class='ocrx_word' id='word_1_423' title='bbox 357 3243 442 3307; x_wconf 89' lang='lat' dir='ltr'>bona</span> <span class='ocrx_word' id='word_1_424' title='bbox 464 3241 662 3307; x_wconf 80' lang='lat' dir='ltr'>eonscientia</span> <span class='ocrx_word' id='word_1_425' title='bbox 683 3247 732 3304; x_wconf 89' lang='lat' dir='ltr'>tot</span> <span class='ocrx_word' id='word_1_426' title='bbox 754 3245 980 3305; x_wconf 86' lang='lat' dir='ltr'>autentorum</span> <span class='ocrx_word' id='word_1_427' title='bbox 1001 3240 1148 3306; x_wconf 81' lang='lat' dir='ltr'>viromm</span> <span class='ocrx_word' id='word_1_428' title='bbox 1200 3249 1330 3306; x_wconf 86' lang='lat' dir='ltr'>autores</span> <span class='ocrx_word' id='word_1_429' title='bbox 1347 3241 1466 3316; x_wconf 87' lang='lat' dir='ltr'>horum</span> <span class='ocrx_word' id='word_1_430' title='bbox 1483 3238 1645 3304; x_wconf 90' lang='lat' dir='ltr'>malorum</span> <span class='ocrx_word' id='word_1_431' title='bbox 1663 3243 1697 3302; x_wconf 92' lang='lat' dir='ltr'>et</span> <span class='ocrx_word' id='word_1_432' title='bbox 1714 3238 1770 3318; x_wconf 92' lang='lat' dir='ltr'>qui</span> <span class='ocrx_word' id='word_1_433' title='bbox 1787 3237 1993 3318; x_wconf 89' lang='lat' dir='ltr'>piosnostros</span> <span class='ocrx_word' id='word_1_434' title='bbox 2004 3231 2169 3313; x_wconf 88' lang='lat' dir='ltr'>pnnoipes</span> 
     </span>
     <span class='ocr_line' id='line_1_37' title="bbox 180 3315 2170 3402; baseline -0.008 -7"><span class='ocrx_word' id='word_1_435' title='bbox 180 3331 387 3396; x_wconf 90' lang='lat' dir='ltr'>oonfirmatus</span> <span class='ocrx_word' id='word_1_436' title='bbox 421 3327 596 3393; x_wconf 86' lang='lat' dir='ltr'>autoritate</span> <span class='ocrx_word' id='word_1_437' title='bbox 629 3335 663 3390; x_wconf 89' lang='lat' dir='ltr'>et</span> <span class='ocrx_word' id='word_1_438' title='bbox 692 3325 888 3390; x_wconf 82' lang='lat' dir='ltr'>testimoniis</span> <span class='ocrx_word' id='word_1_439' title='bbox 914 3325 1034 3391; x_wconf 89' lang='lat' dir='ltr'>iustam</span> <span class='ocrx_word' id='word_1_440' title='bbox 1062 3326 1148 3392; x_wconf 88' lang='lat' dir='ltr'>hano</span> <span class='ocrx_word' id='word_1_441' title='bbox 1200 3329 1234 3392; x_wconf 92' lang='lat' dir='ltr'>in</span> <span class='ocrx_word' id='word_1_442' title='bbox 1252 3326 1360 3391; x_wconf 89' lang='lat' dir='ltr'>taedia</span> <span class='ocrx_word' id='word_1_443' title='bbox 1378 3347 1473 3392; x_wconf 90' lang='lat' dir='ltr'>ouras</span> <span class='ocrx_word' id='word_1_444' title='bbox 1491 3333 1524 3389; x_wconf 89' lang='lat' dir='ltr'>et</span> <span class='ocrx_word' id='word_1_445' title='bbox 1540 3323 1705 3389; x_wconf 89' lang='lat' dir='ltr'>molestias</span> <span class='ocrx_word' id='word_1_446' title='bbox 1722 3324 1799 3388; x_wconf 89' lang='lat' dir='ltr'>istas</span> <span class='ocrx_word' id='word_1_447' title='bbox 1815 3323 2053 3402; x_wconf 84' lang='lat' dir='ltr'>pertraxerunt.</span> <span class='ocrx_word' id='word_1_448' title='bbox 2084 3315 2170 3380; x_wconf 92' lang='lat' dir='ltr'>Utut</span> 
     </span>
     <span class='ocr_line' id='line_1_38' title="bbox 181 3399 2167 3496; baseline -0.008 -16"><span class='ocrx_word' id='word_1_449' title='bbox 181 3435 250 3480; x_wconf 88' lang='lat' dir='ltr'>esse</span> <span class='ocrx_word' id='word_1_450' title='bbox 270 3413 472 3480; x_wconf 73' lang='lat' dir='ltr'>rapotonem</span> <span class='ocrx_word' id='word_1_451' title='bbox 494 3412 627 3477; x_wconf 90' lang='lat' dir='ltr'>Domini</span> <span class='ocrx_word' id='word_1_452' title='bbox 649 3411 808 3490; x_wconf 88' lang='lat' dir='ltr'>dubitare,</span> <span class='ocrx_word' id='word_1_453' title='bbox 831 3411 953 3476; x_wconf 81' lang='lat' dir='ltr'>diutim</span> <span class='ocrx_word' id='word_1_454' title='bbox 970 3433 1023 3477; x_wconf 91' lang='lat' dir='ltr'>mo</span> <span class='ocrx_word' id='word_1_455' title='bbox 1040 3412 1148 3496; x_wconf 86' lang='lat' dir='ltr'>ipsum</span> <span class='ocrx_word' id='word_1_456' title='bbox 1199 3435 1253 3478; x_wconf 90' lang='lat' dir='ltr'>res</span> <span class='ocrx_word' id='word_1_457' title='bbox 1274 3412 1424 3490; x_wconf 88' lang='lat' dir='ltr'>habeant,</span> <span class='ocrx_word' id='word_1_458' title='bbox 1448 3429 1527 3476; x_wconf 88' lang='lat' dir='ltr'>oure</span> <span class='ocrx_word' id='word_1_459' title='bbox 1548 3417 1598 3476; x_wconf 88' lang='lat' dir='ltr'>est</span> <span class='ocrx_word' id='word_1_460' title='bbox 1619 3408 1712 3474; x_wconf 90' lang='lat' dir='ltr'>nobis</span> <span class='ocrx_word' id='word_1_461' title='bbox 1729 3399 1931 3487; x_wconf 87' lang='lat' dir='ltr'>suseipienda</span> <span class='ocrx_word' id='word_1_462' title='bbox 1948 3400 2167 3480; x_wconf 88' lang='lat' dir='ltr'>eoelesiarum,</span> 
     </span>
     <span class='ocr_line' id='line_1_39' title="bbox 181 3487 2168 3586; baseline -0.008 -22"><span class='ocrx_word' id='word_1_463' title='bbox 181 3501 341 3586; x_wconf 83' lang='lat' dir='ltr'>flagitanti</span> <span class='ocrx_word' id='word_1_464' title='bbox 349 3498 502 3565; x_wconf 78' lang='lat' dir='ltr'>ecelesiae</span> <span class='ocrx_word' id='word_1_465' title='bbox 509 3497 679 3582; x_wconf 84' lang='lat' dir='ltr'>denegare,</span> <span class='ocrx_word' id='word_1_466' title='bbox 692 3496 962 3580; x_wconf 89' lang='lat' dir='ltr'>quinadtempus</span> <span class='ocrx_word' id='word_1_467' title='bbox 972 3498 1149 3562; x_wconf 86' lang='lat' dir='ltr'>inviserem</span> <span class='ocrx_word' id='word_1_468' title='bbox 1200 3498 1330 3564; x_wconf 90' lang='lat' dir='ltr'>etiamsi</span> <span class='ocrx_word' id='word_1_469' title='bbox 1350 3498 1499 3562; x_wconf 91' lang='lat' dir='ltr'>homines</span> <span class='ocrx_word' id='word_1_470' title='bbox 1521 3503 1630 3562; x_wconf 89' lang='lat' dir='ltr'>esseut</span> <span class='ocrx_word' id='word_1_471' title='bbox 1651 3491 1805 3578; x_wconf 90' lang='lat' dir='ltr'>bipedum</span> <span class='ocrx_word' id='word_1_472' title='bbox 1815 3489 1840 3574; x_wconf 80' lang='lat'>⁹)</span> <span class='ocrx_word' id='word_1_473' title='bbox 1869 3487 2017 3551; x_wconf 90' lang='lat' dir='ltr'>omnium</span> <span class='ocrx_word' id='word_1_474' title='bbox 2037 3488 2168 3570; x_wconf 88' lang='lat' dir='ltr'>nequis-</span> 
     </span>
     <span class='ocr_line' id='line_1_40' title="bbox 180 3573 2169 3671; baseline -0.006 -21"><span class='ocrx_word' id='word_1_475' title='bbox 180 3595 213 3650; x_wconf 91' lang='lat' dir='ltr'>et</span> <span class='ocrx_word' id='word_1_476' title='bbox 243 3606 304 3668; x_wconf 88' lang='lat' dir='ltr'>pro</span> <span class='ocrx_word' id='word_1_477' title='bbox 334 3605 408 3649; x_wconf 93' lang='lat' dir='ltr'>meo</span> <span class='ocrx_word' id='word_1_478' title='bbox 440 3583 571 3648; x_wconf 90' lang='lat' dir='ltr'>modulo</span> <span class='ocrx_word' id='word_1_479' title='bbox 604 3582 771 3648; x_wconf 86' lang='lat' dir='ltr'>studerem</span> <span class='ocrx_word' id='word_1_480' title='bbox 804 3582 979 3668; x_wconf 87' lang='lat' dir='ltr'>oollapsam</span> <span class='ocrx_word' id='word_1_481' title='bbox 1012 3584 1148 3668; x_wconf 85' lang='lat' dir='ltr'>erigere,</span> <span class='ocrx_word' id='word_1_482' title='bbox 1201 3585 1284 3651; x_wconf 90' lang='lat' dir='ltr'>simi.</span> <span class='ocrx_word' id='word_1_483' title='bbox 1328 3581 1434 3648; x_wconf 90' lang='lat' dir='ltr'>Video</span> <span class='ocrx_word' id='word_1_484' title='bbox 1456 3583 1639 3648; x_wconf 77' lang='lat' dir='ltr'>certissima</span> <span class='ocrx_word' id='word_1_485' title='bbox 1660 3574 1897 3660; x_wconf 74' lang='lat' dir='ltr'>resipiscentiae</span> <span class='ocrx_word' id='word_1_486' title='bbox 1919 3573 2023 3671; x_wconf 77' lang='lat' dir='ltr'>signa,</span> <span class='ocrx_word' id='word_1_487' title='bbox 2045 3573 2169 3638; x_wconf 84' lang='lat' dir='ltr'>laetum</span> 
     </span>
     <span class='ocr_line' id='line_1_41' title="bbox 181 3659 2168 3759; baseline -0.007 -23"><span class='ocrx_word' id='word_1_488' title='bbox 181 3669 401 3759; x_wconf 67' lang='lat' dir='ltr'>[sefflerturus</span> <span class='ocrx_word' id='word_1_489' title='bbox 422 3669 576 3734; x_wconf 91' lang='lat' dir='ltr'>nimirum</span> <span class='ocrx_word' id='word_1_490' title='bbox 598 3671 626 3735; x_wconf 88' lang='lat' dir='ltr'>ai</span> <span class='ocrx_word' id='word_1_491' title='bbox 648 3669 717 3734; x_wconf 88' lang='lat' dir='ltr'>eius</span> <span class='ocrx_word' id='word_1_492' title='bbox 738 3668 973 3734; x_wconf 82' lang='lat' dir='ltr'>instaurandae</span> <span class='ocrx_word' id='word_1_493' title='bbox 993 3689 1068 3752; x_wconf 90' lang='lat' dir='ltr'>spes</span> <span class='ocrx_word' id='word_1_494' title='bbox 1090 3668 1148 3733; x_wconf 88' lang='lat' dir='ltr'>ali-</span> <span class='ocrx_word' id='word_1_495' title='bbox 1201 3669 1304 3748; x_wconf 88' lang='lat' dir='ltr'>deiioi,</span> <span class='ocrx_word' id='word_1_496' title='bbox 1328 3669 1511 3734; x_wconf 85' lang='lat' dir='ltr'>simultates</span> <span class='ocrx_word' id='word_1_497' title='bbox 1532 3667 1690 3750; x_wconf 87' lang='lat' dir='ltr'>paulatim</span> <span class='ocrx_word' id='word_1_498' title='bbox 1709 3659 1822 3726; x_wconf 89' lang='lat' dir='ltr'>revelli</span> <span class='ocrx_word' id='word_1_499' title='bbox 1844 3680 1885 3723; x_wconf 89' lang='lat' dir='ltr'>ex</span> <span class='ocrx_word' id='word_1_500' title='bbox 1908 3659 2035 3736; x_wconf 86' lang='lat' dir='ltr'>ommis,</span> <span class='ocrx_word' id='word_1_501' title='bbox 2063 3659 2168 3723; x_wconf 87' lang='lat' dir='ltr'>maxi-</span> 
     </span>
     <span class='ocr_line' id='line_1_42' title="bbox 180 3744 2167 3842; baseline -0.008 -20"><span class='ocrx_word' id='word_1_502' title='bbox 180 3779 240 3841; x_wconf 90' lang='lat' dir='ltr'>qua</span> <span class='ocrx_word' id='word_1_503' title='bbox 257 3757 439 3842; x_wconf 79' lang='lat' dir='ltr'>affulgeret.</span> <span class='ocrx_word' id='word_1_504' title='bbox 481 3755 647 3821; x_wconf 88' lang='lat' dir='ltr'>Deseendi</span> <span class='ocrx_word' id='word_1_505' title='bbox 663 3755 773 3838; x_wconf 89' lang='lat' dir='ltr'>itaque</span> <span class='ocrx_word' id='word_1_506' title='bbox 791 3755 826 3818; x_wconf 92' lang='lat' dir='ltr'>in</span> <span class='ocrx_word' id='word_1_507' title='bbox 844 3775 913 3819; x_wconf 91' lang='lat' dir='ltr'>rem</span> <span class='ocrx_word' id='word_1_508' title='bbox 931 3761 1148 3837; x_wconf 88' lang='lat' dir='ltr'>praesentem,</span> <span class='ocrx_word' id='word_1_509' title='bbox 1199 3777 1292 3819; x_wconf 90' lang='lat' dir='ltr'>mum</span> <span class='ocrx_word' id='word_1_510' title='bbox 1314 3752 1486 3819; x_wconf 84' lang='lat' dir='ltr'>adsueras</span> <span class='ocrx_word' id='word_1_511' title='bbox 1514 3753 1685 3819; x_wconf 88' lang='lat' dir='ltr'>ooneiones</span> <span class='ocrx_word' id='word_1_512' title='bbox 1711 3765 1916 3822; x_wconf 81' lang='lat' dir='ltr'>coneursum,</span> <span class='ocrx_word' id='word_1_513' title='bbox 1944 3744 2167 3827; x_wconf 86' lang='lat' dir='ltr'>frequentissi-</span> 
     </span>
     <span class='ocr_line' id='line_1_43' title="bbox 179 3829 2167 3928; baseline -0.008 -22"><span class='ocrx_word' id='word_1_514' title='bbox 179 3845 350 3928; x_wconf 88' lang='lat' dir='ltr'>impetrata</span> <span class='ocrx_word' id='word_1_515' title='bbox 387 3841 469 3905; x_wconf 89' lang='lat' dir='ltr'>mihi</span> <span class='ocrx_word' id='word_1_516' title='bbox 503 3840 724 3906; x_wconf 82' lang='lat' dir='ltr'>Genevatium</span> <span class='ocrx_word' id='word_1_517' title='bbox 756 3845 790 3903; x_wconf 91' lang='lat' dir='ltr'>et</span> <span class='ocrx_word' id='word_1_518' title='bbox 820 3839 1148 3924; x_wconf 83' lang='lat' dir='ltr'>Argentoratensium</span> <span class='ocrx_word' id='word_1_519' title='bbox 1199 3861 1291 3905; x_wconf 90' lang='lat' dir='ltr'>mum</span> <span class='ocrx_word' id='word_1_520' title='bbox 1329 3845 1363 3904; x_wconf 91' lang='lat' dir='ltr'>et</span> <span class='ocrx_word' id='word_1_521' title='bbox 1395 3839 1650 3904; x_wconf 88' lang='lat' dir='ltr'>attentissimum</span> <span class='ocrx_word' id='word_1_522' title='bbox 1690 3830 1904 3928; x_wconf 78' lang='lat' dir='ltr'>auditorium,</span> <span class='ocrx_word' id='word_1_523' title='bbox 1944 3829 2167 3911; x_wconf 88' lang='lat' dir='ltr'>quotidianam</span> 
     </span>
     <span class='ocr_line' id='line_1_44' title="bbox 180 3915 2168 4010; baseline -0.009 -16"><span class='ocrx_word' id='word_1_524' title='bbox 180 3929 285 3994; x_wconf 86' lang='lat' dir='ltr'>studio</span> <span class='ocrx_word' id='word_1_525' title='bbox 309 3937 343 3992; x_wconf 90' lang='lat' dir='ltr'>et</span> <span class='ocrx_word' id='word_1_526' title='bbox 363 3927 512 4010; x_wconf 83' lang='lat' dir='ltr'>praeibas</span> <span class='ocrx_word' id='word_1_527' title='bbox 534 3947 554 3990; x_wconf 87' lang='lat' dir='ltr'>a</span> <span class='ocrx_word' id='word_1_528' title='bbox 576 3926 775 4010; x_wconf 89' lang='lat' dir='ltr'>prinoipibus</span> <span class='ocrx_word' id='word_1_529' title='bbox 797 3926 908 4004; x_wconf 89' lang='lat' dir='ltr'>venia,</span> <span class='ocrx_word' id='word_1_530' title='bbox 930 3925 1061 4009; x_wconf 83' lang='lat' dir='ltr'>negotio</span> <span class='ocrx_word' id='word_1_531' title='bbox 1083 3926 1149 3989; x_wconf 84' lang='lat' dir='ltr'>fra-</span> <span class='ocrx_word' id='word_1_532' title='bbox 1199 3925 1492 4010; x_wconf 87' lang='lat' dir='ltr'>perseverantiam,</span> <span class='ocrx_word' id='word_1_533' title='bbox 1516 3923 1652 3988; x_wconf 90' lang='lat' dir='ltr'>oalorem</span> <span class='ocrx_word' id='word_1_534' title='bbox 1672 3937 1765 3999; x_wconf 81' lang='lat' dir='ltr'>prius</span> <span class='ocrx_word' id='word_1_535' title='bbox 1786 3921 1978 3998; x_wconf 87' lang='lat' dir='ltr'>oonoeptum</span> <span class='ocrx_word' id='word_1_536' title='bbox 2000 3915 2111 3996; x_wconf 83' lang='lat' dir='ltr'>augeri</span> <span class='ocrx_word' id='word_1_537' title='bbox 2134 3921 2168 3977; x_wconf 88' lang='lat' dir='ltr'>et</span> 
     </span>
     <span class='ocr_line' id='line_1_45' title="bbox 180 3998 2166 4100; baseline -0.009 -20"><span class='ocrx_word' id='word_1_538' title='bbox 180 4014 281 4080; x_wconf 88' lang='lat' dir='ltr'>tribus</span> <span class='ocrx_word' id='word_1_539' title='bbox 315 4012 605 4078; x_wconf 88' lang='lat' dir='ltr'>Lausannensibus</span> <span class='ocrx_word' id='word_1_540' title='bbox 634 4012 888 4090; x_wconf 77' lang='lat' dir='ltr'>communicato,</span> <span class='ocrx_word' id='word_1_541' title='bbox 921 4011 979 4095; x_wconf 91' lang='lat' dir='ltr'>qui</span> <span class='ocrx_word' id='word_1_542' title='bbox 1010 4010 1149 4075; x_wconf 86' lang='lat' dir='ltr'>aliorum</span> <span class='ocrx_word' id='word_1_543' title='bbox 1200 4011 1306 4095; x_wconf 84' lang='lat' dir='ltr'>magis</span> <span class='ocrx_word' id='word_1_544' title='bbox 1328 4010 1469 4088; x_wconf 87' lang='lat' dir='ltr'>aeoendi,</span> <span class='ocrx_word' id='word_1_545' title='bbox 1491 4009 1715 4092; x_wconf 79' lang='lat' dir='ltr'>magistratum</span> <span class='ocrx_word' id='word_1_546' title='bbox 1738 3998 2166 4100; x_wconf 75' lang='lat' dir='ltr'>aetotumpopnlumvsrbi</span> 
     </span>
     <span class='ocr_line' id='line_1_46' title="bbox 181 4089 2167 4181; baseline -0.009 -17"><span class='ocrx_word' id='word_1_547' title='bbox 181 4111 252 4166; x_wconf 86' lang='lat' dir='ltr'>vota</span> <span class='ocrx_word' id='word_1_548' title='bbox 269 4101 338 4166; x_wconf 92' lang='lat' dir='ltr'>suis</span> <span class='ocrx_word' id='word_1_549' title='bbox 355 4119 481 4181; x_wconf 90' lang='lat' dir='ltr'>quoque</span> <span class='ocrx_word' id='word_1_550' title='bbox 500 4097 664 4180; x_wconf 82' lang='lat' dir='ltr'>suffragiis</span> <span class='ocrx_word' id='word_1_551' title='bbox 682 4096 911 4178; x_wconf 89' lang='lat' dir='ltr'>approbarunt.</span> <span class='ocrx_word' id='word_1_552' title='bbox 949 4094 1044 4176; x_wconf 80' lang='lat' dir='ltr'>Quod</span> <span class='ocrx_word' id='word_1_553' title='bbox 1062 4095 1149 4178; x_wconf 88' lang='lat' dir='ltr'>apud</span> <span class='ocrx_word' id='word_1_554' title='bbox 1200 4097 1418 4163; x_wconf 87' lang='lat' dir='ltr'>ministerium</span> <span class='ocrx_word' id='word_1_555' title='bbox 1439 4093 1587 4170; x_wconf 89' lang='lat' dir='ltr'>revereri,</span> <span class='ocrx_word' id='word_1_556' title='bbox 1609 4089 1701 4154; x_wconf 89' lang='lat' dir='ltr'>ouius</span> <span class='ocrx_word' id='word_1_557' title='bbox 1722 4093 1900 4170; x_wconf 86' lang='lat' dir='ltr'>eontemptr</span> <span class='ocrx_word' id='word_1_558' title='bbox 1921 4091 1999 4149; x_wconf 81' lang='lat' dir='ltr'>satis</span> <span class='ocrx_word' id='word_1_559' title='bbox 2021 4090 2167 4148; x_wconf 82' lang='lat' dir='ltr'>sentiunt</span> 
     </span>
     <span class='ocr_line' id='line_1_47' title="bbox 181 4171 2165 4269; baseline -0.009 -18"><span class='ocrx_word' id='word_1_560' title='bbox 181 4207 234 4251; x_wconf 82' lang='lat' dir='ltr'>vos</span> <span class='ocrx_word' id='word_1_561' title='bbox 254 4205 383 4269; x_wconf 91' lang='lat' dir='ltr'>quoque</span> <span class='ocrx_word' id='word_1_562' title='bbox 406 4186 551 4249; x_wconf 81' lang='lat' dir='ltr'>fauturus</span> <span class='ocrx_word' id='word_1_563' title='bbox 573 4202 671 4260; x_wconf 89' lang='lat' dir='ltr'>eram,</span> <span class='ocrx_word' id='word_1_564' title='bbox 699 4183 764 4248; x_wconf 91' lang='lat' dir='ltr'>nisi</span> <span class='ocrx_word' id='word_1_565' title='bbox 786 4181 945 4266; x_wconf 79' lang='lat' dir='ltr'>denegato</span> <span class='ocrx_word' id='word_1_566' title='bbox 972 4184 1039 4246; x_wconf 85' lang='lat' dir='ltr'>otio</span> <span class='ocrx_word' id='word_1_567' title='bbox 1067 4191 1148 4246; x_wconf 89' lang='lat' dir='ltr'>tem·</span> <span class='ocrx_word' id='word_1_568' title='bbox 1202 4205 1236 4248; x_wconf 91' lang='lat' dir='ltr'>se</span> <span class='ocrx_word' id='word_1_569' title='bbox 1258 4202 1380 4268; x_wconf 88' lang='lat' dir='ltr'>poenas</span> <span class='ocrx_word' id='word_1_570' title='bbox 1401 4181 1497 4246; x_wconf 89' lang='lat' dir='ltr'>luere.</span> <span class='ocrx_word' id='word_1_571' title='bbox 1541 4175 1666 4241; x_wconf 85' lang='lat' dir='ltr'>Sinon</span> <span class='ocrx_word' id='word_1_572' title='bbox 1692 4171 1798 4238; x_wconf 92' lang='lat' dir='ltr'>desint</span> <span class='ocrx_word' id='word_1_573' title='bbox 1818 4171 1894 4236; x_wconf 91' lang='lat' dir='ltr'>boni</span> <span class='ocrx_word' id='word_1_574' title='bbox 1916 4175 2071 4266; x_wconf 82' lang='lat' dir='ltr'>pastores,</span> <span class='ocrx_word' id='word_1_575' title='bbox 2099 4189 2165 4234; x_wconf 91' lang='lat' dir='ltr'>nou</span> 
     </span>
     <span class='ocr_line' id='line_1_48' title="bbox 180 4253 2166 4354; baseline -0.008 -18"><span class='ocrx_word' id='word_1_576' title='bbox 180 4273 263 4354; x_wconf 92' lang='lat' dir='ltr'>poris</span> <span class='ocrx_word' id='word_1_577' title='bbox 286 4270 430 4335; x_wconf 79' lang='lat' dir='ltr'>brevitas</span> <span class='ocrx_word' id='word_1_578' title='bbox 449 4268 682 4352; x_wconf 83' lang='lat' dir='ltr'>impedivisset,</span> <span class='ocrx_word' id='word_1_579' title='bbox 707 4276 741 4332; x_wconf 91' lang='lat' dir='ltr'>et</span> <span class='ocrx_word' id='word_1_580' title='bbox 761 4268 853 4333; x_wconf 89' lang='lat' dir='ltr'>vobis</span> <span class='ocrx_word' id='word_1_581' title='bbox 874 4267 954 4333; x_wconf 91' lang='lat' dir='ltr'>satis</span> <span class='ocrx_word' id='word_1_582' title='bbox 975 4268 1150 4350; x_wconf 87' lang='lat' dir='ltr'>probatum</span> <span class='ocrx_word' id='word_1_583' title='bbox 1200 4277 1280 4353; x_wconf 89' lang='lat' dir='ltr'>puto</span> <span class='ocrx_word' id='word_1_584' title='bbox 1302 4268 1469 4334; x_wconf 74' lang='lat' dir='ltr'>dedituros</span> <span class='ocrx_word' id='word_1_585' title='bbox 1489 4267 1586 4330; x_wconf 89' lang='lat' dir='ltr'>bonos</span> <span class='ocrx_word' id='word_1_586' title='bbox 1608 4259 1709 4325; x_wconf 84' lang='lat' dir='ltr'>aives:</span> <span class='ocrx_word' id='word_1_587' title='bbox 1738 4258 1765 4324; x_wconf 87' lang='lat' dir='ltr'>si</span> <span class='ocrx_word' id='word_1_588' title='bbox 1788 4256 1894 4322; x_wconf 89' lang='lat' dir='ltr'>desint</span> <span class='ocrx_word' id='word_1_589' title='bbox 1915 4253 2166 4351; x_wconf 78' lang='lat' dir='ltr'>oalummatores</span> 
     </span>
     <span class='ocr_line' id='line_1_49' title="bbox 179 4339 2164 4437; baseline -0.009 -15"><span class='ocrx_word' id='word_1_590' title='bbox 179 4357 218 4421; x_wconf 89' lang='lat' dir='ltr'>iri</span> <span class='ocrx_word' id='word_1_591' title='bbox 243 4356 499 4433; x_wconf 86' lang='lat' dir='ltr'>existimassem,</span> <span class='ocrx_word' id='word_1_592' title='bbox 529 4375 567 4418; x_wconf 92' lang='lat' dir='ltr'>eo</span> <span class='ocrx_word' id='word_1_593' title='bbox 594 4355 805 4420; x_wconf 89' lang='lat' dir='ltr'>oonfirmatus</span> <span class='ocrx_word' id='word_1_594' title='bbox 833 4361 1035 4437; x_wconf 82' lang='lat' dir='ltr'>argumento,</span> <span class='ocrx_word' id='word_1_595' title='bbox 1063 4353 1149 4435; x_wconf 92' lang='lat' dir='ltr'>quod</span> <span class='ocrx_word' id='word_1_596' title='bbox 1202 4363 1235 4420; x_wconf 92' lang='lat' dir='ltr'>et</span> <span class='ocrx_word' id='word_1_597' title='bbox 1261 4353 1303 4421; x_wconf 89' lang='lat' dir='ltr'>ad</span> <span class='ocrx_word' id='word_1_598' title='bbox 1329 4353 1417 4418; x_wconf 88' lang='lat' dir='ltr'>mala</span> <span class='ocrx_word' id='word_1_599' title='bbox 1433 4354 1472 4432; x_wconf 91' lang='lat'>¹⁰)</span> <span class='ocrx_word' id='word_1_600' title='bbox 1503 4344 1675 4414; x_wconf 89' lang='lat' dir='ltr'>seditiones</span> <span class='ocrx_word' id='word_1_601' title='bbox 1707 4352 1741 4408; x_wconf 89' lang='lat' dir='ltr'>et</span> <span class='ocrx_word' id='word_1_602' title='bbox 1773 4342 1929 4408; x_wconf 85' lang='lat' dir='ltr'>faotiones</span> <span class='ocrx_word' id='word_1_603' title='bbox 1960 4339 2164 4421; x_wconf 89' lang='lat' dir='ltr'>1mpulsores,</span> 
     </span>
     <span class='ocr_line' id='line_1_50' title="bbox 179 4426 2166 4524; baseline -0.009 -17"><span class='ocrx_word' id='word_1_604' title='bbox 179 4442 218 4506; x_wconf 94' lang='lat' dir='ltr'>D.</span> <span class='ocrx_word' id='word_1_605' title='bbox 241 4443 401 4507; x_wconf 56' lang='lat' dir='ltr'>&amp;aemes</span> <span class='ocrx_word' id='word_1_606' title='bbox 409 4441 437 4523; x_wconf 84' lang='lat'>⁵)</span> <span class='ocrx_word' id='word_1_607' title='bbox 459 4449 492 4504; x_wconf 91' lang='lat' dir='ltr'>et</span> <span class='ocrx_word' id='word_1_608' title='bbox 513 4437 555 4503; x_wconf 91' lang='lat' dir='ltr'>D.</span> <span class='ocrx_word' id='word_1_609' title='bbox 580 4438 742 4504; x_wconf 71' lang='lat' dir='ltr'>Surdaones</span> <span class='ocrx_word' id='word_1_610' title='bbox 764 4437 849 4503; x_wconf 89' lang='lat' dir='ltr'>hane</span> <span class='ocrx_word' id='word_1_611' title='bbox 871 4438 956 4521; x_wconf 90' lang='lat' dir='ltr'>apud</span> <span class='ocrx_word' id='word_1_612' title='bbox 966 4438 993 4524; x_wconf 72' lang='grc' dir='ltr'>Β)</span> <span class='ocrx_word' id='word_1_613' title='bbox 1016 4457 1149 4504; x_wconf 89' lang='lat' dir='ltr'>oausam</span> <span class='ocrx_word' id='word_1_614' title='bbox 1201 4461 1296 4524; x_wconf 88' lang='lat' dir='ltr'>spero</span> <span class='ocrx_word' id='word_1_615' title='bbox 1314 4440 1412 4504; x_wconf 87' lang='lat' dir='ltr'>etiam</span> <span class='ocrx_word' id='word_1_616' title='bbox 1431 4438 1508 4502; x_wconf 88' lang='lat' dir='ltr'>istas</span> <span class='ocrx_word' id='word_1_617' title='bbox 1525 4430 1723 4515; x_wconf 86' lang='lat' dir='ltr'>reipublioae</span> <span class='ocrx_word' id='word_1_618' title='bbox 1741 4435 1848 4511; x_wconf 89' lang='lat' dir='ltr'>pestes</span> <span class='ocrx_word' id='word_1_619' title='bbox 1865 4432 2057 4523; x_wconf 53' lang='lat' dir='ltr'>eessaturas:</span> <span class='ocrx_word' id='word_1_620' title='bbox 2076 4426 2166 4524; x_wconf 65' lang='lat' dir='ltr'>llrgo</span> 
     </span>
     <span class='ocr_line' id='line_1_51' title="bbox 181 4508 2164 4611; baseline -0.01 -17"><span class='ocrx_word' id='word_1_621' title='bbox 181 4530 321 4611; x_wconf 76' lang='lat' dir='ltr'>egissent</span> <span class='ocrx_word' id='word_1_622' title='bbox 337 4527 544 4605; x_wconf 86' lang='lat' dir='ltr'>Lausaunae,</span> <span class='ocrx_word' id='word_1_623' title='bbox 568 4525 701 4592; x_wconf 90' lang='lat' dir='ltr'>oonsilio</span> <span class='ocrx_word' id='word_1_624' title='bbox 722 4525 838 4607; x_wconf 87' lang='lat' dir='ltr'>opinor</span> <span class='ocrx_word' id='word_1_625' title='bbox 859 4543 970 4588; x_wconf 88' lang='lat' dir='ltr'>eorum</span> <span class='ocrx_word' id='word_1_626' title='bbox 993 4525 1048 4606; x_wconf 91' lang='lat' dir='ltr'>qui</span> <span class='ocrx_word' id='word_1_627' title='bbox 1070 4531 1149 4590; x_wconf 92' lang='lat' dir='ltr'>tuno</span> <span class='ocrx_word' id='word_1_628' title='bbox 1201 4527 1231 4592; x_wconf 90' lang='lat' dir='ltr'>si</span> <span class='ocrx_word' id='word_1_629' title='bbox 1257 4523 1340 4592; x_wconf 89' lang='lat' dir='ltr'>serio</span> <span class='ocrx_word' id='word_1_630' title='bbox 1367 4521 1531 4589; x_wconf 87' lang='lat' dir='ltr'>studemus</span> <span class='ocrx_word' id='word_1_631' title='bbox 1559 4513 1796 4600; x_wconf 90' lang='lat' dir='ltr'>promovendae</span> <span class='ocrx_word' id='word_1_632' title='bbox 1823 4512 1945 4596; x_wconf 83' lang='lat' dir='ltr'>gloriae</span> <span class='ocrx_word' id='word_1_633' title='bbox 1973 4508 2108 4590; x_wconf 69' lang='lat' dir='ltr'>Obrue,</span> <span class='ocrx_word' id='word_1_634' title='bbox 2137 4512 2164 4576; x_wconf 90' lang='lat' dir='ltr'>si</span> 
     </span>
     <span class='ocr_line' id='line_1_52' title="bbox 180 4597 2165 4694; baseline -0.009 -16"><span class='ocrx_word' id='word_1_635' title='bbox 180 4615 213 4678; x_wconf 91' lang='lat' dir='ltr'>iu</span> <span class='ocrx_word' id='word_1_636' title='bbox 244 4615 306 4680; x_wconf 86' lang='lat' dir='ltr'>hae</span> <span class='ocrx_word' id='word_1_637' title='bbox 340 4611 475 4678; x_wconf 77' lang='lat' dir='ltr'>eeclesia</span> <span class='ocrx_word' id='word_1_638' title='bbox 507 4610 600 4676; x_wconf 85' lang='lat' dir='ltr'>verbi</span> <span class='ocrx_word' id='word_1_639' title='bbox 632 4610 813 4675; x_wconf 88' lang='lat' dir='ltr'>ministerio</span> <span class='ocrx_word' id='word_1_640' title='bbox 841 4616 1023 4692; x_wconf 88' lang='lat' dir='ltr'>praeerant.</span> <span class='ocrx_word' id='word_1_641' title='bbox 1074 4609 1149 4692; x_wconf 80' lang='lat' dir='ltr'>Quo</span> <span class='ocrx_word' id='word_1_642' title='bbox 1201 4634 1278 4679; x_wconf 87' lang='lat' dir='ltr'>vere</span> <span class='ocrx_word' id='word_1_643' title='bbox 1311 4609 1459 4676; x_wconf 88' lang='lat' dir='ltr'>eoelesiae</span> <span class='ocrx_word' id='word_1_644' title='bbox 1488 4602 1645 4670; x_wconf 88' lang='lat' dir='ltr'>habemus</span> <span class='ocrx_word' id='word_1_645' title='bbox 1673 4598 1932 4674; x_wconf 78' lang='lat' dir='ltr'>commendatas,</span> <span class='ocrx_word' id='word_1_646' title='bbox 1960 4597 2021 4661; x_wconf 92' lang='lat' dir='ltr'>hoo</span> <span class='ocrx_word' id='word_1_647' title='bbox 2048 4617 2165 4694; x_wconf 79' lang='lat' dir='ltr'>saxum</span> 
     </span>
     <span class='ocr_line' id='line_1_53' title="bbox 244 4681 2165 4765; baseline -0.008 -4"><span class='ocrx_word' id='word_1_648' title='bbox 244 4757 258 4761; x_wconf 83' lang='grc'>-</span> <span class='ocrx_word' id='word_1_649' title='bbox 287 4756 297 4760; x_wconf 83' lang='lat'>-</span> <span class='ocrx_word' id='word_1_650' title='bbox 1201 4717 1314 4764; x_wconf 89' lang='lat' dir='ltr'>omnes</span> <span class='ocrx_word' id='word_1_651' title='bbox 1337 4695 1465 4761; x_wconf 89' lang='lat' dir='ltr'>volvere</span> <span class='ocrx_word' id='word_1_652' title='bbox 1485 4709 1616 4756; x_wconf 89' lang='lat' dir='ltr'>neeesse</span> <span class='ocrx_word' id='word_1_653' title='bbox 1645 4693 1702 4765; x_wconf 91' lang='lat' dir='ltr'>est,</span> <span class='ocrx_word' id='word_1_654' title='bbox 1732 4685 1795 4750; x_wconf 91' lang='lat' dir='ltr'>nisi</span> <span class='ocrx_word' id='word_1_655' title='bbox 1823 4681 2028 4750; x_wconf 88' lang='lat' dir='ltr'>offendieulis</span> <span class='ocrx_word' id='word_1_656' title='bbox 2055 4689 2165 4765; x_wconf 84' lang='lat' dir='ltr'>potius</span> 
     </span>
     <span class='ocr_line' id='line_1_54' title="bbox 196 4767 2165 4885; baseline -0.011 -33"><span class='ocrx_word' id='word_1_657' title='bbox 196 4817 259 4880; x_wconf 41' lang='lat'>270·</span> <span class='ocrx_word' id='word_1_658' title='bbox 279 4821 307 4884; x_wconf 85' lang='lat'>1)</span> <span class='ocrx_word' id='word_1_659' title='bbox 326 4815 397 4884; x_wconf 54' lang='grc' dir='ltr'>μμ,</span> <span class='ocrx_word' id='word_1_660' title='bbox 415 4815 586 4885; x_wconf 48' lang='lat' dir='ltr'>,fflffinffi</span> <span class='ocrx_word' id='word_1_661' title='bbox 604 4815 785 4870; x_wconf 43' lang='lat'>1,„„,„,„„„·</span> <span class='ocrx_word' id='word_1_662' title='bbox 1201 4793 1235 4849; x_wconf 91' lang='lat' dir='ltr'>et</span> <span class='ocrx_word' id='word_1_663' title='bbox 1251 4783 1356 4846; x_wconf 90' lang='lat' dir='ltr'>ruinis</span> <span class='ocrx_word' id='word_1_664' title='bbox 1373 4799 1468 4864; x_wconf 89' lang='lat' dir='ltr'>quam</span> <span class='ocrx_word' id='word_1_665' title='bbox 1486 4777 1632 4860; x_wconf 84' lang='lat' dir='ltr'>profeotu</span> <span class='ocrx_word' id='word_1_666' title='bbox 1652 4770 1839 4855; x_wconf 80' lang='lat' dir='ltr'>evangelieo</span> <span class='ocrx_word' id='word_1_667' title='bbox 1856 4771 2067 4838; x_wconf 88' lang='lat' dir='ltr'>obleetantur.</span> <span class='ocrx_word' id='word_1_668' title='bbox 2095 4767 2165 4830; x_wconf 90' lang='lat' dir='ltr'>Vos</span> 
     </span>
    </p>
   </div>
   <div class='ocr_carea' id='block_1_11' title="bbox 278 4881 1149 4954">
    <p class='ocr_par' dir='ltr' id='par_1_13' title="bbox 278 4881 1149 4954">
     <span class='ocr_line' id='line_1_55' title="bbox 278 4881 1149 4954; baseline -0.006 -13"><span class='ocrx_word' id='word_1_669' title='bbox 278 4887 309 4954; x_wconf 80' lang='lat' dir='ltr'>a)</span> <span class='ocrx_word' id='word_1_670' title='bbox 329 4885 387 4940; x_wconf 66' lang='lat' dir='ltr'>sau.</span> <span class='ocrx_word' id='word_1_671' title='bbox 410 4885 561 4939; x_wconf 64' lang='lat' dir='ltr'>smus</span> <span class='ocrx_word' id='word_1_672' title='bbox 583 4883 707 4953; x_wconf 66' lang='lat' dir='ltr'>amaa,</span> <span class='ocrx_word' id='word_1_673' title='bbox 729 4883 862 4952; x_wconf 66' lang='lat' dir='ltr'>suusne</span> <span class='ocrx_word' id='word_1_674' title='bbox 884 4885 968 4954; x_wconf 70' lang='lat' dir='ltr'>sane</span> <span class='ocrx_word' id='word_1_675' title='bbox 990 4881 1149 4937; x_wconf 69' lang='lat' dir='ltr'>naum</span> 
     </span>
    </p>
   </div>
   <div class='ocr_carea' id='block_1_12' title="bbox 182 4755 278 4762">
    <p class='ocr_par' dir='ltr' id='par_1_14' title="bbox 182 4755 278 4762">
     <span class='ocr_line' id='line_1_56' title="bbox 182 4755 278 4762; baseline 0.021 -2"><span class='ocrx_word' id='word_1_676' title='bbox 182 4755 278 4762; x_wconf 54' lang='lat' dir='ltr'><em>...va</em></span> 
     </span>
    </p>
   </div>
   <div class='ocr_carea' id='block_1_13' title="bbox 1201 4941 1321 4950">
    <p class='ocr_par' dir='ltr' id='par_1_15' title="bbox 1201 4941 1321 4950">
     <span class='ocr_line' id='line_1_57' title="bbox 1201 4941 1321 4950; baseline -0.017 0"><span class='ocrx_word' id='word_1_677' title='bbox 1201 4942 1247 4950; x_wconf 79' lang='lat'>.-·-</span> <span class='ocrx_word' id='word_1_678' title='bbox 1267 4941 1321 4946; x_wconf 93' lang='lat'>--—</span> 
     </span>
    </p>
   </div>
   <div class='ocr_carea' id='block_1_14' title="bbox 177 4959 235 5009">
    <p class='ocr_par' dir='ltr' id='par_1_16' title="bbox 177 4959 235 5009">
     <span class='ocr_line' id='line_1_58' title="bbox 177 4959 235 5009; baseline 0.017 -1"><span class='ocrx_word' id='word_1_679' title='bbox 177 4959 235 5009; x_wconf 69' lang='lat' dir='ltr'>ml</span> 
     </span>
    </p>
   </div>
   <div class='ocr_carea' id='block_1_15' title="bbox 278 5015 1508 5301">
    <p class='ocr_par' dir='ltr' id='par_1_17' title="bbox 278 5015 1508 5228">
     <span class='ocr_line' id='line_1_59' title="bbox 278 5015 1506 5092; baseline -0.009 -13"><span class='ocrx_word' id='word_1_680' title='bbox 278 5025 308 5092; x_wconf 81' lang='lat' dir='ltr'>d)</span> <span class='ocrx_word' id='word_1_681' title='bbox 326 5023 477 5078; x_wconf 77' lang='lat' dir='ltr'>offerretur.</span> <span class='ocrx_word' id='word_1_682' title='bbox 1302 5019 1331 5084; x_wconf 78' lang='grc'>7)</span> <span class='ocrx_word' id='word_1_683' title='bbox 1349 5015 1506 5070; x_wconf 86' lang='lat' dir='ltr'>oonflrmari.</span> 
     </span>
     <span class='ocr_line' id='line_1_60' title="bbox 278 5083 1508 5160; baseline -0.007 -15"><span class='ocrx_word' id='word_1_684' title='bbox 278 5093 308 5160; x_wconf 82' lang='lat'>4)</span> <span class='ocrx_word' id='word_1_685' title='bbox 327 5099 356 5146; x_wconf 90' lang='lat' dir='ltr'>et</span> <span class='ocrx_word' id='word_1_686' title='bbox 373 5092 503 5160; x_wconf 85' lang='lat' dir='ltr'>trepidae.</span> <span class='ocrx_word' id='word_1_687' title='bbox 1301 5087 1329 5156; x_wconf 90' lang='lat'>8)</span> <span class='ocrx_word' id='word_1_688' title='bbox 1347 5100 1399 5140; x_wconf 76' lang='lat' dir='ltr'>voe</span> <span class='ocrx_word' id='word_1_689' title='bbox 1415 5083 1508 5138; x_wconf 74' lang='lat' dir='ltr'>dubie.</span> 
     </span>
     <span class='ocr_line' id='line_1_61' title="bbox 278 5155 1396 5228; baseline -0.007 -12"><span class='ocrx_word' id='word_1_690' title='bbox 278 5163 309 5228; x_wconf 78' lang='grc'>5)</span> <span class='ocrx_word' id='word_1_691' title='bbox 328 5159 462 5215; x_wconf 69' lang='lat' dir='ltr'>essem</span> <span class='ocrx_word' id='word_1_692' title='bbox 1300 5157 1330 5222; x_wconf 87' lang='grc'>9)</span> <span class='ocrx_word' id='word_1_693' title='bbox 1348 5155 1396 5208; x_wconf 85' lang='lat' dir='ltr'>ss&#39;o.</span> 
     </span>
    </p>

    <p class='ocr_par' dir='ltr' id='par_1_18' title="bbox 278 5223 1451 5301">
     <span class='ocr_line' id='line_1_62' title="bbox 278 5223 1451 5301; baseline -0.009 -16"><span class='ocrx_word' id='word_1_694' title='bbox 278 5233 308 5297; x_wconf 83' lang='lat'>6)</span> <span class='ocrx_word' id='word_1_695' title='bbox 327 5231 398 5301; x_wconf 87' lang='lat' dir='ltr'>apud</span> <span class='ocrx_word' id='word_1_696' title='bbox 417 5229 483 5284; x_wconf 74' lang='lat' dir='ltr'>vos?</span> <span class='ocrx_word' id='word_1_697' title='bbox 501 5230 569 5282; x_wconf 79' lang='lat' dir='ltr'>noe?</span> <span class='ocrx_word' id='word_1_698' title='bbox 1285 5225 1330 5290; x_wconf 77' lang='lat'>10)</span> <span class='ocrx_word' id='word_1_699' title='bbox 1348 5223 1451 5276; x_wconf 82' lang='lat' dir='ltr'>maleel</span> 
     </span>
    </p>
   </div>
   <div class='ocr_carea' id='block_1_16' title="bbox 0 0 2481 5972">
    <p class='ocr_par' dir='ltr' id='par_1_19' title="bbox 0 0 2481 5972">
     <span class='ocr_line' id='line_1_63' title="bbox 0 0 2481 5972; baseline 0 0"><span class='ocrx_word' id='word_1_700' title='bbox 0 0 2481 5972; x_wconf 95' lang='lat' dir='ltr'> </span> 
     </span>
    </p>
   </div>
  </div>
 </body>
</html>
