4898 5970
175 263 232 324 ιιι
1059 266 1139 326 ιιιι
1162 262 1258 330 MAI.
1363 255 1369 270 '
2108 273 2172 338 ιιι
2215 298 2218 308 2

173 448 317 514 maxima
391 449 454 514 tuit
481 450 650 516 auoeitate
676 450 711 515 in
743 471 804 518 nos
831 449 1048 518 debacchatus
1081 458 1139 517 est
1191 451 1271 516 tiam
1292 457 1362 518 tnm
1382 451 1470 535 apnd
1490 452 1571 520 alios
1592 455 1730 520 evomui.
1775 453 1828 522 De
1858 453 1960 522 Virrio
1986 455 2072 524 inita
2095 467 2173 528 erat

172 533 322 602 Aderant
347 469 455 616 diet)
487 535 615 602 circiter
646 537 826 622 sexaginta,
858 557 959 620 quum
985 538 1021 602 in
1047 545 1142 604 coetu
1192 537 1276 602 ratio
1299 557 1351 602 me
1372 539 1547 616 nesciente,
1570 558 1756 623 quanquam
1777 540 1812 604 id
1833 541 1965 625 quidem
1986 542 2072 626 quod
2093 565 2169 630 ges·

173 623 333 704 scripture
354 629 559 688 tracteretur.
601 622 685 687 Erat
713 624 748 686 in
775 621 925 688 manibus
953 622 1011 688 ille
1035 623 1138 690 loeus:
1192 629 1262 686 tum
1289 629 1340 688 est
1368 643 1619 706 procuraveram
1643 625 1746 690 multo
1775 633 1850 692 ante
1879 635 1918 691 ut
1945 629 2047 694 fleret
2098 631 2168 698 Sed

172 707 376 774 Exhibentes
408 727 468 772 nos
500 715 655 790 tanquam
689 708 753 772 Dei
785 708 943 788 ministri,
962 723 966 730 '
985 709 1020 772 in
1052 708 1141 774 omni
1192 727 1295 790 quum
1326 708 1438 774 Berna
1468 710 1592 775 reversi
1624 717 1733 776 essent
1765 709 1865 796 legati
1898 714 2019 794 nostri,
2058 716 2166 782 subito

174 791 347 858 tolerantia
375 799 435 857 ete.
446 793 473 874 ⁷)
529 792 707 858 contexuit
735 803 925 877 perpetuam
954 794 1141 875 antithesin,
1192 803 1322 876 praeter
1343 815 1435 877 spem
1456 795 1567 861 audivi
1584 796 1806 878 impetratum,
1829 804 1867 862 ut
1888 796 1952 864 huc
1974 801 2102 866 veniret
2123 801 2167 867 ed

172 887 210 943 nt
255 897 364 944 rorsus
386 879 474 942 omni
497 898 537 942 ex
560 887 652 960 parte
674 880 838 944 contraria
860 879 971 944 omnia
990 880 1025 944 in
1047 879 1141 946 nobis
1192 897 1251 943 sex
1273 900 1402 945 menses
1423 888 1537 945 noster
1557 881 1694 946 iuturus.
1712 880 1753 966 ¹²)
1792 882 1858 966 Egi
1879 882 1998 967 legatis
2019 885 2167 951 Bemen-

172 973 205 1030 et
225 899 351 1030 duriori
372 964 530 1028 ministris
552 965 745 1030 ostenderet.
790 965 888 1030 Lusit
905 985 983 1049 ergo
999 967 1034 1031 in
1053 965 1141 1032 bone
1193 963 1283 1029 sibus
1311 965 1434 1048 gratias
1462 965 1548 1049 quod
1578 965 1659 1031 mihi
1686 967 1800 1032 datum
1832 988 1910 1050 prae
1943 989 1979 1034 se
2007 971 2164 1037 ferebant

171 1048 319 1116 modum:
352 1048 493 1114 Paulum
526 1050 626 1116 tuisse
655 1071 786 1116 servum
815 1052 894 1129 Dei,
928 1071 988 1116 nos
1017 1052 1141 1116 servire
1191 1049 1290 1114 Nune
1311 1058 1414 1115 restat
1435 1059 1473 1116 nt
1492 1051 1610 1118 batres
1632 1053 1862 1132 assentiantur,
1886 1053 1971 1137 quod
1993 1073 2060 1120 non
2082 1056 2165 1122 diffi-

172 1134 273 1200 nobis.
318 1134 436 1199 Fuisse
457 1134 550 1198 illum
573 1136 862 1217 patientissimum,
884 1157 944 1202 nos
965 1136 1140 1218 impatien·
1192 1135 1296 1200 culter
1317 1136 1525 1214 obtinebitur,
1548 1143 1586 1202 nt
1603 1157 1705 1220 spero.
1750 1137 1900 1204 Libellus
1913 1141 1957 1220 ¹⁸)
1977 1140 2044 1204 iam
2065 1163 2166 1208 exen-

172 1221 322 1286 tiseimos.
384 1217 548 1304 Vigilasse
580 1220 671 1284 illum
705 1221 745 1286 de
779 1233 872 1286 nocte
911 1231 949 1286 ut
987 1222 1140 1288 ecelesiae
1192 1241 1247 1284 sus
1269 1221 1390 1298 sitisset,
1413 1221 1477 1287 nisi
1495 1230 1708 1305 occuparetur
1728 1223 1858 1305 prelum
1879 1225 1914 1288 in
1936 1221 2086 1308 Dialogis
2111 1227 2168 1292 Vi-

172 1303 387 1372 aedificationi
419 1326 454 1370 se
481 1306 697 1388 impenderet,
731 1327 790 1372 nos
821 1305 962 1372 ludendo
992 1307 1138 1391 vigilare.
1191 1307 1259 1370 reti.
1273 1306 1315 1390 ¹⁴)
1359 1307 1411 1372 Ab
1438 1327 1476 1371 eo
1504 1327 1602 1390 opere
1629 1308 1719 1373 nolui
1746 1308 1968 1393 typographos
2000 1331 2164 1392 revocare,

172 1391 327 1458 Sobrium
348 1391 440 1456 illum
461 1391 571 1470 fuisse,
593 1413 651 1457 nos
669 1391 819 1458 ebriosos.
863 1392 962 1458 Illum
984 1403 1141 1458 vexatum
1192 1412 1234 1457 ne
1266 1391 1395 1457 viderer
1427 1413 1500 1457 mea
1526 1392 1629 1474 plun's
1655 1393 1826 1459 aestimare
1853 1415 1950 1476 quam
1977 1416 2037 1478 par
2068 1404 2164 1463 esset

171 1477 272 1542 fuisse
289 1476 510 1556 seditionibus,
527 1497 588 1542 nos
605 1497 661 1542 ιιι
679 1498 890 1544 commovere.
923 1478 1022 1544 Illum
1040 1479 1141 1544 tuisse
1192 1476 1294 1542 Brevi
1315 1483 1427 1542 tamen
1450 1478 1560 1543 exibit
1595 1476 1752 1544 Salutant
1772 1485 1806 1544 te
1827 1479 2004 1562 plnrimnm
2022 1479 2166 1548 Bernar-

172 1571 307 1639 eastnm,
330 1583 390 1628 nos
412 1583 482 1628 esse
504 1571 706 1628 scortatores.
755 1563 856 1628 Illum
884 1585 1011 1630 earcere
1040 1565 1141 1630 tuisse
1191 1563 1303 1642 dinus,
1340 1562 1542 1628 Geraistoaiae
1569 1571 1603 1628 et
1628 1563 1761 1647 reliqui,
1789 1565 1913 1630 familia
1941 1586 2019 1632 vero
2050 1576 2166 1634 nostra

171 1647 344 1726 inclusum,
373 1669 433 1713 nos
462 1647 628 1714 includere
656 1650 683 1714 si
710 1650 782 1732 quis
809 1649 908 1714 verbo
934 1671 994 1714 nos
1021 1649 1139 1715 laedat
1192 1647 1290 1712 etiam
1312 1657 1410 1731 atque
1432 1649 1546 1713 etam:
1582 1649 1694 1714 Tertor
1716 1671 1778 1732 quo
1801 1652 1918 1734 nequi
1940 1651 2004 1717 hue
2027 1654 2165 1720 accersi-

171 1733 270 1798 illnm
304 1753 398 1800 usum
430 1735 530 1800 fuisse
563 1736 710 1816 potentia
740 1733 819 1812 Dei,
851 1755 909 1799 nos
941 1736 992 1800 uti
1024 1735 1139 1801 aliena.
1192 1740 1246 1798 tue
1268 1733 1330 1798 fuit
1352 1755 1372 1798 a
1392 1732 1555 1800 Bonderio
1570 1736 1611 1816 15)
1634 1735 1688 1818 qui
1710 1735 1777 1800 inci
1802 1737 1825 1800 't
1842 1737 1877 1800 in
1894 1734 2040 1818 ἀφωνίαν.
2072 1739 2165 1804 Mor-

172 1819 273 1884 Illum
301 1820 340 1885 ab
369 1819 441 1884 aliis
462 1839 595 1903 passum
623 1819 740 1898 fuisse,
772 1841 831 1884 nos
863 1822 1011 1904 persequi
1044 1822 1140 1886 inno·
1192 1818 1264 1896 bus,
1291 1827 1328 1883 ut
1348 1818 1461 1896 video,
1490 1819 1554 1884 erit
1574 1817 1774 1886 incurabilis.
1822 1821 1935 1888 Tertor
1956 1824 2166 1908 praesegita

172 1913 290 1970 ιιιιιιι.
335 1903 424 1986 Quid
446 1905 575 1988 quaeris
597 1904 759 1988 amplius?
810 1906 890 1970 Fuit
911 1907 1044 1971 omnino
1065 1926 1140 1972 san·
1192 1903 1402 1970 suffocatione
1423 1925 1495 1970 esse
1512 1905 1703 1986 perieulum,
1726 1905 1779 1970 sin
1802 1927 1879 1972 vero
1897 1907 2022 1985 evadet,
2044 1908 2078 1974 id
2095 1929 2166 1974 ma-

172 1991 321 2074 guinaria
338 1991 450 2056 oratio.
485 1991 586 2057 'Paeni
596 1991 632 2055 in
644 1991 835 2073 praesentia,
856 2013 898 2056 ne
911 1990 1142 2058 accenderetur
1191 1989 1261 2054 lum
1283 1988 1376 2055 brevi
1397 1999 1608 2072 sequuturam
1626 1987 1770 2078 dvpcqqtnv
1791 1991 1985 2074 quasillum
2006 1994 2164 2061 absumet.

171 2095 280 2142 eoram
302 2083 352 2140 tot
373 2077 537 2142 extraneis
559 2077 661 2143 maior
678 2078 857 2143 contentio:
881 2077 938 2142 sed
955 2077 1044 2161 apud
1062 2072 1140 2162 sy'n·
1191 2075 1300 2140 Pestis
1321 2096 1382 2140 nos
1409 2095 1541 2140 rursum
1563 2076 1692 2142 lacessit
1718 2085 1751 2142 et
1778 2077 1911 2142 videtur
1938 2080 2024 2144 vires
2049 2078 2166 2148 collec-

173 2161 260 2228 dicos
281 2169 478 2244 conquestus
500 2163 624 2244 sum.⁸)
674 2163 765 2228 Haeo
788 2163 934 2226 omnium
957 2163 1140 2229 schismati·
1192 2169 1276 2225 tnra
1319 2159 1439 2226 Filiola
1464 2181 1538 2225 mea
1563 2160 1645 2226 febri
1672 2162 1827 2226 continua
1854 2161 1987 2230 laborat
2004 2165 2044 2238 ¹⁶)
2092 2165 2166 2230 Ru·

171 2267 283 2313 eornm
310 2247 443 2312 fuerunt
470 2249 621 2331 auspicia
664 2249 737 2332 Ego
759 2254 799 2312 ut
819 2247 960 2314 hominis
982 2249 1140 2332 intempe·
1193 2267 1264 2310 mor
1286 2246 1350 2312 bue
1371 2267 1477 2328 nuper
1498 2244 1538 2310 de
1560 2245 1665 2312 soluto
1683 2246 1844 2330 imperiali
1862 2256 2025 2314 conventu
2046 2249 2166 2317 allatus

171 2334 252 2398 riam
285 2334 463 2415 reprimere
498 2333 673 2411 studerem,
713 2333 777 2398 non
817 2341 947 2398 tentum
986 2355 1141 2416 perversa
1193 2339 1251 2396 est
1266 2331 1307 2415 ¹⁷)
1363 2330 1537 2396 Gaesarem
1565 2331 1695 2396 aiebant
1721 2335 1979 2417 Argentoratum
2012 2336 2164 2419 cogitare,

171 2418 291 2503 agendi
325 2419 452 2483 ratione
491 2426 525 2483 et
557 2417 802 2485 maledicentiae
837 2420 1033 2501 procacitate
1066 2441 1140 2484 sum
1192 2437 1281 2483 nune
1302 2418 1414 2482 ferunt
1435 2416 1553 2481 Metim
1575 2439 1698 2482 versus.
1743 2417 1912 2484 Nihildum
1934 2427 2044 2484 nmen
2073 2421 2163 2488 certi.

171 2510 360 2583 commotus,
383 2503 440 2570 sed
461 2505 538 2587 quia
558 2503 742 2569 falsissimis
768 2503 939 2570 calumniis
967 2525 1028 2571 nos
1056 2505 1139 2570 inlo—
1190 2501 1233 2566 In
1259 2501 1359 2566 Italia
1390 2501 1549 2568 hactenns
1587 2502 1677 2568 Galli
1709 2523 1864 2586 prospere
1897 2525 1950 2572 res
1981 2513 2163 2589 gesserunt

169 2597 327 2656 moverat.
1191 2587 1318 2652 Verum
1336 2587 1469 2652 utrintri
1487 2587 1553 2652 sint
1570 2587 1760 2670 superiores,
1780 2611 1946 2656 successus
1959 2597 2069 2656 tamen
2087 2613 2165 2657 oon-

257 2673 358 2741 Vides
369 2677 395 2756 ⁹)
424 2698 514 2743 nnnc
540 2677 658 2760 quibus
684 2698 815 2762 premar
842 2677 1012 2762 angustiis.
1067 2676 1139 2742 Iam
1191 2673 1322 2738 innotus
1340 2673 1404 2736 erit
1420 2693 1495 2738 cum
1512 2673 1657 2736 maxime
1673 2672 1761 2738 orbis
1778 2673 1950 2742 christiani
1967 2676 2163 2744 calamitate.

169 2782 248 2827 vero
276 2783 318 2827 ne
345 2763 423 2847 quid
449 2763 578 2830 deesset
605 2761 647 2828 ad
679 2763 845 2830 miseriem
876 2763 929 2853 vel
961 2763 1069 2846 potius
1097 2761 1138 2828 ad
1191 2757 1353 2822 Dominus
1383 2777 1441 2822 nos
1470 2757 1629 2839 respiciat
1681 2759 1766 2822 Vale
1793 2760 1930 2840 iterum,
1959 2763 2061 2827 frater
2082 2763 2165 2830 mibi

168 2847 318 2912 miserias
335 2869 433 2926 meae,
451 2849 550 2933 legati
562 2847 754 2914 Bernatium
769 2848 902 2932 Napitas
913 2855 946 2912 et
957 2845 1139 2914 meamea
1190 2843 1364 2908 canssimc.
1417 2841 1533 2908 Saluta
1560 2861 1673 2906 omnes
1699 2842 1817 2908 fratres
1844 2854 1877 2910 et
1903 2846 2034 2912 domum
2063 2859 2162 2916 tuam.

169 2935 278 2999 senior
310 2935 389 3000 hino
414 2955 520 3018 nuper
546 2935 738 3020 gravissime
768 2935 885 3000 offensi
911 2933 1138 3011 discesserunt,
1190 2928 1354 2994 Dominus
1376 2949 1433 2994 vos
1455 2932 1627 2994 conservet
1647 2947 1768 2993 omnes.
1781 2930 1824 3012 ¹⁸)

169 3018 255 3102 qnod
295 3019 335 3086 de
366 3021 486 3088 finibus
518 3020 609 3086 nulla
641 3021 746 3104 potuit
777 3019 917 3086 inveniri
948 3020 1032 3086 ratio
1064 3040 1139 3085 cum
1242 3083 1250 3098 ,

168 3107 290 3172 nostris
311 3107 522 3192 transigendi,
549 3105 635 3190 quod
657 3127 696 3171 eo
717 3115 768 3172 est
793 3104 959 3189 indignius
985 3104 1070 3188 qnod
1099 3104 1140 3170 de

168 3198 274 3266 nihilo
284 3193 517 3282 propemodum
534 3193 715 3278 litigabant.
748 3193 794 3257 Et
811 3191 942 3274 quidam
960 3190 1139 3273 importuni

169 3285 318 3351 homines
335 3303 389 3347 me
406 3283 441 3346 in
459 3279 574 3357 triviis,
597 3287 635 3343 nt
652 3278 759 3354 audio,
778 3285 933 3360 tanquam
950 3297 1139 3359 sponsorem

169 3371 259 3454 pacis
280 3367 455 3454 appellant,
482 3387 581 3450 quum
610 3365 826 3430 obstinatione
852 3363 915 3446 ipsi
942 3383 1002 3428 sua
1028 3372 1061 3427 ot
1088 3363 1138 3426 in·

169 3477 250 3524 sana
272 3454 389 3520 ferocia
409 3473 522 3538 pacem
543 3450 648 3537 quoad
671 3451 707 3514 in
728 3471 762 3515 se
784 3456 834 3514 est
855 3449 1059 3534 abrumpant

254 3541 352 3607 Nunc
390 3561 469 3606 vero
501 3537 542 3604 ad
573 3546 649 3603 tuas
687 3537 808 3601 literas.
826 3533 874 3684 ¹⁰2¹
929 3533 1139 3600 Marcurtiam
1637 3556 1713 3627 555.

170 3635 304 3693 eatenus
325 3645 557 3692 excusaveram
585 3645 627 3688 ne
649 3629 781 3705 putares
809 3621 850 3684 ist
875 3641 917 3685 uc
943 3621 1070 3685 venisse
1096 3641 1138 3684 ex

168 3715 355 3796 composito.
410 3710 561 3777 Sciebam
593 3709 680 3774 enim
712 3706 800 3771 aliud
833 3706 933 3771 fuisse
965 3704 1137 3771 eonsilium
1385 3692 1718 3762 BULLINGERUS
1740 3693 1963 3760 VADIANO.

167 3799 390 3883 profectionis,
419 3819 486 3862 non
514 3805 624 3860 tamen
652 3794 812 3877 negabam
834 3793 912 3875 quin
934 3799 968 3855 et
988 3791 1137 3872 volupta-
1367 3867 1373 3880 ι
1636 3867 1642 3880 .
1675 3867 1681 3878 ¹
2012 3867 2018 3880 ·
2087 3869 2093 3882 ι

167 3892 235 3950 tem
257 3885 396 3967 cepisset
422 3905 464 3948 ex
491 3882 611 3959 turbis,
638 3889 672 3944 et
698 3899 753 3944 eas
779 3897 838 3961 pro
866 3877 955 3941 virili
982 3877 1135 3942 auxisset.
1278 3867 1426 3966 Qrcerstw
1451 3867 1489 3932 de
1511 3865 1642 3964 Lethen
1668 3887 1765 3965 saure
1793 3871 2040 3966 ιιιναιιιιίινια
2061 3889 2116 3934 eac
2137 3889 2159 3934 a

167 3969 338 4054 collegam
356 3971 504 4043 tuum¹¹)
527 3965 611 4032 nihil
633 3967 733 4028 miror
750 3964 851 4030 fuisse
868 3963 904 4027 in
926 3982 978 4026 me
1000 3983 1138 4027 eommo-
1188 3951 1345 4018 catholicos
1371 3952 1577 4032 daserepeatse
1600 3953 1742 4018 vererer
1762 3957 1790 4016 et
1811 3951 1915 4017 bostsb
1936 3971 2048 4018 coemo.
2094 3953 2158 4019 Ne·

167 4063 248 4122 tnm.
292 4056 413 4122 Libere
434 4053 522 4120 enim
543 4051 642 4117 bilem
663 4071 771 4116 meam
793 4059 863 4116 tum
884 4049 972 4134 apud
995 4049 1138 4115 Mercar-
1189 4059 1247 4120 que
1271 4035 1437 4110 &laeum
1457 4037 1519 4102 sibi
1534 4037 1632 4118 pleae
1653 4037 1833 4120 sensnm
1854 4039 1965 4102 innuit

1583 3102 1587 3112 ·
1649 3061 1792 3128 Ioannes
1813 3063 1970 3131 Calvinus
1992 3075 2077 3133 tuus.
2150 3129 2154 3138 .

1577 3347 1776 3357 .—-.---.-

166 4293 305 4428 Μαΐῳ)
319 4291 754 4418 waerc'sgfflaltbsawwcortus
766 4291 809 4346 riti
825 4293 907 4362 (quas
917 4292 1138 4361 confiscationes
1188 4377 1245 4415 m
1261 4289 1495 4428 ἐῆἕαᾝιι
1512 4307 1572 4346 carr
1592 4292 1701 4359 sessile,
1723 4291 1772 4346 sed
1788 4307 1843 4362 quo
1860 4291 1894 4346 dr
1910 4307 1996 4348 cauea
2013 4308 2158 4350 mmm

270 4430 298 4561 di
315 4428 539 4555 brobiiaieidm
561 4499 661 4554 scaea
684 4497 806 4620 eliojouia
823 4497 927 4551 inciso:
952 4513 1009 4550 aon
1026 4512 1087 4551 cero
1105 4497 1138 4550 de
1274 4429 1320 4562 idi
1338 4427 1655 4562 duddlfdddodm

167 4575 208 4625 tor
223 4569 290 4623 eliis
305 4567 604 4650 quoteodemtempore
621 4575 732 4635 carpor
784 4571 846 4632 pest
862 4567 994 4619 reoeocn'
1009 4566 1137 4647 oportuit,
1213 4635 1218 4650 ¹
1263 4565 1320 4647 Ι15)
1340 4565 1380 4621 Ιο.
1403 4565 1571 4648 Rundictes,
1600 4567 1708 4635 eiusque
1728 4563 1807 4634 filiae
1825 4565 1965 4648 Aqucrss
1982 4581 2008 4622 a.
2031 4565 2100 4622 1525
2122 4565 2157 4624 da

166 4653 428 4786 affluenbdindy
439 4643 558 4760 'dotabit
568 4635 696 4760 ssoffigl
713 4631 1137 4784 iiubidure-inffllebmednbb
1187 4633 1816 4770 wdbbtoimnfflmumddiffemdbiiiebndc
1825 4634 2156 4771 dmiddiiffdeldiffl

165 4775 298 4846 quelques
314 4779 451 4828 ministres
469 4778 497 4829 et
516 4775 573 4844 quil
590 4792 626 4828 ne
637 4781 695 4828 este
706 4773 789 4854 orele
800 4771 915 4826 reveller
925 4787 1036 4842 rnaqnea
1053 4789 1136 4826 marn-
1274 4770 1307 4825 16
1339 4769 1425 4840 Quam
1443 4772 1596 4828 acerem
1611 4787 1666 4826 mm
1684 4785 1771 4824 meare
1789 4770 1942 4826 Februario
1958 4778 2092 4826 sonare
2109 4773 2156 4828 de·

165 4849 264 4898 tenant
280 4859 380 4912 pouree
398 4859 451 4923 qne
468 4859 502 4896 ne
520 4859 549 4897 ee
572 4849 741 4912 apparessort
762 4841 963 4895 anfflsamment.
1000 4839 1079 4910 (Rep.
1098 4839 1137 4894 da
1185 4840 1292 4908 flebat(
1366 4847 1418 4895 not.
1439 4839 1493 4908 10).
1676 4909 1680 4920 ·

168 4909 278 4970 θοιιιιῖ
293 4911 326 4965 31
346 4911 410 4966 Mes
427 4909 513 4980 rota)
1274 4907 1315 4971 ll)
1336 4907 1438 4963 Falsas
1454 4923 1654 5030 campagum
1668 4905 1713 4960 ees
1730 4911 1876 4961 meceres
1892 4905 1998 4960 demun
2015 4905 2056 4962 10.
2076 4907 2158 4966 Iunii

271 4980 297 5048 9)
317 4979 435 5050 &meas
458 4995 572 5046 comma,
595 4981 627 5032 ie
651 4980 820 5050 autographo
837 4979 910 5036 tineo
927 4975 1042 5034 obducta
1060 4976 1134 5032 dan·
1187 4975 1317 5032 daem
1332 4977 1425 5044 faerit.
1451 4977 1546 5048 (star.
1614 4973 1689 5040 347.)
1709 4973 1861 5044 Imperator
1876 4989 1973 5030 recen
1987 4982 2082 5044 postes
2095 4977 2155 5032 dde-

165 5055 262 5106 mum
280 5049 469 5170 transscripsit
485 5047 626 5103 Headut
644 5049 660 5102 t.
677 5049 694 5103 t.
1186 5047 1234 5101 rte·
1250 5061 1279 5100 se
1296 5047 1415 5102 contutit.
1573 5114 1578 5126 Ι
1617 5115 1622 5126 ·
1770 5111 1786 5125 ..
1978 5113 1984 5124 Ι
2045 5114 2051 5127 ,

254 5115 302 5254 ἐφ)
318 5115 515 5256 &taxabam
1184 5183 1232 5251 m,
1248 5113 1468 5240 “225²erng
1485 5112 1633 5182 ιᾱιιηριιι
1649 5111 1689 5167 30.
1708 5111 1785 5167 Hau
1803 5108 1883 5178 1544,
1905 5109 1954 5166 sed
1971 5129 2002 5167 sa
2019 5111 2065 5168 dra
2080 5129 2159 5172 crre-

274 5269 490 5341 ιαιιιορηα.
531 5269 587 5326 ιιι.
605 5267 659 5322 xr.
1917 5265 1952 5320 se
