4942 5982
1019 361 1283 431 aplsaonta
1310 365 1480 429 aea-alo
2211 367 2253 430 20

699 569 774 640 200,
1279 553 1323 618 sit
1338 573 1459 618 munus
1476 571 1539 634 quo
1556 551 1707 619 vilissimi
1725 551 1959 618 homunciones
1976 553 2154 639 fungimur,
2171 575 2253 639 quos

1278 659 1418 722 magnae
1439 658 1476 704 ae
1499 657 1617 721 graves
1639 657 1737 704 curae
1758 645 1892 704 teneant
1913 638 2067 705 sollicitos
2095 648 2129 704 et
2156 640 2253 707 valde

465 707 668 776 VIRE'FUS
691 706 1009 777 BULLINGERO.
1036 737 1039 743 “
1277 723 1479 807 perturbent,
1519 722 1606 806 quod
1645 735 1712 789 tam
1756 745 1850 790 rarus
1891 733 2049 807 appareat
2090 726 2253 811 evangelii

637 883 643 896 ¹
709 883 715 894 ,
1080 881 1086 892 ,
1279 811 1421 889 boetus,
1454 816 1567 874 tantus
1599 811 1642 874 sit
1673 810 1766 876 verbi
1797 817 1832 874 et
1862 819 2142 876 sacramentorum
2174 833 2251 879 con·

340 882 401 966 31³0
423 901 493 948 tum
517 882 716 981 mveltfflflt
735 881 910 980 smitam
931 879 1039 944 caten
1061 881 1228 979 ltlefafflllt
1278 901 1432 978 temptas,
1461 902 1553 960 tanta
1579 894 1656 960 fidei
1683 903 1716 960 et
1742 895 1888 960 caritatis
1915 896 2034 979 iuopia,
2062 903 2153 962 tants
2177 919 2252 980 pec-

246 969 464 1037 eommcrer'am
484 987 553 1031 eam
580 988 613 1032 eo
640 987 722 1032 ruere
749 969 843 1047 rapat.
889 963 998 1030 Status
1026 966 1166 1032 euicere
1191 985 1228 1029 aa
1278 979 1374 1048 (qudi
1403 980 1576 1061 mefites,
1604 981 1716 1046 nullus
1742 981 1807 1047 Dei
1834 989 1956 1061 metus,
1983 981 2075 1047 nulla
2101 1004 2252 1066 prorsum

247 1057 433 1155 wlfelm
454 1054 583 1152 minine
609 1053 801 1151 laudant&
843 1049 954 1150 aeas
978 1056 1110 1134 “1²1⁹th
1137 1071 1228 1150 02¹³stss-
1277 1066 1401 1151 religio,
1422 1067 1502 1133 adeo
1529 1072 1568 1131 ut
1588 1087 1761 1133 vereamur
1788 1087 1830 1133 ne
1857 1067 2016 1150 parrlatim
2042 1067 2191 1135 labamur
2215 1069 2252 1136 in

244 1141 473 1240 praefectus.
504 1138 570 1238 Pfss
583 1137 821 1236 tummim
832 1137 1227 1237 mrasstromsneomseca
1278 1151 1473 1219 atheismum
1499 1151 1672 1236 quendam,
1701 1153 1801 1219 semel
1827 1152 1935 1219 delete
1962 1176 2003 1218 ex
2030 1154 2149 1220 animis
2175 1155 2253 1221 reli-

247 1228 360 1326 de
387 1225 433 1290 vel
459 1244 561 1322 ΜΝ
587 1224 636 1289 vel
656 1222 766 1287 sallem
787 1242 933 1306 tiliam
953 1223 1060 1289 <10th
1082 1229 1112 1287 el
1132 1222 1227 1288 <1¹⁸st
1277 1239 1374 1322 gione
1394 1247 1427 1304 et
1445 1239 1534 1304 omni
1552 1238 1616 1303 Dei
1634 1239 1752 1304 timore
1767 1259 1910 1305 excusso.
1955 1239 2040 1305 Nam
2063 1239 2253 1322 quidnobis

245 1312 374 1396 leflm
395 1315 576 1392 'etpumia
597 1329 677 1392 itte
696 1307 762 1390 fere
780 1307 870 1373 ”tilla
891 1313 943 1374 etl·
1278 1325 1449 1391 accesserit
1467 1345 1509 1390 ex
1528 1323 1699 1408 profligato
1721 1326 1877 1408 papismc,
1899 1346 1967 1390 non
1985 1325 2146 1391 sentimus
2163 1325 2253 1392 aliud

575 1481 580 1492 ⁸
677 1481 682 1492 ,
1191 1481 1196 1492 ,
1278 1431 1378 1494 quam
1406 1409 1490 1494 quod
1519 1411 1589 1475 viee
1618 1409 1854 1476 abominandae
1881 1411 1969 1476 illius
1995 1411 2252 1477 sacrificulorum

247 1483 306 1548 (ΒΧ
318 1481 487 1604 *ῑῑωῇβςξῦ
498 1481 608 1534 Archiv.
620 1479 789 1534 T⁰”⁰·P¹¹¹l·
810 1479 860 1532 VI·
880 1478 941 1560 V.⁰¹·
953 1477 1011 1543 ¹⁶⁶r
1029 1478 1143 1542 ΝΜ·
1161 1482 1225 1533 ⁰¹¹¹¹²
1276 1495 1427 1562 lanienae
1444 1506 1478 1562 et
1488 1515 1656 1562 sacrorum
1673 1494 1949 1562 exsecrandorum
1966 1517 2075 1562 sacras
2093 1496 2251 1564 habemus

300 1552 371 1622 5¹²⁹·
414 1591 420 1602 ·
468 1550 547 1604 XIV.
574 1550 673 1602 ΕΜ
691 1565 798 1616 quoque
816 1566 859 1617 ’μ’
878 1547 1022 1602 temlerum
1040 1549 1103 1602 ω’
1117 1547 1173 1615 4⁷³
1277 1583 1456 1662 conciones,
1479 1582 1646 1666 ingentem
1668 1581 1800 1665 quidem
1827 1591 1861 1646 et
1886 1583 2157 1667 pretiosissimum
2178 1583 2252 1648 the·

366 1740 373 1754 ,
535 1738 541 1752 ,
597 1739 603 1752 ,
737 1738 743 1751 ,
784 1737 790 1750 ,
1013 1736 1019 1750 ,
1178 1739 1184 1752 ,
1278 1687 1422 1748 sauram,
1449 1667 1577 1734 lelioem
1606 1667 1904 1746 commutationem,
1932 1669 1996 1734 uisi
2022 1689 2119 1752 quem
2145 1689 2185 1734 er
2213 1689 2253 1734 ea

333 1739 463 1804 Pietate
475 1745 509 1802 et
521 1738 623 1802 lrterrs
638 1745 847 1802 ornatissimo
859 1735 901 1802 D.
913 1737 1084 1801 Heunoho
1095 1737 1226 1802 Bullm·
1279 1753 1451 1837 decerpere
1475 1754 1618 1819 sumtum
1647 1751 1862 1819 debueramus
1889 1751 2062 1820 deflorant
2086 1755 2253 1838 praeripe,

247 1846 326 1910 801'0
350 1824 529 1910 figulinae
552 1823 707 1890 ⁰⁰⁰10⁸l⁸⁰
728 1823 848 1906 l)aeteri
873 1823 1134 1908 VlgllstnllSSlfflQ
1277 1850 1392 1922 ratque
1423 1845 1609 1906 nostrorum
1641 1839 1811 1904 hominum
1839 1840 1987 1924 ignavia,
2021 1851 2053 1906 et
2083 1841 2252 1926 religionis

1013 1959 1137 2044 ee·
1276 1923 1537 2076 stans
1559 1926 1979 2077 suassaius
2129 1927 2251 2077 tu

336 2096 370 2163 S.
401 2096 507 2181 gratia
535 2103 568 2160 et
594 2116 667 2180 pax.
723 2095 917 2162 Gaudebam
948 2095 1030 2160 mihi
1059 2097 1226 2178 superiore
1276 2031 1359 2161 iragdo
1380 2098 1523 2162 Domino
1545 2115 1666 2181 poenas
1687 2104 1817 2162 nostrae
1839 2033 2251 2181 impietatiguetffississ

249 2189 373 2250 aestate
386 2182 586 2248 occasionem
598 2181 634 2244 in
646 2179 860 2246 Germaniam
876 2180 1108 2265 peregrinandi
1125 2179 1227 2246 firisse
1277 2182 1414 2248 luamus.
1460 2181 1622 2266 Optamus
1644 2203 1757 2247 omnes
1785 2182 1915 2265 quidem
1938 2184 2120 2266 profectum
2143 2183 2253 2249 uberi·

248 2267 400 2346 oblatam,
424 2287 560 2350 spamus
581 2267 650 2332 forn
671 2274 710 2330 ut
731 2267 772 2332 ad
793 2287 856 2333 vos
878 2287 1014 2351 qnoque,
1046 2288 1110 2351 quo
1132 2267 1226 2331 insti·
1277 2288 1381 2347 crem,
1411 2269 1550 2334 maiores
1582 2269 1713 2352 pictatis
1740 2278 1856 2334 auctus
1884 2275 1918 2334 et
1944 2269 2160 2335 incrementa:
2194 2269 2253 2335 sed

248 2362 418 2420 tueramns
435 2353 507 2432 iter,
525 2351 658 2417 tandem
675 2355 931 2436 perveniremus,
950 2373 988 2419 ao
1005 2363 1064 2418 tua
1082 2352 1227 2418 doctissi·
1278 2353 1361 2417 nihil
1383 2353 1471 2418 aliud
1495 2374 1593 2438 quam
1615 2361 1776 2436 optamus.
1821 2355 2039 2437 Deploramus
2056 2355 2152 2420 istam
2170 2361 2255 2420 tem·

145 2474 148 2483 ·
248 2459 443 2521 morumque
460 2437 618 2516 virorum,
641 2459 780 2521 quorum
799 2460 938 2523 magnus
956 2445 1006 2504 cst
1022 2439 1120 2505 isthic
1138 2438 1225 2522 apud
1278 2458 1396 2521 porum
1413 2439 1629 2522 iniquitatem,
1655 2447 1690 2504 at
1707 2441 1833 2505 interea
1850 2439 1946 2505 ucmd
1964 2451 2014 2505 est
2031 2448 2180 2506 nostrum
2198 2441 2255 2523 qui

249 2546 309 2591 vos
331 2531 525 2608 proventus,
554 2526 738 2607 praesentia
765 2531 799 2590 et
826 2524 1029 2591 suavissimis
1056 2525 1225 2608 colloquiis
1277 2523 1401 2591 mederi
1418 2526 1521 2591 tantis
1538 2526 1635 2592 malis
1654 2525 1769 2591 valeat.
1806 2526 1958 2591 Incertus
1975 2547 2048 2591 snm
2065 2525 2162 2608 plane
2177 2525 2256 2592 idne

248 2611 314 2676 frui
336 2619 369 2675 et
389 2609 544 2676 oblectari
567 2611 780 2694 contingeret.
827 2609 895 2676 Sed
923 2613 1032 2677 neseio
1060 2630 1125 2694 quo
1147 2629 1225 2676 casu
1279 2617 1390 2676 nostro
1408 2612 1575 2696 contingat
1593 2611 1681 2689 vitio,
1705 2633 1748 2678 an
1766 2611 1887 2695 populi,
1907 2631 1948 2676 an
1967 2612 2146 2695 utriusque,
2168 2607 2256 2695 quod

249 2695 396 2762 emedio
419 2715 516 2760 cursu
538 2696 683 2762 revocati
712 2696 774 2763 hac
796 2717 853 2780 spe
875 2705 988 2762 nostra
1009 2703 1043 2762 et
1064 2694 1226 2762 desiderio
1279 2696 1477 2780 probabilius
1499 2718 1570 2763 esse
1592 2697 1735 2763 coniicio.
1784 2695 2026 2763 Meditabamur
2048 2695 2256 2781 disciplinam

248 2781 398 2848 frustrati
420 2802 543 2859 sumus,
572 2803 636 2865 quo
657 2783 695 2846 fit
717 2782 811 2846 utin
832 2783 1027 2867 praesentia,
1055 2790 1227 2866 postquam
1280 2781 1422 2866 aliquam
1442 2784 1476 2847 in
1493 2783 1671 2862 ecclesiam,
1691 2803 1774 2866 quae
1785 2783 1833 2849 sio
1844 2783 2001 2849 dissoluta
2012 2792 2071 2862 est,
2089 2803 2254 2864 revocare,

248 2875 283 2933 te
304 2888 415 2934 coram
435 2866 549 2932 videre
561 2875 595 2932 st
605 2867 727 2951 alloqui
738 2878 893 2952 negatum
907 2877 966 2947 cst,
989 2889 1088 2954 cogar
1109 2868 1227 2934 saltem
1279 2867 1314 2930 id
1335 2868 1422 2934 enim
1450 2871 1627 2936 necessitas
1655 2889 1715 2934 nos
1742 2869 1829 2954 cogit
1857 2870 1975 2936 facere:
2009 2868 2139 2953 qualem
2166 2890 2254 2948 vero,

250 2959 415 3037 utcunque
443 2952 548 3019 literis
576 2954 697 3020 sarcire
729 2955 816 3037 quod
849 2961 930 3021 tuno
959 2963 1127 3038 praestare
1159 2975 1227 3019 non
1279 2955 1373 3020 nobis
1394 2976 1460 3020 non
1482 2955 1562 3021 satis
1584 2961 1722 3022 constat.
1766 2953 1870 3020 Cuius
1890 2955 2044 3022 ecelesiae
2065 2955 2255 3040 exemplum

246 3040 349 3107 licuit
391 3038 507 3106 Scribo
524 3043 643 3124 itaque,
662 3059 730 3104 non
747 3039 834 3123 quod
851 3039 934 3105 mihi
952 3041 1108 3124 pollicear
1124 3039 1228 3106 ullam
1279 3040 1376 3111 nobis
1398 3061 1619 3126 proponamus
1646 3039 1852 3120 imitandum,
1886 3062 1952 3106 non
1979 3041 2059 3107 satis
2086 3043 2254 3108 novimus:

247 3132 281 3192 te
305 3126 508 3210 voluptatem
531 3147 572 3191 ex
593 3133 663 3192 tam
684 3125 805 3209 ineptis
833 3127 964 3210 scriptis
986 3134 1226 3210 percepturum,
1280 3135 1349 3192 tum
1380 3127 1465 3210 quod
1496 3127 1615 3210 quibua
1648 3127 1780 3192 vivatur
1812 3127 1889 3192 alibi
1921 3127 2095 3206 institutis,
2126 3135 2161 3192 et
2191 3146 2255 3210 qua

248 3218 308 3278 aut
328 3210 406 3277 inde
428 3210 551 3295 aliquid
569 3211 610 3276 ad
628 3220 661 3278 te
679 3211 862 3278 rediturum
879 3213 1041 3291 utilitatis,
1064 3211 1121 3278 sed
1142 3211 1229 3295 quod
1279 3210 1450 3296 disciplina
1472 3213 1678 3278 contineatur
1700 3213 1835 3296 quisque
1857 3213 1892 3277 in
1914 3213 2032 3292 officio,
2065 3210 2255 3278 baudastis

249 3319 289 3366 oa
310 3319 367 3382 spe
390 3297 491 3363 ducar
512 3305 552 3363 ut
573 3298 656 3363 mihi
682 3297 895 3381 persuadeam
923 3297 1046 3380 aliquid
1073 3319 1147 3364 mea
1173 3317 1228 3362 me
1279 3297 1396 3381 liquet,
1427 3306 1498 3363 tum
1526 3298 1611 3381 qnod
1641 3299 1827 3364 rarissimae
1855 3305 1933 3363 snut
1960 3319 2016 3363 eae
2045 3297 2199 3365 ecclesiae
2220 3299 2255 3362 in

248 3384 500 3468 importunitate
522 3385 580 3450 abs
606 3391 639 3450 te
666 3384 836 3448 literarum
866 3391 1083 3460 extorseram,
1111 3384 1228 3467 quibus
1279 3384 1396 3469 quibus
1423 3405 1488 3449 non
1517 3383 1635 3450 iisdem
1663 3383 1833 3449 laboretur
1859 3383 1982 3449 morbis
2010 3391 2044 3450 et
2070 3383 2185 3449 iisdem
2212 3384 2256 3450 ait

249 3469 333 3535 mihi
355 3477 521 3535 recreetur
542 3470 680 3548 animus,
710 3477 744 3534 et
771 3489 909 3552 quarum
936 3469 1074 3534 lectione
1104 3467 1228 3536 doctior
1279 3491 1360 3555 opus
1386 3469 1548 3535 remediis.
1604 3471 1709 3536 Porro
1741 3476 1889 3534 veterem
1922 3467 2126 3554 disciplinam
2158 3470 2256 3535 resti-

251 3555 398 3633 evadam,
421 3556 531 3638 sieque
548 3556 672 3620 afficiar
689 3564 727 3619 ut
749 3555 881 3620 redeam
904 3554 946 3620 ad
967 3556 1097 3638 pietatis
1119 3555 1228 3620 studia
1280 3567 1371 3620 tuere
1399 3554 1489 3620 haud
1518 3562 1569 3621 est
1597 3557 1830 3639 inpromptu,
1863 3577 1924 3621 nec
1954 3553 2100 3638 expedit,
2133 3556 2256 3639 partim

252 3641 391 3706 alacrior
424 3648 458 3704 et
490 3640 661 3706 ardentior.
714 3641 861 3706 Puderet
887 3641 1001 3724 procul
1030 3640 1129 3707 dubio
1159 3649 1228 3706 tam
1280 3641 1365 3725 quod
1394 3663 1461 3706 non
1488 3642 1555 3706 suis
1582 3649 1693 3707 carcat
1721 3641 1825 3720 vitiis,
1854 3649 1887 3705 et
1915 3640 2056 3724 plurima
2090 3643 2255 3708 contiueat

250 3726 458 3810 imwdenter
476 3735 518 3805 ts,
540 3727 650 3793 virum
667 3726 882 3810 undequaque
900 3727 1131 3806 doctissimum,
1154 3747 1228 3812 graf
1280 3749 1371 3811 quae,
1394 3734 1432 3793 ut
1453 3726 1603 3793 nonnihil
1624 3726 1796 3793 discedunt
1812 3725 1853 3792 ab
1873 3727 2254 3810 apostolorumpuritate‚

251 3813 395 3880 vissimis
416 3832 454 3878 ae
476 3813 618 3876 maxime
641 3812 734 3877 seriis
757 3812 876 3878 studiis
899 3821 1103 3897 occupatum,
1127 3815 1228 3879 inter·
1280 3815 1325 3878 ita
1347 3813 1459 3880 reduci
1481 3815 1562 3879 citra
1583 3813 1857 3880 conscientiarum
1874 3810 2253 3896 periculumetpapismi

251 3898 376 3982 pallere
398 3903 432 3961 et
453 3898 612 3962 remorari
637 3899 720 3963 meis
747 3899 845 3982 nugis
872 3906 905 3964 et
931 3899 1074 3982 ineptiis,
1103 3899 1164 3965 nisi
1195 3907 1229 3964 et
1280 3901 1420 3982 speciem
1440 3907 1539 3982 atque
1561 3899 1776 3984 suspicionem
1800 3919 1863 3963 non
1886 3898 1979 3963 facile
2000 3906 2147 3981 possunt.
2188 3895 2254 3962 Cu-

251 3985 342 4068 ipsae
365 3981 503 4049 alieuius
531 3991 641 4048 essent
667 3986 840 4067 momenti,
869 3991 902 4049 et
930 3985 1089 4068 quaedam
1118 4007 1226 4051 secum
1280 3986 1388 4069 pimus
1410 3984 1626 4068 disciplinam,
1649 3983 1705 4050 sed
1723 3984 1829 4068 quoad
1847 3985 1917 4050 eius
1939 3984 2011 4050 fieri
2036 3985 2156 4066 poterit
2175 3983 2253 4048 sim·

252 4072 338 4135 seria
360 4069 525 4135 ducerent.
570 4069 644 4134 Tua
667 4089 744 4154 ergo
766 4071 868 4136 fretus
890 4070 1104 4150 humanitate,
1128 4092 1228 4154 quam
1280 4071 1501 4154 plicissimam,
1524 4071 1742 4154 purissimam,
1764 4078 1798 4136 et
1819 4069 1901 4134 nihil
1931 4071 1971 4136 ab
1998 4067 2174 4152 apostolica
2194 4088 2254 4132 va-

252 4155 334 4220 mihi
362 4162 410 4221 tot
438 4155 593 4221 encomiis
621 4153 664 4220 D.
696 4155 865 4239 Gryaccuc
897 4157 1077 4222 eommunis
1104 4157 1228 4222 amicus
1280 4159 1422 4222 rientem
1453 4178 1471 4222 e
1505 4155 1585 4222 viris
1619 4177 1695 4222 vere
1735 4155 1928 4240 apostolicis.
1983 4153 2059 4236 Qua
2090 4174 2169 4220 vero
2198 4152 2254 4217 via

251 4247 364 4306 noster
391 4239 647 4322 commendavit,
680 4263 717 4306 ao
744 4243 836 4307 cuius
863 4243 1008 4326 impulsu
1037 4243 1129 4325 prius
1160 4243 1228 4308 iam
1281 4241 1638 4328 aggrediamurboene
1661 4243 1772 4320 otium,
1792 4241 1879 4307 unde
1892 4241 2097 4324 incipiamus,
2116 4259 2254 4323 quorum

253 4325 340 4408 apud
356 4333 388 4389 te
405 4326 527 4409 aliquid
544 4326 664 4392 audere
679 4329 778 4410 coepi,
797 4329 949 4412 accingar
965 4328 1006 4393 iis
1028 4327 1228 4411 exponendis
1280 4327 1400 4406 labore,
1422 4327 1594 4407 industria,
1617 4265 1691 4406 fide,
1714 4326 1884 4412 diligentia
1912 4332 1946 4391 et
1973 4327 2083 4391 faama
2105 4323 2147 4390 ad
2167 4323 2254 4391 hane

253 4409 295 4476 de
312 4410 429 4493 quibus
446 4432 643 4497 magnopere
668 4414 763 4496 cupio
780 4421 871 4478 tuam
889 4413 1226 4483 audirescntentiam.
1281 4435 1350 4478 rem
1373 4423 1523 4492 utamur,
1553 4413 1632 4497 quid
1659 4433 1878 4497 proponamus
1906 4420 1939 4476 et
1965 4409 2189 4490 deliberemus,
2218 4411 2254 4474 in

340 4493 456 4576 Qualis
478 4498 520 4562 sit
538 4520 649 4563 rerum
667 4508 852 4564 nostrarum
871 4497 1013 4564 conditio
1031 4520 1098 4564 non
1115 4501 1228 4584 putavi
1281 4507 1372 4564 tanto
1392 4500 1566 4570 affectuum
1589 4507 1697 4577 aestu,
1726 4499 1868 4564 sinistris
1896 4495 2148 4581 suspicionibus,
2178 4497 2254 4562 reli-

252 4581 413 4666 prolixius
440 4583 721 4666 prosequendum,
750 4605 851 4668 quum
885 4583 918 4648 id
947 4583 1077 4650 abunde
1113 4607 1228 4652 narra·
1280 4585 1388 4670 gionis
1416 4585 1583 4668 neglectu,
1612 4584 1700 4650 haud
1727 4585 1820 4649 nobis
1847 4585 1926 4650 satis
1959 4591 2162 4665 compertum
2192 4589 2251 4648 est.

254 4675 348 4732 turus
382 4668 425 4754 sit
457 4668 663 4750 tabellarius,
696 4691 792 4754 quem
825 4669 910 4734 nihil
943 4669 1044 4734 latere
1078 4670 1227 4751 arbitror,
1281 4671 1414 4738 Morbos
1445 4671 1605 4736 sanamus
1638 4677 1671 4736 et
1703 4671 1939 4754 cognoscimus,
1972 4668 2030 4735 sed
2061 4669 2136 4752 plus
2166 4668 2254 4734 valet

252 4761 366 4838 utpote
385 4753 440 4836 qui
458 4775 524 4820 uon
542 4763 671 4820 tantum
691 4756 773 4820 mihi
791 4756 973 4822 arctissima
990 4757 1228 4824 necessitudine
1281 4765 1352 4822 arte
1378 4756 1501 4820 malum
1529 4765 1563 4821 et
1588 4756 1694 4822 indies
1728 4757 1834 4840 magis
1868 4777 1906 4822 ac
1935 4755 2041 4840 magis
2073 4754 2253 4832 invalescit,

253 4840 447 4906 coniunctus
480 4847 538 4918 est,
568 4841 626 4906 sed
658 4842 803 4907 omnium
831 4841 930 4907 etiam
958 4841 1168 4908 consiliorum
1196 4853 1229 4908 et
1281 4841 1360 4907 dum
1387 4863 1483 4908 nemo
1510 4863 1645 4907 manum
1674 4841 1831 4907 medicam
1855 4841 2015 4914 admovet,
2043 4862 2138 4906 nemo
2160 4859 2254 4905 oeen-

252 4925 489 5010 oogitationum
510 4927 657 4993 conscius
679 4935 713 4992 et
734 4929 904 5011 particeps.
944 4927 1056 4994 Unum
1074 4928 1228 5012 estquod
1280 4936 1379 5011 patnr
1389 4928 1590 5011 inquirendis
1612 4928 1778 5006 antidotis,
1798 4934 1856 4992 aut
1872 4929 1899 4993 si
1910 4930 1965 5011 qni
1981 4927 2015 4992 id
2026 4927 2253 5009 dentoperam,

251 5011 405 5092 inprimis
420 5018 529 5077 tecum
540 5014 680 5096 optarim
696 5015 855 5080 conferre:
879 5012 1000 5098 quade
1021 5033 1058 5078 re
1077 5014 1230 5079 nonnihil
1280 5023 1338 5080 aut
1359 5022 1559 5080 cunctantur
1580 5013 1719 5078 mmium
1742 5021 1800 5078 aut
1821 5035 1885 5079 non
1908 5013 2062 5080 videntur
2090 5031 2188 5096 agere
2215 5031 2255 5076 ea

255 5097 351 5180 attigi
378 5098 414 5160 in
442 5099 524 5163 meis
553 5098 596 5164 ad
616 5099 658 5164 D.
684 5097 861 5182 Casparcm
884 5098 1094 5183 Mpaadmm
1114 5095 1249 5167 literis.¹
1280 5099 1345 5165 lide
1367 5109 1400 5164 ct
1421 5099 1589 5182 diligentia
1609 5117 1707 5181 quam
1728 5119 1781 5166 res
1802 5099 1875 5184 ipsa
1895 5100 2056 5184 postulat,
2085 5105 2182 5180 atque
2207 5099 2255 5162 ita

255 5179 381 5247 Sumus
403 5182 563 5265 plerique,
594 5195 628 5248 et
649 5205 752 5266 paene
773 5195 930 5268 quotquot
955 5185 1098 5270 penitius
1124 5187 1229 5250 intro-
1281 5205 1409 5267 semper
1430 5187 1464 5248 in
1486 5185 1599 5250 eodem
1625 5184 1797 5252 haeremus
1824 5186 1894 5253 luto
1924 5195 1957 5252 et
1983 5179 2253 5262 consenescimns,

256 5268 401 5352 spiciunt
418 5269 674 5352 expenduntque
693 5268 882 5352 diligentius
898 5293 997 5354 quam
1015 5270 1155 5337 arduum
1167 5271 1229 5339 hoe
1281 5271 1366 5336 nihil
1388 5272 1483 5335 veriti
1506 5292 1548 5336 ne
1569 5271 1708 5353 posteris
1730 5272 1899 5340 ecclesiam
1920 5271 2143 5355 relinquamus
2163 5267 2253 5334 omni
