4898 5970
266 283 330 348 807
1033 269 1296 340 EPISTOLAE
1318 272 1498 336 tas-eet
2194 267 2259 332 808

267 461 440 547 exempla?
485 460 523 528 Si
543 459 698 527 ecclesiae
719 461 840 529 vetans
860 481 957 528 usnm
979 465 1013 525 et
1033 457 1238 543 approbatio-
1261 467 1267 586 Ι
1376 455 1538 540 Queritnr
1558 457 1657 524 etiam
1679 453 1766 540 quod
1792 456 1897 540 ipsius
1921 473 2042 520 nomen
2062 455 2259 522 subticueri-

267 571 346 616 ncm
367 546 511 631 requirit.
538 545 650 612 videat
671 546 748 629 quid
770 548 805 612 in
828 546 961 632 synodis
983 545 1239 629 provincialibus
1289 563 1373 622 mus,
1400 564 1524 626 nosque
1550 564 1591 608 ex
1618 541 1779 608 industria
1806 539 2026 608 dissimulasse
2054 541 2108 606 ait.
2152 539 2260 621 Quasi

266 635 435 720 agebatur.
476 631 544 697 Sed
560 632 686 698 homini
707 633 871 698 obstinato
894 641 927 697 et
946 631 1132 698 contumaci
1153 629 1239 695 nihil
1291 649 1368 694 vero
1389 636 1483 693 tanta
1504 627 1548 694 sit
1568 627 1657 692 ιἰιιι
1679 627 1789 710 ipsius,
1812 638 1851 692 nt
1872 627 1963 692 nobis
1984 624 2133 692 omnibns
2154 627 2259 710 possit

267 719 402 785 omnino
430 717 618 784 satisfacere
645 725 761 802 potest
803 719 971 784 imbutum
1003 737 1113 782 errore
1145 715 1238 800 inge·
1290 722 1388 780 notus
1405 735 1485 792 esse,
1505 727 1563 778 aut
1582 736 1644 777 amr
1665 713 1780 796 potius,
1798 709 2257 797 qaumnonnullieiratribus

267 803 360 871 niem
382 803 492 869 omnia
509 803 704 886 posthabere
722 803 814 870 solet
856 803 939 870 Eius
957 802 1135 886 pertinacia
1151 822 1237 865 nnn·
1289 799 1537 875 illumnosseut,
1561 819 1692 883 parem-e
1710 813 1819 864 taurea
1838 799 1942 882 ipsius
1958 797 2084 862 nomini
2100 811 2134 862 ιι
2149 796 2258 866 lamae

267 909 366 973 quam
389 909 465 954 eam
482 899 570 954 recte
589 889 734 956 iudicare
755 891 848 966 sinet,
871 899 929 954 aut
950 889 1134 972 intelligere
1155 906 1237 970 quae
1288 885 1500 952 maluerimus
1522 907 1618 968 qtrara
1642 905 1715 948 ιιιιιι
1745 882 1900 950 dedecere
1929 898 1963 949 et
1989 883 2170 982 ignominia
2197 905 2258 951 no-

267 975 452 1041 necessaris
468 983 546 1040 sant
562 977 596 1038 in
614 975 748 1042 ecclesia
767 973 989 1061 gubernanda.
1033 973 1149 1038 Nonne
1167 983 1236 1036 tur·
1288 971 1423 1038 minare.
1475 973 1529 1036 Aa
1560 971 1616 1034 ulli
1646 991 1790 1052 uuquam
1816 991 1896 1035 sano
1925 969 2050 1034 bomrni
2077 969 2258 1036 iucundum

266 1059 437 1144 pissimum
465 1070 515 1125 est
541 1062 662 1143 pastori
691 1061 757 1125 iam
785 1070 892 1126 aetate
918 1069 1081 1142 provecto,
1112 1057 1169 1142 qni
1201 1077 1236 1124 se
1287 1055 1352 1122 fuit
1378 1056 1539 1122 nominari
1568 1078 1683 1137 ιμιιιιι.
1712 1055 1752 1120 ‹le
1778 1077 1887 1121 errore
1913 1063 1972 1120 aut
1997 1053 2118 1121 scelere
2144 1075 2257 1138 repre·

267 1145 354 1210 inter
375 1145 497 1228 primos
519 1145 630 1211 baberi
653 1147 734 1224 vult,
761 1167 827 1210 non
850 1146 1112 1210 animadvertere
1133 1163 1236 1226 quan·
1288 1141 1467 1208 henditur?
1517 1141 1589 1207 Nisi
1623 1145 1705 1206 luto
1740 1141 1791 1207 luc
1822 1161 1933 1207 eorum
1966 1140 2011 1206 sit
2042 1140 2156 1206 similis
2189 1141 2257 1224 qui,

267 1239 338 1296 tum
365 1231 510 1295 fraterna
537 1232 708 1311 correctio,
737 1252 819 1313 quae
847 1229 998 1296 omnibns
1025 1230 1096 1295 sine
1121 1227 1236 1294 discri·
1288 1249 1387 1310 quum
1419 1227 1597 1312 praeclaris
1630 1227 1825 1292 facinoribus
1852 1227 1973 1292 famam
2001 1223 2063 1292 sibi
2083 1225 2258 1293 conciliare

265 1315 357 1380 mine
378 1315 567 1393 mandatur,
589 1317 629 1382 ab
652 1337 691 1382 ea
711 1317 840 1382 differat
860 1337 943 1398 quae
966 1336 1042 1398 pars
1063 1326 1113 1380 est
1133 1313 1236 1380 ccele-
1287 1333 1355 1378 noa
1387 1321 1538 1396 possunt,
1571 1311 1668 1379 rebus
1700 1333 1871 1396 perperam
1902 1312 2003 1396 gestis
2034 1319 2093 1377 aut
2123 1313 2258 1397 flagitiis

267 1399 578 1484 siasticaepolitiac?
609 1402 748 1467 Minime
765 1401 897 1484 quidem
914 1400 1111 1466 arbitramur
1127 1400 1235 1484 ipsum
1286 1420 1407 1464 nemen
1429 1406 1600 1482 quaerunt

266 1485 313 1550 ita
344 1487 550 1571 ignorantem
582 1507 653 1552 esse
687 1498 724 1552 ιι
759 1487 840 1553 ιιιι
871 1508 937 1553 non
969 1486 1145 1569 intelligat:
1178 1483 1236 1551 sed
1372 1481 1499 1550 Lenius
1520 1485 1663 1568 prefecto
1684 1491 1718 1550 et
1739 1484 1924 1562 humanius,
1953 1503 2052 1567 qaam
2080 1481 2257 1550 indocilem

266 1583 379 1655 aperte
400 1571 559 1636 malitiam
577 1572 721 1638 hominis
749 1571 1034 1655 reprehensionem
1062 1573 1147 1636 ferre
1176 1590 1235 1636 ne·
1286 1569 1454 1635 hominem
1475 1568 1618 1648 decebat,
1640 1569 1747 1653 ipsum
1766 1570 1986 1636 tractavimus.
2031 1565 2203 1634 Severiore
2220 1575 2258 1635 ιι

265 1655 365 1722 lentis
397 1657 572 1722 intuemur.
622 1661 855 1742 Arrogantiam
888 1659 958 1724 eins
986 1666 1020 1723 et
1048 1655 1234 1740 superbiam
1287 1656 1452 1722 acerbiore
1473 1655 1700 1740 obiurgatione
1720 1656 1751 1720 ei
1773 1676 1854 1738 opus
1875 1655 1946 1720 fnit
1990 1651 2057 1720 Sed
2076 1675 2115 1720 ea
2131 1653 2255 1720 anobis

265 1741 494 1826 perspicimus:
524 1740 602 1808 dum
625 1745 791 1810 existimat
817 1743 938 1826 aliquid
966 1742 1006 1808 de
1035 1763 1094 1808 sua
1121 1743 1234 1808 existi·
1285 1742 1445 1825 proficisci
1467 1739 1570 1806 debet.
1614 1741 1779 1806 Veremur
1800 1740 1886 1806 enim
1916 1759 1959 1805 ne
1987 1738 2127 1804 nimium
2155 1741 2185 1806 ei
2212 1740 2255 1806 eb

265 1829 410 1892 mationa
421 1827 568 1912 deperire
585 1828 614 1893 si
635 1850 656 1893 a
677 1829 833 1894 fratribus
854 1828 1077 1894 admoneatur.
1101 1826 1236 1908 Quanta
1286 1828 1415 1892 senium
1448 1824 1665 1906 indulseritis,
1703 1847 1805 1909 eoque
1837 1826 1882 1894 sit
1916 1823 2108 1890 insolentior
2139 1825 2255 1892 faetus.

266 1933 346 1982 vero
366 1913 505 1978 stultitia
527 1921 585 1978 aut
607 1914 716 1997 potius
736 1915 866 1980 insania
887 1925 952 1992 est,
976 1913 1061 1978 nolle
1084 1934 1104 1978 a
1125 1912 1233 1977 fratri·
1286 1913 1376 1978 Satis
1397 1924 1601 1995 perspectum
1619 1912 1713 1978 vobis
1735 1913 1940 1991 arbitramur,
1960 1932 2023 1994 quo
2042 1911 2148 1996 magis
2169 1909 2256 1978 tales

265 1997 328 2064 bus
360 2004 394 2063 et
425 1999 558 2082 collegis
589 1999 713 2081 placide
744 1998 954 2066 hortantibus
981 1997 1107 2076 andire,
1147 1995 1235 2080 quod
1285 1997 1434 2062 homines
1455 1997 1518 2063 sibi
1544 1997 1708 2081 indulgeri
1736 1997 1859 2075 vident,
1887 2017 1925 2062 eo
1954 1996 2091 2062 maiores
2118 1995 2256 2080 spiritus

264 2091 379 2167 postea
400 2105 420 2148 ι
443 2083 541 2168 vulgo
563 2104 637 2150 cum
659 2107 786 2151 summo
807 2084 962 2150 dedecore
991 2095 1024 2148 ιι
1045 2083 1233 2167 ignominia,
1286 2081 1412 2161 ducere,
1435 2093 1468 2148 et
1486 2082 1534 2147 ita
1554 2083 1661 2148 animo
1684 2083 1801 2161 efferri,
1828 2081 2022 2148 attendam
2048 2083 2115 2148 sint
2135 2082 2256 2148 intole-

263 2189 325 2235 nee
347 2169 418 2234 sine
429 2169 551 2252 insigni
569 2169 721 2236 ecelesiae
740 2169 935 2236 detrimento
946 2169 1233 2254 audireeogamur.
1285 2166 1411 2233 rabiles.
1464 2167 1566 2233 Nulla
1593 2169 1803 2251 perniciosior
1834 2170 1869 2233 in
1897 2167 2031 2234 eeclesia
2058 2168 2161 2251 pastis
2192 2175 2255 2249 est,

263 2253 426 2320 Videmus
448 2253 536 2321 hunc
556 2276 599 2320 cx
626 2276 739 2321 eornm
768 2276 839 2320 esse
867 2274 1003 2319 numero
1031 2253 1087 2336 qui
1116 2251 1233 2319 blande
1285 2275 1382 2336 quam
1411 2252 1624 2336 superborum
1653 2253 1812 2320 eiusmodi
1840 2253 2024 2330 hominum,
2055 2253 2111 2336 qui
2141 2255 2189 2318 ita
2217 2274 2256 2320 se

263 2341 381 2406 moniti
409 2341 495 2406 fiunt
521 2339 713 2422 deteriores,
748 2348 783 2405 et
809 2340 845 2404 in
877 2360 932 2405 eos
958 2339 1014 2421 qui
1042 2339 1123 2422 ipsis
1152 2337 1233 2404 bene
1285 2347 1412 2416 amant,
1444 2349 1572 2404 tantum
1601 2337 1662 2404 sibi
1688 2339 1878 2424 indulgent,
1911 2351 1949 2404 ιι
1980 2358 2058 2422 prae
2091 2360 2128 2404 se
2156 2339 2256 2406 nihili

263 2426 402 2508 cupiunt
424 2427 499 2490 totis
527 2423 651 2491 viribus
680 2426 772 2508 quasi
800 2424 910 2490 furore
939 2424 1054 2507 perciti
1080 2425 1233 2489 nituntur
1284 2425 1406 2489 faciant
1420 2445 1543 2490 omnes.
1576 2423 1704 2490 Volunt
1721 2426 1874 2502 eminere,
1896 2425 2071 2503 aestimari,
2092 2424 2129 2489 in
2146 2425 2255 2507 pretio

262 2509 398 2576 irrume.
449 2509 562 2591 Quum
601 2511 689 2574 enim
727 2511 835 2594 ipsum
874 2510 977 2576 amice
1017 2531 1054 2576 ac
1092 2510 1233 2576 fideliter
1284 2509 1406 2576 haberi.
1450 2509 1590 2574 Interim
1613 2508 1759 2576 errorain
1782 2531 1914 2576 suorum
1937 2529 2063 2576 venena
2081 2517 2253 2594 spargunt,

263 2596 504 2660 monuissemus
526 2604 565 2660 nt
585 2595 799 2679 resipisceret,
826 2602 923 2678 atque
951 2617 1095 2662 essemus
1124 2596 1253 2660 eonati·
1284 2595 1571 2673 aovamoliuntur,
1594 2595 1762 2662 ecelesiam
1774 2595 1838 2661 Dei
1859 2595 2064 2662 conturbant.
2108 2596 2253 2676 Utinam,

262 2678 392 2745 lenibus
415 2701 490 2744 eum
510 2680 620 2747 verbis
644 2681 678 2745 in
705 2683 793 2748 viam
815 2679 979 2754 reducere.
1008 2702 1077 2746 non
1105 2691 1232 2746 tantum
1283 2690 1423 2764 utoptat
1434 2682 1567 2758 Paulus,
1590 2681 1674 2748 tales
1685 2681 1923 2748 abscindantur.
1966 2681 2043 2746 Non
2064 2679 2254 2748 dubitamus

263 2774 455 2848 arroganter
482 2785 541 2832 nos
567 2765 674 2830 reiicit
700 2775 733 2832 et
758 2787 794 2833 se
822 2767 1069 2833 obstinatiorem
1097 2767 1233 2852 praebet
1283 2767 1363 2849 quin
1379 2767 1442 2832 iste
1458 2766 1599 2832 multum
1612 2766 1704 2834 vobis
1721 2769 1858 2834 ιιιιιιιι
1875 2765 2009 2852 negotii,
2027 2787 2086 2832 nec
2104 2768 2135 2831 ei
2153 2765 2255 2834 fidem

262 2849 434 2916 sedetiam
454 2871 514 2917 nos
531 2851 718 2934 petulanter
734 2851 873 2931 lacessit,
894 2852 1131 2936 verborumque
1153 2851 1233 2918 arti·
1283 2851 1475 2919 adhibemus
1495 2874 1594 2936 quum
1617 2851 1743 2932 scribit,
1765 2861 1896 2919 servata
1916 2853 2045 2918 unitate
2064 2853 2100 2916 in
2121 2853 2254 2918 vinculo

261 2935 337 3001 licio
365 2934 479 3002 ludere
507 2937 570 3016 ait,
598 2937 684 3020 quod
712 2939 808 3003 firma
836 2939 1015 3022 scripturae
1044 2938 1233 3003 testimonia
1282 2938 1371 3020 pacis
1404 2938 1498 3022 (sunt
1529 2937 1617 3003 enim
1652 2939 1723 3005 eius
1754 2937 1869 3018 verba)
1908 2959 1966 3006 vos
2001 2937 2253 3003 controversari

261 3025 328 3086 neri
351 3020 539 3088 babeamus.
583 3021 850 3106 comparationes
868 3023 1065 3108 Hieronymi
1082 3025 1117 3088 in
1135 3023 1230 3107 Vigi·
1282 3023 1440 3090 Potestne
1468 3023 1497 3090 is
1526 3043 1639 3106 pacem
1671 3045 1802 3089 servare
1832 3021 1889 3107 qui
1922 3023 2002 3088 adeo
2030 3024 2255 3090 contentiosus

261 3105 401 3171 lentium
423 3107 564 3181 adducit,
586 3127 624 3175 ιι
646 3108 675 3174 si
696 3109 891 3174 contendere
908 3110 1123 3194 potiusquam
1135 3108 1231 3174 fidele
1283 3117 1333 3174 est
1353 3117 1389 3174 ut
1411 3110 1575 3174 neminem
1604 3107 1718 3174 audire
1747 3110 1836 3186 velit,
1869 3107 2036 3192 solamque
2064 3109 2255 3192 opinionem

261 3191 433 3258 eonsilium
464 3193 620 3276 praebere
649 3193 874 3261 voluissemus.
929 3193 1045 3276 Qualis
1074 3214 1153 3260 vero
1182 3201 1233 3259 est
1283 3216 1374 3260 snam
1399 3195 1488 3259 omui
1511 3205 1544 3258 et
1565 3195 1801 3278 seripturarum
1819 3205 1851 3260 et
1862 3193 2072 3261 eeclesiarum
2083 3193 2255 3260 autoritati

260 3275 343 3342 haec
376 3275 517 3344 hominis
548 3279 801 3361 importunitas?
856 3281 911 3345 An
934 3292 1060 3346 coetum
1082 3289 1232 3345 nestrum
1282 3280 1479 3363 anteponat?
1525 3280 1612 3344 Num
1641 3280 1883 3358 animadvertit,
1906 3279 1984 3362 quid
2005 3280 2129 3346 Paulus
2149 3301 2256 3363 quum

260 3362 431 3428 rhetorum
460 3370 519 3428 aut
544 3363 764 3448 sophistarum
785 3363 940 3443 scholam,
967 3386 1034 3430 non
1061 3364 1231 3432 eeclesiam
1281 3366 1316 3430 in
1337 3368 1488 3432 omnibns
1509 3365 1574 3430 Dei
1601 3367 1706 3430 servis
1733 3375 1803 3431 tum
1831 3365 1976 3432 maxime
2004 3366 2039 3430 in
2066 3364 2255 3448 pastoribus

260 3445 328 3512 Dei
355 3447 470 3531 putat?
526 3449 582 3514 An
615 3450 696 3516 levis
727 3458 778 3517 ιιι
810 3451 890 3518 haec
920 3451 1041 3517 iniuria
1073 3449 1232 3516 adversus
1282 3452 1429 3535 requirit,
1457 3473 1499 3516 ne
1521 3451 1589 3516 sint
1616 3451 1773 3536 litigiosi?
1817 3451 1891 3516 Non
1919 3452 1966 3518 sic
1993 3451 2131 3517 sortasse
2156 3451 2256 3516 illum

261 3543 410 3682 pastores
431 3533 585 3600 ecelesiae
606 3533 680 3613 Dei,
703 3544 741 3600 nt
761 3536 881 3601 malam
904 3557 1034 3603 causam
1056 3535 1231 3602 verberum
1283 3536 1392 3603 decuit
1424 3536 1567 3621 superba
1597 3537 1655 3602 illa
1687 3547 1721 3602 et
1753 3557 1911 3622 arrogans
1943 3535 2112 3602 doctorum
2141 3535 2257 3602 schola

276 3617 435 3684 enceiniis
455 3619 541 3684 tueri
562 3629 596 3685 et
616 3621 789 3687 defendere
797 3621 826 3708 b)
848 3621 997 3688 nitantur
1015 3622 1231 3706 potiusquam
1283 3643 1366 3706 quac
1384 3625 1495 3688 emnia
1512 3621 1767 3688 dissensionibus
1783 3623 1907 3706 implet,
1930 3622 2056 3688 eoelum
2073 3632 2107 3687 et
2128 3629 2256 3687 terram

261 3701 348 3786 qnod
363 3725 475 3769 verum
489 3704 684 3771 estdocere?
718 3707 792 3772 Non
810 3718 898 3773 certe
914 3709 962 3772 ita
982 3707 1087 3774 edocti
1108 3729 1231 3774 stamus.
1283 3717 1474 3774 commovet.
1508 3708 1726 3774 contumaees
1742 3719 1775 3773 et
1791 3707 1973 3774 fastidiosos
1988 3708 2119 3772 illorum
2135 3729 2254 3788 mores,

261 3787 339 3854 Νοι
361 3789 409 3854 ita
430 3789 565 3872 spiritus
585 3791 641 3856 ille
663 3793 820 3870 veritatis,
843 3813 905 3875 quo
927 3813 988 3858 nos
1009 3793 1080 3877 regi
1102 3794 1231 3860 confidi·
1283 3795 1401 3876 quibus
1422 3803 1457 3858 et
1477 3804 1592 3876 suapte
1614 3803 1733 3859 natura
1761 3802 1794 3860 et
1821 3793 1993 3878 disciplina
2019 3793 2166 3860 imbutus
2191 3801 2255 3873 est,

260 3893 346 3950 mus,
357 3895 418 3939 ιιι
428 3875 580 3940 aberrare
590 3877 679 3942 sinit.
708 3877 835 3942 Verum
846 3879 1233 3961 causeipsaaequissima
1283 3901 1349 3944 nen
1372 3879 1465 3946 facile
1487 3879 1629 3962 deponit

262 3959 344 4025 satis
366 3980 401 4024 ιι
424 3961 528 4043 ipsum
550 3962 710 4038 tuebatur,
732 3985 792 4030 nce
815 3963 987 4029 verborum
1006 3975 1156 4029 ornatum
1176 3975 1233 4029 aut
1368 3963 1464 4044 Quod
1494 3986 1595 4048 quum
1622 3964 1669 4030 ita
1697 3963 1755 4042 sit,
1787 3986 1854 4030 non
1886 3985 2059 4049 pessumus
2086 3963 2183 4030 aliter
2211 3962 2257 4033 de

260 4045 418 4110 orationis
441 4047 582 4129 leporem
604 4047 798 4130 requirebat
843 4048 933 4115 Setis
955 4049 1018 4134 ipsi
1040 4049 1231 4132 perspicitis,
1283 4049 1341 4114 tali
1357 4049 1491 4116 homine
1512 4071 1610 4133 quam
1634 4051 1800 4134 arroganti
1819 4059 1854 4114 et
1869 4060 2031 4133 protervo,
2054 4049 2257 4117 etdeecele-

263 4129 431 4196 catanam
452 4143 600 4198 nostrum
623 4155 688 4198 non
709 4135 745 4198 in
762 4155 800 4200 eo
821 4134 984 4200 studuisse
1010 4145 1048 4200 ιι
1075 4136 1229 4219 scriptum
1282 4136 1349 4202 siae
1378 4134 1603 4218 perturbatore
1626 4136 1807 4220 perniciose
1833 4135 1986 4202 iudicare.
2031 4133 2258 4216 Quamobrem

260 4213 343 4280 illud
361 4217 470 4283 verbis
487 4226 627 4297 ornaret,
649 4241 710 4286 neo
727 4219 815 4284 enim
833 4221 1012 4302 simplicius
1033 4228 1091 4286 aut
1112 4222 1231 4286 nudius
1282 4219 1363 4286 haec
1385 4221 1424 4286 ad
1449 4243 1507 4287 vos
1524 4223 1712 4304 scripsimus
1735 4231 1773 4286 ut
1794 4223 1864 4288 eius
1885 4222 2100 4306 pervicaciam
2123 4231 2156 4286 et
2177 4244 2258 4308 pro·

261 4300 360 4366 scribi
382 4303 494 4384 petuit,
524 4302 582 4370 sed
608 4313 647 4368 ιι
668 4325 765 4388 quam
792 4308 995 4388 apertissime
1021 4306 1093 4370 fieri
1119 4312 1232 4388 posset
1283 4307 1421 4371 terviam
1445 4307 1637 4385 retundatis,
1660 4317 1757 4390 atque
1777 4305 1825 4374 ita
1845 4306 2031 4391 reprimatis
2048 4307 2258 4392 utseipsum

257 4407 331 4452 rem
364 4407 495 4452 emnem
527 4389 738 4472 patefaceret,
777 4389 1009 4476 distingueret,
1042 4391 1230 4475 explicaret.
1282 4411 1460 4475 agnoscere
1482 4404 1515 4458 et
1536 4393 1572 4456 in
1590 4393 1676 4458 viam
1696 4393 1803 4458 redire
1819 4405 1964 4477 cogatur.
1998 4393 2257 4460 Desinateccle-

260 4471 359 4553 Quod
385 4474 484 4538 etiam
511 4487 550 4539 ut
576 4475 697 4540 laceret
724 4475 880 4542 maiorem
908 4479 942 4542 in
970 4475 1101 4542 medum
1125 4474 1166 4540 ab
1193 4498 1231 4542 eo
1282 4478 1346 4543 sias
1367 4477 1526 4544 lacessere
1548 4489 1582 4543 et
1602 4479 1767 4562 intelligat
1787 4499 1843 4544 eas
1860 4478 1933 4562 plue
1950 4477 2015 4562 ipsi
2028 4498 2258 4562 superaquam

259 4559 468 4640 petieramus.
509 4559 577 4626 Sed
600 4569 708 4627 vester
729 4561 784 4626 ille
806 4562 911 4628 bonus
933 4563 992 4640 vir,
1015 4561 1231 4645 aequissimus
1282 4563 1388 4646 ipsum
1417 4564 1488 4630 sibi.
1540 4563 1591 4629 Νι
1622 4564 1729 4630 faeces
1756 4585 1833 4630 suas
1861 4565 2003 4647 amplias
2030 4575 2256 4632 commoueat:

258 4644 344 4709 forte
365 4643 569 4726 eloquentiae
591 4657 649 4711 ant
669 4647 840 4712 facundiae
862 4647 976 4723 iudex,
999 4647 1072 4713 vult
1093 4668 1153 4712 nos
1175 4659 1232 4712 aut
1282 4649 1402 4732 alioqui
1423 4649 1571 4714 futurum
1595 4659 1631 4714 ut
1658 4651 1727 4732 ipse
1754 4648 1814 4716 sibi
1847 4651 2023 4732 perniciem
2049 4649 2258 4734 exitiumque

259 4747 395 4810 prorsus
425 4730 578 4796 barbaros
600 4753 680 4811 esse,
710 4741 768 4798 ant
796 4731 935 4818 turgidis
961 4733 1027 4799 illis
1055 4734 1230 4800 verborum
1281 4747 1385 4817 paret.
1425 4735 1475 4799 Ne
1497 4757 1557 4800 nos
1579 4735 1728 4819 amplius,
1750 4733 1835 4818 quod
1857 4735 2011 4814 minatur,
2034 4735 2164 4817 seriptis
2184 4737 2259 4804 suis

260 4815 414 4896 ampullis
441 4825 475 4880 et
507 4817 672 4882 vocabulis
706 4819 985 4903 sesquipedalibus
1015 4819 1082 4900 nti,
1114 4819 1231 4904 quibus
1282 4821 1404 4903 fatiget.
1457 4819 1548 4888 Satis
1577 4823 1664 4886 enim
1694 4821 1803 4903 ipsum
1832 4821 1998 4898 novimas,
2032 4842 2138 4903 neque
2171 4843 2259 4904 opus

260 4901 381 4981 scripta
403 4923 464 4966 sua
484 4903 710 4969 consarcinare
732 4903 823 4971 solet.
1282 4915 1331 4971 est
1351 4917 1390 4970 ut
1411 4905 1630 4971 abundantius
1659 4906 1750 4972 virus
1778 4928 1873 4973 suum
1903 4905 2056 4973 effundat.
2103 4905 2155 4971 Ne
2180 4907 2259 4974 tul-

259 5034 461 5047 ——-
1281 4993 1389 5056 ciuem
1411 5004 1560 5058 nostrum
1582 4991 1761 5058 maioribus
1789 4993 1938 5076 negotiis,
1967 5002 2006 5058 ιι
2031 4992 2130 5071 ιιίιίι,
2159 5013 2258 5059 οιιι·

362 5103 391 5170 5)
410 5103 598 5160 fimum,
606 5105 764 5176 σφωε
777 5109 861 5165 Μ
876 5109 1008 5166 „Mur
1023 5109 1120 5178 sm,
1140 5107 1229 5164 om,
1281 5091 1394 5178 patum
1413 5099 1473 5142 sua
1490 5079 1738 5178 impertunr'tate
1755 5089 1867 5144 avocet
1884 5087 1943 5144 aut
1958 5075 2125 5177 impediat
2154 5078 2257 5148 Nunc

259 5179 354 5222 ecam
370 5173 402 5226 aa
420 5187 474 5226 sec
490 5175 604 5244 meatu
621 5177 787 5232 αιιιιιιιιι.
1281 5185 1365 5229 serre
1387 5183 1463 5228 cum
1484 5161 1632 5230 hostibus
1653 5161 1719 5230 Der
1739 5163 1955 5250 pugnandum
1977 5174 2011 5230 et
2038 5164 2169 5230 fortiter
2196 5165 2258 5231 ob·
