4898 5970
295 317 357 418 ebt

294 535 438 606 libenter
464 532 642 616 facturum,
669 533 735 602 nisi
760 556 800 604 su
843 533 933 602 rbiae
955 541 1067 602 notam
1089 555 1221 602 vererer
1241 533 1270 600 si

295 629 428 702 tantum
454 621 537 688 mihi
569 642 743 688 sumerem.
877 627 987 688 umen
1014 619 1145 704 dispice.
1196 619 1225 686 Ε

294 707 499 776 familiariter
516 727 577 792 ago
596 715 704 774 tecum
722 717 761 774 ut
778 705 887 774 dobeo.
920 705 1010 774 Cave
1028 727 1106 790 ergo
1128 728 1169 772 ue
1187 639 1271 770 miii

293 795 400 880 magis
421 791 562 861 civiliter
584 815 682 876 quam
704 793 865 858 exanimi
887 793 937 856 tui
954 791 1117 858 sententia
1133 811 1269 876 respon-

295 877 381 948 deas.
426 877 601 1028 Remum?
629 879 708 965 quin
729 879 854 944 sincero
876 879 985 942 animo
1007 897 1137 944 meeum
1158 877 1203 942 sit
1223 875 1270 941 lo-

1062 345 1325 415 Eplsrontn
1349 347 1516 412 oea-542

1772 529 1846 604 540.

1559 685 1808 754 PARELLUS
1831 683 2048 752 OALVINO.

1410 858 1600 926 Grcteelatur
1631 859 1659 924 ei
1690 857 1728 924 de
1758 857 1885 939 scriptis
1917 861 1945 922 ct
1976 855 2068 923 editis
2099 861 2127 920 et
2157 856 2291 924 edendis.

293 971 430 1048 quntus,
458 963 544 1033 nihil
594 963 692 1030 ubito.
743 961 810 1030 Sed
837 964 912 1046 quia
938 963 1092 1047 ambiguo
1120 983 1270 1028 sermone
1324 943 1527 1030 Cttttttttm
1548 965 1620 1044 tum,
1638 943 1858 1024 Atflbadit'tibi
1873 941 1948 1042 fieti
1970 947 2061 1042 optet·
2096 939 2294 1042 erttmetrdat

292 1049 408 1132 ludere
430 1047 597 1116 interdum
618 1049 709 1130 solet,
731 1049 914 1133 perspicere
936 1068 1004 1114 uon
1021 1047 1112 1132 potui
1134 1069 1177 1113 an
1199 1049 1269 1114 ioco
1321 1032 1474 1116 dumam
1504 1030 1674 1098 Clitum
1700 1030 1738 1096 ὅθ
1767 1027 1903 1112 omitti·
1955 1027 2056 1096 Vasta
2083 1029 2173 1094 aad&
2199 1047 2292 1096 ”00⁰-

293 1133 416 1203 diceret
437 1157 519 1219 quae
541 1135 676 1200 dicebat.

379 1221 433 1286 De
456 1219 639 1286 Sebastiano
651 1223 680 1298 ⁴)
703 1239 866 1302 cuperem,
894 1217 979 1284 sicut
1001 1215 1078 1300 dini,
1106 1219 1267 1284 rationem

293 1306 382 1372 inter
408 1327 469 1372 nos
496 1305 613 1372 initam
646 1327 709 1390 qua
741 1304 790 1369 illi
819 1303 1053 1370 consuleretur.
1103 1303 1175 1389 Ego
1207 1326 1266 1388 pro

292 1412 367 1457 mea
388 1391 476 1458 virili
496 1389 664 1456 adiuvabo.
713 1389 819 1456 Crede
847 1389 938 1470 mihi,
966 1397 1117 1472 torqueor
1143 1390 1266 1454 mirum

292 1477 328 1542 iu
346 1476 489 1556 modum,
508 1497 609 1560 quum
626 1477 785 1560 prospicio
802 1473 880 1558 quid
897 1473 946 1539 illi
963 1475 1140 1541 immineat.
1169 1473 1266 1559 Epie-

292 1581 387 1643 capas
407 1562 478 1628 eius
499 1581 667 1628 successor
695 1561 749 1628 hio
770 1561 833 1626 erit
854 1560 895 1625 ad
917 1560 1086 1643 pascha.⁵)
1130 1561 1182 1626 Ab
1210 1559 1264 1625 Io·

293 1668 379 1713 anne
410 1647 549 1713 Gtrordo
580 1667 647 1712 non
680 1656 729 1711 est
760 1645 845 1730 quod
876 1667 1032 1731 magnum
1064 1645 1264 1730 stipendium

292 1741 458 1817 exspectet
479 1733 542 1798 nisi
562 1731 641 1798 velit
658 1733 851 1816 sanguinem
868 1753 1036 1816 exsugere.
1048 1733 1075 1813 ⁶)
1116 1733 1166 1798 Tu
1184 1751 1263 1816 ergo

292 1819 443 1903 excogita
469 1839 549 1883 num
576 1819 759 1900 prospicere
785 1817 835 1882 illi
863 1838 1044 1902 possumus.
1097 1815 1173 1884 Scio
1200 1817 1262 1883 hoc

289 1903 339 1969 illi
373 1925 443 1968 esse
480 1924 686 1986 persuasum,
720 1925 772 1968 mc
801 1924 920 1986 cupere
947 1904 1100 1968 eminere.
1144 1902 1263 1968 Iurene

290 2011 334 2055 an
355 1989 475 2053 iniuria
496 1989 556 2055 hoc
579 1987 619 2054 de
636 2009 689 2053 me
704 1989 834 2068 sentiet,
857 1989 992 2054 Domini
1010 1996 1079 2052 esto
1097 1986 1261 2054 iudicium.

287 2074 375 2140 Mihi
390 2085 477 2140 certe
496 2095 556 2158 ego
574 2095 640 2138 nou
658 2072 769 2139 videor
787 2073 889 2138 ullam
907 2074 1108 2139 occasionem
1126 2071 1261 2138 dedisse.

288 2157 357 2226 Sed
379 2160 461 2224 mihi
483 2181 615 2225 ceresam
636 2159 786 2241 praebuit
807 2179 866 2225 our
883 2157 978 2224 illum
1000 2167 1035 2223 et
1056 2159 1263 2224 ambitiosum

288 2253 323 2310 et
352 2245 592 2311 contentiosum
618 2245 762 2310 iudicare
790 2243 935 2310 debeam.
986 2241 1053 2309 Sed
1081 2243 1262 2309 doctrinam

288 2329 425 2413 respicio
446 2337 480 2395 et
502 2331 648 2394 animum
670 2329 792 2412 alioqui
813 2351 879 2394 nou
900 2329 1070 2403 melum.⁷)

373 2416 539 2481 Articulos
571 2413 803 2500 Serbonioos⁸)
842 2413 927 2498 apud
958 2435 1011 2480 me
1049 2436 1116 2480 non
1148 2415 1260 2480 habeo.

287 2499 416 2566 Videbo
436 2522 478 2565 eu
501 2499 651 2565 alicunde
672 2509 784 2582 potero
807 2508 844 2565 ut
866 2498 907 2566 ad
929 2508 961 2565 te
978 2501 1116 2565 mittam.
1152 2500 1261 2580 Quam

287 2585 371 2651 mihi
392 2607 502 2651 serum
529 2594 578 2650 est
604 2585 666 2650 hoo
693 2586 827 2668 pascha,
855 2594 893 2650 ut
920 2593 952 2650 te
978 2585 1117 2651 videam.
1167 2585 1260 2666 Vale,

287 2671 390 2755 irater
418 2679 451 2736 et
477 2670 579 2736 amice
612 2670 692 2736 mihi
718 2672 891 2738 carissime.
940 2669 1056 2737 Saluta
1088 2671 1262 2756 diligenter

287 2752 406 2824 iratres
426 2777 547 2822 omues.
592 2755 750 2822 Genetes
772 2761 822 2821 26.
847 2757 969 2824 Martii.
980 2761 1008 2840 ⁹)

374 2842 479 2906 Exem
505 2841 553 2905 lar
579 2841 749 2907 literarum
771 2841 889 2907 Bucari
917 2842 958 2908 ad
985 2849 1017 2907 te
1042 2841 1145 2908 mitto.
1191 2841 1261 2908 Rea

285 2926 390 2992 filiam
417 2863 573 2992 carduali
596 2927 750 2992 Famaee'o
777 2927 896 2993 dicitur
923 2928 1056 2994 elocare.
1102 2929 1261 2994 Deserit

288 3009 404 3079 titulus
426 3012 562 3078 ducatus
584 3013 853 3094 Mediolanensis,
884 3014 1043 3098 adquam
1069 3033 1261 3098 recuperan-

291 3097 370 3163 dum
395 3099 542 3180 pontifex
567 3099 738 3182 pecuniam
765 3099 959 3184 suppeditat.
1010 3101 1127 3165 Totam
1154 3099 1260 3164 Euro-

285 3204 361 3268 pam
384 3183 445 3250 hoc
467 3206 552 3249 anno
575 3183 757 3251 videbimus
779 3185 865 3250 bello
887 3187 1035 3270 flagrare,
1058 3185 1122 3249 nisi
1143 3183 1259 3250 Domi-

285 3291 351 3342 nus
379 3277 509 3352 praeter
537 3292 629 3354 spem
663 3292 681 3336 e
711 3271 800 3336 coelo
829 3278 992 3353 appareat.
1036 3271 1165 3336 Rumor
1194 3271 1259 3336 huc

285 3355 406 3422 allatus
428 3363 487 3434 ast,
512 3353 677 3422 Οιιειανεηι
699 3355 879 3422 obtinuisse
907 3363 945 3421 ut
975 3377 1035 3422 rex
1063 3356 1168 3422 hostis
1196 3357 1259 3422 im·

284 3441 370 3591 perdi
391 3440 599 3508 iudicaretur.
642 3442 716 3526 Ego
745 3450 856 3508 tamen
884 3441 1030 3508 nondum
1058 3441 1201 3510 adducor
1222 3449 1260 3508 ut

284 3546 340 3596 oro
363 3547 425 3592 am.

787 3611 928 3678 Ioannes
950 3612 1108 3680 Calvinus
1130 3621 1215 3680 tuus.

286 3747 489 3758 -u—-o—-e-n

293 3824 296 3839 ·
389 3814 418 3948 i}
442 3815 510 3938 geg?
526 3815 636 3938 Ξιιιῦιῧιιόι
687 3814 822 3938 'loddim
838 3821 893 3870 rect
913 3817 925 3867 l
945 3816 1093 3870 medatem.

292 3907 296 3916 ·
463 3901 473 3936 r
557 3923 563 3935 .
633 3919 639 3934 .
708 3923 715 3936 .
787 3919 793 3935 .

390 3951 421 4017 5)
440 3950 547 4007 Scimus
570 3959 658 4006 tamea
679 3952 863 4008 Castetteoeeem
880 3967 969 4008 merere
990 3953 1095 4008 &mum
1113 3953 1187 4008 Ιιιιιο
1207 3952 1258 4008 Ge-

287 4035 383 4076 reecam
409 4021 558 4090 reliquisse,
581 4037 634 4089 quo
661 4027 777 4088 tmepore
800 4022 911 4076 testetur
934 4028 1044 4076 senatus
1061 4023 1260 4078 eameamtarte‘e

290 4087 514 4143 Calciamentum
526 4090 676 4159 praecepium
688 4092 737 4158 qut
746 4092 772 4143 ee'
788 4089 939 4146 succederet
953 4093 1103 4160 proposuit,
1120 4107 1176 4146 acre
1187 4091 1260 4146 tuae

289 4157 457 4280 Εριιοοέυιιι
475 4160 523 4228 qut
539 4173 603 4226 erpo
620 4173 720 4212 manue
736 4159 786 4212 leoe
802 4175 858 4212 eeoee
875 4161 954 4214 ade'e't.

407 4228 419 4292 )
441 4226 479 4280 Et
497 4231 601 4294 ιιιιιορι.
626 4233 651 4282 ee
668 4226 776 4282 Ioaor'tt
790 4228 935 4295 praedem:
962 4244 1105 4297 exuggere.
1147 4228 1259 4283 Videtur

290 4293 416 4375 Gestelleb
434 4311 542 4350 marem
562 4295 669 4364 publico
687 4295 830 4352 meamea
846 4298 877 4352 ιιι
897 4296 1015 4352 Ge'rarde'
1030 4295 1144 4364 officina
1160 4298 1258 4368 elmere·

288 4361 337 4419 deo
354 4363 452 4418 merere'
468 4364 589 4418 votuisse.

390 4429 420 4496 ’1)
441 4429 488 4486 Ec
511 4431 554 4486 tete
576 4431 684 4500 couches
701 4426 887 4486 Ouetelle'oaem
909 4437 965 4487 tem
987 4435 1117 4502 ternpore‘e
1136 4433 1259 4488 mondum

287 4505 319 4554 ιιι
336 4499 393 4555 loeo
411 4501 444 4553 de
460 4501 708 4568 praedestinatione
725 4517 743 4554 a
755 4500 867 4555 Galatae
882 4503 989 4568 publice
1000 4502 1174 4557 ee'acenteee:
1192 4504 1258 4558 atto·

287 4568 354 4639 patre
371 4567 452 4636 plane
470 4571 549 4624 aliter
565 4570 609 4624 tee'c
626 4569 659 4624 de
676 4571 723 4627 etto
740 4569 893 4624 tudecaeeet.
927 4569 1066 4626 Caeterum
1083 4573 1187 4626 semesae
1204 4572 1259 4626 ιιι·

289 4635 444 4700 cardiacam
481 4637 543 4692 lara
560 4643 647 4707 mant,
664 4645 689 4692 et
706 4637 812 4708 quidem
830 4637 874 4692 tn'c
890 4639 921 4692 ιιι
938 4643 1034 4708 aperta
1050 4641 1150 4708 peseto.

391 4703 418 4768 8)
468 4705 542 4760 elee'e
559 4721 583 4760 e.
603 4705 727 4776 Prolepq.
751 4705 780 4760 T.
803 4705 871 4762 VII.
890 4723 920 4776 p.
938 4705 955 4760 9
972 4723 1041 4778 seq.
1090 4709 1170 4764 Ve'dee
1187 4709 1260 4765 berec

291 4773 393 4854 Nostri
406 4773 522 4830 telettum
545 4774 595 4830 boc
616 4781 729 4844 tempore
751 4773 871 4830 nondam
889 4775 989 4830 ede'teem
1010 4725 1111 4842 demae,
1136 4778 1259 4848 alioqum

289 4857 345 4896 eeore
363 4841 463 4897 deceret
480 4859 508 4897 ee
524 4843 843 4900 e'lloearte'ceetoealr'unde
856 4843 988 4912 petendos
1005 4847 1093 4902 amico
1104 4849 1258 4902 misererem.

311 4975 317 4988 Ι
391 4910 421 4976 9)
440 4910 486 4967 De
507 4927 581 4966 areae
604 4928 660 4966 non
683 4911 878 4984 ambigendum.
924 4913 991 4975 Ve'de
1012 4919 1036 4968 et
1056 4915 1258 4983 praecedentem

290 4977 391 5035 mmete'a
410 4986 577 5035 mactantem.
613 4979 723 5036 Paeclm
740 4981 837 5037 incidet
853 4983 883 5035 ιιι
902 4979 942 5038 13.
959 4979 1076 5052 Aprele'e.

1321 1201 1374 1269 (Ex
1397 1201 1565 1272 autographo
1585 1201 1653 1254 Bibl.
1671 1205 1810 1322 pkegomliu
1825 1196 2059 1334 §calagurrim
2093 1197 2162 1268 Epp.
2190 1197 2293 1253 Ferelli

1730 1285 1751 1322 c.
1800 1307 1807 1320 .
1853 1307 1859 1319 .
1914 1309 1920 1320 .

1403 1457 1602 1523 Doctissimo
1635 1465 1669 1522 et
1700 1455 1820 1542 insigni
1849 1457 1971 1540 pastori
1999 1455 2152 1522 ecclesiae
2182 1455 2293 1522 Gene-

1318 1543 1427 1644 vensis
1457 1543 1574 1607 Ioanni
1603 1542 1741 1608 (lalviuo
1773 1539 1867 1606 fratri
1896 1549 1929 1607 et
1957 1549 2159 1626 symmystae
2194 1561 2292 1624 qnam

1317 1649 1492 1695 carissimo.

1979 1711 2144 1780 Generae.

1401 1849 1436 1918 S.
1460 1849 1576 1916 Habeo
1588 1850 1646 1916 tibi
1665 1849 1807 1935 gratiam
1825 1848 1865 1914 de
1882 1849 1984 1915 literis
1996 1847 2125 1928 Bucere',
2134 1848 2157 1936 ¹)
2180 1857 2215 1913 et
2232 1847 2291 1915 tibi

1315 1935 1462 2022 gratulor
1484 1936 1570 2020 quod
1588 1957 1669 2019 opus
1690 1944 1794 2012 tuum,
1817 1945 1855 1998 ut
1872 1956 1932 2018 par
1954 1943 2013 2014 est,
2036 1945 2167 2018 gratum
2189 1935 2290 2000 tantis

1315 2022 1444 2087 iudiciis
1466 2023 1613 2086 habetur.
1648 2021 1693 2086 Et
1714 2018 1798 2104 quod
1817 2029 1848 2085 te
1870 2021 1935 2085 iam
1956 2019 2136 2086 accinxeris
2158 2021 2201 2086 ad
2218 2043 2290 2104 per·

1316 2107 1494 2173 ditissimos
1506 2106 1756 2184 confutandost)
1774 2126 1929 2190 magnam
1944 2107 2002 2172 tibi
2019 2105 2121 2172 habeo
2139 2107 2289 2190 gratiam,

1315 2203 1347 2258 et
1369 2215 1448 2258 sane
1466 2213 1619 2275 cuperem
1638 2191 1748 2258 videre
1769 2212 1850 2274 quae
1869 2194 1933 2256 iam
1952 2191 2062 2276 egisti:
2086 2213 2153 2256 non
2175 2203 2213 2258 ut
2231 2191 2288 2256 ali·

1314 2279 1406 2344 cuius
1428 2289 1460 2344 tc
1485 2277 1696 2354 admoneam,
1728 2276 1784 2342 sed
1813 2289 1849 2342 ιιι
1878 2277 1993 2342 laetior
2015 2277 2120 2342 fectus
2142 2275 2182 2344 de
2205 2275 2289 2342 felici

1313 2365 1417 2430 initio.
1451 2362 1631 2430 Dominum
1651 2383 1765 2446 precor
1782 2369 1820 2426 ut
1837 2363 1896 2428 tibi
1918 2361 2141 2428 felicissimum
2163 2373 2196 2427 et
2213 2384 2288 2447 pro·

1314 2471 1462 2534 gressum
1492 2457 1525 2514 et
1553 2451 1679 2514 exitum
1709 2447 1772 2513 det.
1818 2445 1916 2530 Quod
1944 2447 2059 2514 scribis
2091 2457 2122 2514 te
2149 2449 2286 2526 mittere,

1313 2536 1443 2602 tabellio
1465 2537 1602 2618 negavit
1624 2557 1658 2600 se
1676 2535 1847 2618 accepisse.
1891 2533 1984 2616 Opus
2006 2531 2147 2612 absolve,
2171 2547 2205 2598 ιιι
2227 2533 2285 2598 tibi

1313 2621 1405 2688 Deus
1433 2622 1574 2704 gratiam
1604 2619 1710 2698 dedit,
1739 2627 1773 2684 et
1800 2639 1878 2686 cura
1905 2619 2015 2686 omnia
2043 2629 2202 2702 quantum
2223 2617 2285 2686 seis

1314 2705 1355 2772 ad
1377 2703 1637 2772 aedificationem
1658 2705 1774 2771 facere.

1399 2794 1454 2858 Au
1476 2813 1647 2876 possumus
1675 2791 1852 2873 impetrare
1873 2789 2014 2856 liberum
2036 2811 2249 2874 congressum
2259 2791 2287 2876 Ι)

1312 2877 1379 2944 illis
1401 2887 1451 2942 ter
1473 2878 1611 2958 miseris,
1634 2895 1700 2942 nou
1718 2877 1799 2942 satis
1817 2877 1891 2942 scio.
1936 2875 2058 2942 Omnia
2079 2897 2183 2962 paene
2204 2877 2286 2941 Ber·

1312 2965 1462 3029 nensium
1495 2965 1577 3028 fient
1609 2962 1757 3028 arbitrio:
1793 2961 1878 3045 quod
1905 2961 1989 3026 mihi
2017 2984 2084 3028 non
2112 2962 2286 3028 molestum

1312 3058 1397 3116 esset
1420 3050 1448 3116 si
1470 3049 1570 3132 probe
1590 3047 1815 3132 intelligerent
1837 3069 1935 3130 quam
1956 3047 2110 3132 expediat
2132 3047 2206 3114 illos
2228 3068 2285 3112 au-

1312 3133 1383 3200 diri.
1429 3131 1496 3199 Sed
1518 3155 1620 3216 quum
1642 3155 1710 3198 nou
1732 3133 1851 3212 norint,
1875 3153 1989 3200 vereor
2010 3155 2053 3198 ne
2074 3155 2129 3198 ma
2155 3133 2161 3146 ’
2202 3135 2284 3198 ratio

1310 3221 1478 3304 pontificia
1506 3219 1561 3286 hic
1589 3229 1739 3287 servetur
1767 3239 1866 3302 quam
1894 3218 2077 3301 apostolica.
2160 3218 2284 3284 oudum

1311 3311 1471 3372 statutum
1493 3311 1543 3370 est
1565 3326 1629 3388 qua
1658 3306 1783 3370 ratione
1811 3303 1879 3370 siut
1905 3303 1958 3370 hic
1985 3305 2174 3388 perrecturi.
2219 3303 2283 3372 Ubi

1311 3391 1501 3458 conclusum
1522 3391 1621 3456 merie
1642 3389 1761 3457 curabo
1784 3399 1820 3454 ut
1841 3389 1970 3456 rescias.

1397 3475 1551 3544 Christus
1573 3475 1690 3542 liberet
1711 3475 1868 3554 vinetum,
1877 3477 1905 3554 ⁴)
1928 3483 1961 3540 et
1979 3475 2059 3540 alios
2077 3495 2205 3558 quoque
2227 3496 2282 3540 ne-

1310 3561 1434 3647 ghgere
1455 3562 1572 3626 fratres
1595 3583 1663 3627 nou
1685 3560 1866 3640 debuimus,
1889 3559 1945 3625 ubi
1967 3569 2116 3626 senatum
2133 3559 2282 3626 Beruen-

1310 3649 1396 3714 sium
1417 3655 1450 3713 et
1471 3647 1551 3712 alios
1573 3659 1640 3712 tam
1662 3653 1828 3729 promptos
1850 3645 2108 3728 experiebumur,
2131 3646 2282 3712 hortante

1310 3755 1369 3800 nos
1403 3732 1630 3816 Obrtrtopboro.
1671 3732 1773 3797 Faxit
1797 3733 1958 3796 Dominus
1987 3740 2025 3796 ut
2053 3753 2120 3796 nou
2148 3752 2281 3815 prorsus

1309 3819 1394 3884 male
1416 3817 1510 3885 cedat
1530 3828 1673 3884 conatus.
1719 3815 1794 3898 Quo
1823 3839 1858 3884 se
1880 3839 1968 3882 nune
1988 3817 2207 3900 praecipitant
2226 3815 2280 3900 qui

1311 3904 1480 3972 Obristum
1502 3903 1618 3969 nolunt
1635 3903 1758 3982 audire,
1781 3904 1846 3968 imo
1869 3903 1926 3986 qui
1947 3914 2066 3970 curaut
2085 3901 2192 3968 modis
2213 3923 2281 3966 om-

1311 3989 1407 4056 nibus
1428 3991 1635 4056 exstinctum.
1679 3990 1742 4053 Est
1771 3988 2011 4072 apertissimum
2033 3989 2170 4053 Domini
2199 3986 2281 4052 iudi·

1311 4077 1397 4141 cium
1419 4077 1455 4140 in
1473 4077 1581 4158 impiis
1600 4083 1637 4139 ut
1653 4096 1723 4140 sese
1741 4081 1826 4140 totos
1843 4073 1990 4158 perdant,
2013 4083 2047 4138 et
2067 4093 2176 4140 secum
2199 4073 2281 4138 mul·

1311 4170 1369 4228 tos.
1414 4161 1668 4246 Aegritudinum
1696 4167 1728 4226 et
1749 4159 1935 4226 morborum
1957 4159 2064 4226 multa
2083 4179 2221 4243 genera,
2250 4165 2283 4223 et

1311 4249 1412 4316 fames
1434 4247 1561 4331 gravis,
1591 4255 1624 4312 et
1652 4255 1720 4312 tem
1748 4245 1912 4312 horrenda
1941 4243 2026 4312 bella
2054 4265 2119 4310 nou
2146 4251 2283 4328 possunt

1311 4353 1411 4400 saxea
1431 4340 1563 4415 pectora
1583 4353 1714 4398 morere
1731 4340 1771 4395 ut
1788 4330 1829 4396 ed
1840 4331 2020 4396 Dominum
2038 4339 2281 4396 convertantur.

1396 4418 1519 4484 Davtdi
1548 4426 1582 4483 et
1610 4418 1682 4482 aliis
1711 4418 1805 4501 cupio
1832 4415 1942 4480 omnia
1971 4416 2091 4494 felicia,
2121 4427 2154 4482 et
2180 4415 2283 4482 laetor

1312 4504 1397 4589 quod
1424 4511 1541 4588 pergat
1573 4525 1702 4587 semper
1728 4505 1764 4568 in
1789 4501 1931 4568 Domino
1959 4523 2034 4568 cum
2062 4501 2132 4568 suis
2160 4503 2281 4567 amieis

1310 4589 1376 4656 Hic
1404 4589 1562 4655 habemus
1596 4590 1693 4674 longe
1721 4587 1890 4656 diversum
1923 4585 1965 4654 ab
1992 4589 2064 4654 isto.
2118 4585 2213 4668 Quod
2242 4586 2282 4652 de

1313 4750 1429 4758 -—-——
1448 4747 1514 4756 —u

1635 4774 1639 4790 l

1332 4847 1398 4910 540.
1416 4845 1445 4912 1)
1464 4847 1500 4900 e'e'e
1586 4846 1828 4914 meresapae
1844 4849 1869 4898 et
1885 4859 1945 4900 cam
1968 4842 2059 4900 Ve‘reto
2075 4843 2282 4898 commaeteertt

1310 4933 1334 4971 o.
1354 4915 1391 4970 N.
1409 4913 1462 4969 538
1478 4922 1502 4970 et
1571 4953 1578 4968 .
1614 4911 1651 4968 Ire
1666 4911 1760 4982 priore
1782 4913 1899 4968 maae'me
1922 4911 2050 4968 aemam
2076 4909 2115 4968 ad
2131 4911 2282 4968 mamae

1310 4991 1365 5040 m·
1382 4986 1429 5106 4⁸2
1460 5050 1666 5120 recepturae

1454 5119 1540 5243 gaieta
1585 5123 1639 5185 aet,
1664 5119 1696 5172 ae
1723 5115 1845 5186 tidelm,
1873 5115 2039 5188 Apatteopole'
2063 5117 2194 5174 ιιιὸιιιιιιι
2237 5113 2276 5182 tt.

1516 5227 1522 5240 .
1569 5185 1613 5240 Η.
1629 5202 1659 5256 p.
1678 5183 1720 5240 19.

1462 5206 1500 5313 ii.
1517 5253 1577 5324 ιιι,
1593 5261 1647 5312 rot.
1666 5253 1707 5311 10.
1900 5340 1906 5360 Ι
