4888 5966
300 281 361 343 343

297 448 510 514 offensionem
548 441 768 527 suppeditabit
805 464 873 509 non
911 443 1072 527 exiguam.
1133 443 1267 508 Interea

297 553 375 599 vero
397 530 475 597 dum
493 531 572 596 haec
591 549 719 594 summe
737 528 802 593 fide
819 529 925 612 agitis,
947 539 1036 594 orate
1058 549 1185 612 quoque
1196 527 1266 592 Do·

297 618 423 682 minum
445 615 555 681 Deum
576 626 613 679 ut
634 615 662 679 is
683 615 834 679 omnibus
855 614 1000 678 consiliis
1021 623 1055 680 et
1076 614 1171 680 fectis
1192 635 1266 680 ves-

296 703 357 766 tris
385 702 500 766 dexter
529 699 698 782 effulgeat,
727 699 838 764 docete
867 721 979 764 omnes
1005 699 1163 766 iudicium
1191 699 1265 777 Dei,

296 787 517 852 exhortamini
539 807 651 850 omues
673 784 715 849 ad
737 785 983 868 poenitentiam,
1012 786 1182 868 proponite
1203 785 1265 849 mi-

295 893 356 937 nes
384 879 417 938 et
444 873 528 937 iram
550 871 699 936 Domini:
727 870 878 953 inprimis
906 877 1015 934 autem
1044 871 1198 937 cavebitis
1223 893 1265 936 ne

294 957 350 1022 ille
379 959 463 1024 citra
490 965 599 1022 vestra
628 956 785 1039 suffragia
811 955 960 1038 privetur
987 957 1182 1035 ministerio,
1211 957 1264 1038 qui

294 1063 361 1107 non
385 1044 455 1108 sine
477 1044 595 1108 vestris
616 1041 747 1106 calculis
767 1041 949 1106 ministerio
971 1042 1188 1126 inauguratus
1206 1051 1264 1120 111,

295 1139 328 1193 11
350 1128 426 1194 huic
447 1129 596 1192 initiatus
613 1127 778 1211 mysterio.
802 1127 963 1192 Dominus
981 1135 1090 1192 autem
1107 1127 1266 1211 largietur

293 1214 400 1294 vobis,
428 1235 487 1297 per
512 1213 615 1278 filium
637 1234 732 1276 suum
756 1213 935 1276 Dominum
957 1213 1085 1290 Iesum,
1113 1212 1266 1295 spiritum

295 1310 459 1376 sanctum,
494 1299 549 1382 qui
578 1298 613 1362 in
646 1297 709 1362 boc
741 1298 870 1382 negotio
902 1307 1013 1364 sancte
1045 1319 1103 1363 vos
1135 1297 1264 1382 dirigat.

295 1385 411 1450 Amen.

379 1471 425 1534 Et
446 1477 498 1548 tu,
526 1469 728 1534 sanctissime
755 1476 903 1546 senatus,
932 1476 1042 1551 patres
1071 1491 1108 1535 ec
1131 1469 1265 1534 Domini

295 1553 527 1634 colendissimi,
557 1555 666 1619 audite
693 1575 805 1620 vocem
827 1555 963 1619 Domini
985 1555 1048 1619 Dei
1076 1557 1178 1620 vestri
1206 1577 1266 1640 per

294 1640 487 1724 prophetem
521 1640 709 1706 clamantis:
752 1639 790 1704 Si
829 1640 996 1704 audieritis
1036 1641 1145 1706 omnia
1184 1662 1265 1724 quae

294 1746 488 1809 praecepero
516 1726 607 1791 vobis
632 1735 666 1789 11
693 1725 938 1790 ambulaveritis
959 1726 994 1789 in
1016 1727 1078 1791 viis
1099 1727 1190 1806 meis,
1218 1727 1265 1791 fe-

295 1813 469 1895 ceritisque
492 1811 576 1893 quod
596 1818 723 1875 rectum
746 1819 796 1874 111
813 1811 847 1874 in
860 1811 969 1876 oculis
990 1812 1080 1890 111111,
1103 1811 1265 1877 custodie-

295 1898 336 1961 tis
358 1905 482 1962 11111111
503 1917 577 1960 mea
607 1906 642 1960 11
662 1905 835 1978 praecepte
854 1917 942 1974 mea,
970 1916 1024 1961 cro
1046 1897 1266 1964 vobiscumet

295 1981 469 2048 aedificabo
491 2003 559 2048 vos.
603 1981 716 2063 Neque
737 1984 824 2046 enim
841 1981 1059 2047 Hieroboemo
1081 1981 1161 2047 hace
1182 1983 1263 2048 dun·

293 2077 400 2147 taxet,
435 2067 491 2132 sed
524 2067 673 2131 omnibus
702 2068 737 2130 in
765 2067 942 2131 eminentie
969 2069 1152 2132 constitutis
1180 2068 1266 2132 dicte

294 2165 381 2218 sunt.
425 2153 600 2218 Caeterum
629 2151 748 2216 auditis
777 2173 860 2234 quae
888 2154 1053 2234 praecepit
1083 2153 1264 2218 111111111-

294 2242 419 2316 minus,
453 2259 554 2320 quum
582 2237 747 2301 ministres
781 2237 920 2302 verbum
949 2238 1110 2321 evangelii
1137 2239 1264 2320 praedi-

294 2333 405 2389 cantes
427 2323 558 2387 nomine
581 2323 705 2386 Christi
733 2321 860 2387 eruditis.
903 2323 950 2387 Et
977 2324 1152 2405 sicutipse
1174 2346 1263 2406 prae·

294 2409 381 2492 cepit
409 2408 539 2485 docere,
569 2409 616 2473 sic
644 2408 756 2482 sinite,
784 2429 918 2490 quaeso,
947 2410 1113 2474 ministros
1141 2409 1263 2488 dooere,

294 2493 387 2558 nulla
408 2493 521 2577 regula
542 2493 605 2556 1111
628 2493 763 2558 docendi
784 2495 863 2576 ipsis
885 2495 1096 2576 praescripta:
1131 2517 1172 2560 ne
1194 2495 1263 2560 Do-

294 2580 405 2644 minus
437 2579 551 2662 gravia
582 2578 639 2642 1111
671 2579 706 2642 in
736 2599 796 2644 vos
828 2579 960 2644 detonet
994 2602 1077 2662 quae
1109 2581 1264 2664 leguntur

1067 269 1328 339 EPISTOLAE
1352 271 1519 333 ate-ato

2229 265 2289 330 344

1317 440 1419 505 totius
1441 438 1593 505 ecelesiae
1614 437 1780 522 praesides
1801 445 1892 516 sunt,
1922 444 1961 501 ut
1982 437 2209 503 communibus
2231 460 2286 504 vo-

1316 526 1360 591 tis
1390 526 1500 590 omnia
1526 535 1667 609 agantur
1692 525 1726 588 iu
1757 523 1899 590 ecelesia.
1950 520 2007 588 Sic
2032 533 2143 586 autem
2164 523 2285 590 lactum

1317 632 1387 676 esse
1408 610 1494 687 olim,
1518 618 1551 674 et
1568 631 1644 674 eum
1661 610 1702 674 ed
1720 608 1852 675 modum
1874 607 2037 674 ordinatos
2059 616 2206 692 pastores
2227 633 2284 693 per

1317 717 1475 761 manuum
1496 695 1746 778 impositionem,
1769 704 1932 760 1111111111
1954 702 2028 777 1111
2052 701 2136 760 Acta
2157 707 2282 778 aposto·

1316 782 1424 846 lorum
1447 781 1545 846 etiem
1568 782 1759 846 sinceriores
1786 803 1927 846 oenones
1949 787 1982 846 et
2003 782 2112 864 ipsum
2133 781 2213 846 adeo
2234 784 2283 848 ius

1316 867 1570 950 imperatorium,
1589 866 1860 948 quemadmodum
1877 866 1988 932 videre
2008 867 2108 930 estin
2119 867 2284 934 nonnullis

1317 953 1443 1018 constit.
1468 959 1480 1014 l
1503 956 1521 1014 2
1543 955 1570 1015 3.
1600 949 1656 1018 sic
1673 951 1767 1016 hodie
1780 973 1908 1035 quoque
1919 953 2112 1016 observetur
2123 963 2156 1036 11
2173 961 2283 1018 sancte

1317 1035 1496 1103 custoditur
1516 1046 1683 1119 pastorum
1701 1059 1738 1102 ec
1755 1037 1980 1102 ministrorum
1999 1035 2160 1102 ordinatio
2177 1041 2212 1103 in
2233 1061 2283 1105 ce·

1317 1123 1415 1189 alesia
1441 1135 1553 1187 nostra
1581 1123 1749 1206 Tigurina.
1801 1122 1975 1188 Caeterum
2003 1145 2098 1206 quem
2127 1145 2194 1188 non
2222 1125 2283 1190 nisi

1316 1219 1482 1292 pastorum
1501 1207 1634 1273 consilio
1651 1208 1803 1290 recipitis,
1826 1209 1965 1273 eundem
1987 1209 2059 1292 peri
2076 1211 2201 1274 ratione
2220 1233 2283 1274 non

1317 1296 1388 1359 sine
1409 1291 1526 1359 iudicio
1555 1303 1588 1357 et
1612 1313 1772 1358 consensu
1801 1295 2025 1376 episcoporum
2044 1295 2084 1360 ab
2106 1296 2211 1360 officio
2234 1317 2282 1360 re-

1318 1378 1498 1456 movebitis,
1521 1379 1664 1444 simodo
1686 1381 1720 1443 iu
1743 1381 1875 1444 statutis
1887 1381 2020 1445 Domini
2044 1381 2211 1446 ambulare
2228 1403 2282 1448 vo·

1316 1465 1451 1530 lueritis.
1494 1465 1541 1528 Et
1562 1475 1649 1529 certe
1670 1465 1809 1548 erigite
1832 1466 1924 1530 vebis
1942 1465 2102 1531 Dominus
2124 1487 2188 1531 uon
2212 1477 2283 1531 tan·

1317 1561 1389 1616 tum
1418 1561 1455 1614 ut
1482 1549 1591 1615 sciatis
1620 1563 1652 1614 11
1679 1551 1818 1615 audietis
1845 1552 1980 1616 verbum
2004 1572 2041 1616 ac
2063 1561 2186 1617 statuta
2206 1553 2281 1631 eius,

1317 1637 1396 1720 quin
1419 1637 1526 1718 potius
1547 1645 1586 1700 111
1613 1637 1647 1700 iu
1674 1639 1856 1720 praeceptis
1878 1638 1947 1702 cius
1970 1635 2142 1702 ambuletis
2164 1649 2198 1702 11
2219 1650 2281 1704 sta-

1317 1731 1389 1786 tuta
1410 1724 1479 1786 eius
1497 1723 1630 1786 faciatis.
1664 1721 1796 1786 Talibus
1818 1723 1904 1786 cuim
1925 1723 2087 1804 promittit
2108 1745 2143 1788 se
2165 1725 2282 1789 affutu-

1317 1829 1406 1886 rum,
1446 1806 1528 1872 tales
1556 1808 1717 1890 promittit
1749 1829 1782 1872 se
1815 1807 2069 1874 aedificaturum.
2126 1807 2282 1890 Quamvis

1317 1913 1394 1976 ergo
1417 1890 1541 1957 artibus
1568 1894 1637 1958 suis
1664 1893 1813 1958 nonnihil
1840 1903 1989 1958 sanctum
2012 1895 2076 1958 Dei
2103 1893 2282 1961 aedilicium

1317 1978 1404 2061 apud
1425 1999 1483 2042 voe
1506 1980 1706 2045 concusserit
1728 1977 1886 2057 Satanas,
1914 1979 2027 2044 ruinas
2049 1995 2157 2045 11111111
2180 1982 2282 2047 adbuc

1317 2065 1471 2128 arctiores
1493 2063 1585 2129 facile
1607 2065 1813 2145 reparabitis,
1841 2065 1869 2129 si
1891 2087 1955 2128 non
1987 2065 2154 2130 defueritis
2176 2076 2281 2132 vestro

1316 2150 1430 2226 officio,
1454 2147 1510 2212 scd
1533 2149 1711 2214 secundum
1734 2151 1868 2214 verbum
1890 2151 1955 2214 Dei
1979 2161 2012 2216 et
2034 2151 2209 2234 apostolica
2230 2175 2281 2218 ve·

1316 2237 1457 2317 terisque
1480 2236 1633 2300 ecclesiae
1655 2235 1804 2318 exempla
1817 2235 1938 2300 Farelle'
1959 2256 2090 2300 eausam
2112 2239 2167 2322 egi
2189 2241 2282 2304 susti·

1316 2321 1465 2397 nucritis,
1493 2320 1763 2403 defenderitisque
1790 2322 1956 2400 innoxios,
1993 2323 2126 2388 assertis
2155 2325 2281 2397 interim

1317 2415 1351 2470 11
1383 2405 1516 2470 utilibus
1547 2406 1700 2470 oeclcsieo
1738 2407 1874 2490 legibus.
1928 2408 2089 2472 Dominus
2126 2407 2282 2493 adaugeat

1316 2489 1408 2556 vobis
1430 2491 1653 2556 fortitudinem
1676 2499 1709 2556 ct
1730 2493 1896 2557 virtutem.
1941 2495 2057 2558 Amen.

1401 2577 1451 2640 Tu
1474 2599 1550 2642 vero
1573 2577 1706 2660 popule,
1736 2600 1817 2661 grex
1839 2581 1950 2643 ovium
1974 2579 2107 2654 Christi,
2137 2579 2280 2663 expende

295 2665 380 2746 apud
403 2665 522 2729 Iseiem
540 2664 575 2728 in
594 2667 643 2728 30.
663 2685 730 2746 cap.
752 2664 788 2728 in
811 2665 891 2730 haec
912 2665 1014 2730 verba
1035 2667 1262 2748 pronunciata:
1316 2683 1433 2744 quaeso
1463 2663 1550 2744 apud
1580 2673 1679 2726 1111111
1705 2663 1813 2744 ipsum
1841 2665 1954 2746 positis
1982 2666 2080 2748 paulo
2106 2666 2280 2744 effectibus,

293 2749 439 2832 Populus
468 2751 529 2814 iste
561 2770 692 2814 emerus
727 2771 764 2815 ac
792 2749 923 2815 rebellis
953 2765 1001 2816 est
1031 2763 1064 2816 et
1091 2753 1150 2816 filii
1180 2753 1263 2829 falsi,
1315 2769 1396 2830 quos
1418 2748 1477 2812 tibi
1499 2747 1691 2830 praefecerit
1713 2759 1858 2831 pastores
1881 2750 1991 2814 divine
2013 2751 2149 2828 bonitas,
2173 2750 2280 2816 corda·

293 2835 353 2899 filii
375 2836 430 2917 qui
452 2845 596 2900 renuunt
618 2833 730 2899 audire
752 2835 857 2918 legem
869 2835 1011 2901 Domini.
1044 2838 1130 2902 Nem
1153 2837 1265 2902 dicunt
1316 2845 1375 2910 tos,
1399 2835 1477 2914 pios,
1499 2833 1621 2912 fideles,
1651 2855 1781 2899 veraces
1804 2847 1837 2898 et
1858 2835 1978 2918 ubique
2000 2837 2137 2918 optimos
2158 2849 2191 2901 et
2212 2837 2280 2901 lau·

292 2921 475 3004 prophetis:
499 2920 608 2985 Nolite
630 2919 758 2985 videre!
782 2935 815 2985 11
836 2922 1010 3004 episeopis:
1040 2923 1148 2987 Nolite
1170 2925 1264 2988 uobis
1315 2918 1500 2984 datissimos
1523 2921 1618 2984 viros.
1652 2919 1812 3001 Expende
1830 2943 1949 3003 quaeso
1968 2931 2127 3002 quantum
2146 2924 2189 2987 sit
2209 2945 2280 3005 pec-

291 3007 475 3089 prospicere
497 3015 593 3083 recta,
617 3005 673 3071 sed
696 3006 866 3088 loquimini
888 3007 982 3072 nobis
1004 3008 1132 3086 blanda,
1155 3007 1264 3074 videte
1315 3015 1423 3070 cetum
1452 3025 1560 3068 coram
1589 3004 1731 3070 Domino
1761 3005 1880 3070 talibus
1907 3007 2073 3071 rebellare.
2124 3008 2280 3090 Expende

292 3113 427 3156 errores.
472 3094 573 3174 Atqui
596 3113 663 3169 vos,
687 3093 822 3156 Domini
844 3102 876 3156 11
894 3094 1011 3158 iratres
1033 3092 1262 3172 colendissimi,
1314 3088 1392 3172 quid
1413 3111 1475 3154 usu
1498 3091 1625 3155 venerit
1653 3091 1798 3172 patribus
1827 3093 1861 3156 in
1883 3091 2009 3157 deserto
2031 3103 2146 3158 contra
2169 3094 2280 3158 blesen

292 3197 359 3241 non
381 3179 460 3243 estis
481 3179 616 3260 inques
638 3177 708 3241 dira
730 3179 810 3242 haee
831 3178 1001 3243 insideant.
1046 3180 1169 3244 Cavete
1191 3188 1263 3243 tan·
1315 3185 1349 3239 11
1381 3176 1524 3240 seniores
1558 3175 1838 3241 murmurantibus
1872 3187 1905 3241 et
1935 3179 2187 3262 insurgentibus.
2240 3179 2279 3243 Iu

291 3273 363 3327 tum
385 3283 481 3345 porro
504 3284 546 3326 ne
564 3262 668 3326 ullum
694 3261 778 3346 apud
801 3284 859 3326 vos
881 3263 987 3328 locum
1009 3265 1179 3330 invenient
1200 3287 1262 3328 un·
1314 3261 1587 3344 Hierosolymitas
1625 3263 1818 3344 gravissima
1857 3262 1941 3328 dixit
1972 3263 2137 3330 Dominus
2174 3276 2279 3330 noster

291 3369 414 3430 quam..
443 3349 515 3412 Iam
544 3371 621 3414 vcro
650 3357 774 3412 statuta
795 3347 932 3412 Domini
954 3351 1040 3413 ritus
1062 3360 1141 3414 sunt
1162 3349 1262 3414 eccle·
1313 3346 1421 3424 Iesus,
1449 3346 1535 3428 quod
1557 3348 1720 3412 antistites
1742 3349 1908 3432 religionis
1931 3359 1963 3414 11
1985 3350 2131 3416 doctores
2152 3351 2279 3433 pietatis

292 3434 414 3498 siastiei
432 3434 474 3498 ed
491 3434 706 3497 exercendem
728 3433 920 3516 religionem
942 3444 974 3499 11
990 3434 1088 3499 fidem
1110 3437 1261 3512 instituti,
1314 3429 2128 3518 1111111111111111111111111111111111111111111.
2165 3437 2279 3502 Veniet

292 3531 325 3583 11
347 3531 383 3582 11
405 3529 616 3583 conservetur
643 3519 679 3580 111
707 3540 785 3601 pace
815 3519 957 3584 eeclesia.
1006 3520 1048 3584 In
1077 3521 1129 3586 his
1152 3531 1261 3586 autom
1314 3539 1499 3598 supervos,
1522 3518 1636 3600 inquit,
1667 3519 1772 3584 omnis
1795 3523 1928 3604 sanguis
1951 3523 2057 3586 iustus
2079 3523 2136 3604 qui
2158 3525 2279 3588 effusus

291 3607 338 3667 ita
360 3611 399 3667 ut
415 3605 560 3667 instituit
581 3604 755 3680 ambulare,
779 3613 812 3667 ct
833 3626 899 3669 neu
921 3625 1021 3687 supra
1043 3606 1260 3689 legislatorem
1313 3617 1363 3668 est
1385 3624 1483 3683 super
1505 3613 1634 3682 terrem,
1658 3613 1690 3668 et
1711 3605 1913 3687 relinquetur
1934 3607 2025 3672 vobis
2043 3605 2158 3673 domus
2176 3619 2279 3674 vestra

292 3701 325 3753 et
347 3689 475 3754 decreta
496 3689 560 3752 Dei
583 3689 703 3754 elevari
725 3690 885 3756 convenit.
919 3689 1104 3755 Nolueruut
1126 3692 1262 3774 apostoli
1313 3687 1447 3753 deserta.
1482 3689 1615 3769 Cavete,
1638 3701 1758 3766 cavete,
1781 3689 1897 3756 iratres
1915 3694 2082 3770 carissimi,
2106 3715 2146 3758 ne
2165 3693 2205 3759 de
2224 3695 2278 3760 ho-

292 3775 427 3840 Domini
441 3797 511 3839 esse
530 3775 601 3839 sine
619 3773 790 3856 disciplina
808 3775 991 3841 ecclesium:
1014 3785 1172 3841 statutum
1185 3799 1261 3860 crgo
1313 3795 1385 3838 rum
1408 3795 1507 3858 grege
1529 3775 1615 3854 sitis,
1645 3776 1701 3858 qui
1726 3777 1963 3860 ingratitudine
1992 3789 2025 3842 et
2051 3780 2226 3844 rebellione
2247 3782 2278 3844 iu

291 3861 357 3926 Dei
385 3869 435 3924 est
464 3859 636 3942 disciplina
662 3860 887 3927 ecclesiastice.
932 3863 1017 3926 Eam
1044 3883 1144 3944 quum
1166 3884 1261 3928 revo·
1313 3880 1347 3924 se
1370 3859 1518 3925 divinum
1541 3869 1717 3943 provocent
1744 3861 1916 3928 iudicium:
1945 3865 2023 3946 quin
2048 3877 2153 3929 amate
2175 3867 2277 3948 petius

290 3959 396 4012 catam
426 3947 562 4028 cupiunt
589 3945 731 4010 ministri
758 3947 980 4024 ecclesiarum,
1011 3950 1113 4012 sancti
1141 3949 1261 4031 magis-
1313 3947 1515 4027 praepositos
1549 3957 1674 4012 vestros
1702 3957 1734 4012 11
1763 3947 1889 4013 obedite
1911 3949 1984 4015 illis.
2035 3951 2110 4015 Non
2139 3953 2277 4030 nescitis,

289 4039 395 4097 1111111
428 4041 477 4097 111
503 4030 678 4096 auxiliares
711 4032 878 4116 porrigere
914 4055 1044 4111 uranus,
1079 4043 1113 4098 et
1147 4035 1261 4098 iuvare
1312 4032 1507 4114 gravissima
1529 4043 1658 4097 exstare
1678 4034 1827 4117 exempla
1850 4035 1966 4116 ubique
1989 4037 2151 4114 testantia,
2178 4037 2278 4120 pulsis

292 4138 354 4200 quo
376 4129 465 4183 certa
492 4119 536 4181 sit
562 4118 645 4181 ratio
673 4117 868 4182 admouendi
894 4127 1080 4200 peccatores
1108 4128 1142 4182 11
1171 4139 1261 4184 1111·
1312 4115 1462 4182 fidelibus
1484 4117 1667 4183 doctoribus
1688 4131 1819 4202 praeter
1840 4121 2009 4200 meritum,
2037 4123 2135 4186 simul
2156 4123 2278 4188 111111-

292 4201 387 4267 condi
404 4204 590 4286 flagitiosos.
625 4202 1261 4286 (1111111111111111111111111111111·
1312 4203 1442 4278 citatem
1465 4204 1577 4286 populi
1598 4225 1751 4288 magnam
1776 4216 1808 4270 11
1830 4229 1943 4289 pacem
1964 4207 2118 4274 ecclesiae
2142 4230 2213 4274 csse
2230 4232 2278 4276 re·

292 4297 344 4350 ret
363 4287 504 4352 familiae
526 4289 739 4372 petulantiam
768 4289 924 4353 nimiam?
969 4291 1014 4353 Et
1040 4299 1186 4372 pastores
1204 4312 1260 4374 po·
1311 4287 1438 4370 pulsam
1461 4298 1559 4370 atque
1581 4290 1778 4373 dissipatam.
1814 4291 1852 4358 Si
1874 4292 1964 4357 nulla
1981 4293 2044 4358 elia
2062 4293 2187 4358 dissidii
2209 4317 2277 4362 ves·

292 4372 363 4455 puli
388 4393 408 4435 a
434 4375 506 4438 Deo
533 4374 674 4438 ordinati
707 4374 813 4438 ferent
838 4374 1037 4440 licentiosam
1065 4377 1099 4440 iu
1126 4375 1261 4440 eeclesia
1312 4374 1355 4436 tri
1377 4394 1474 4438 eausa
1496 4383 1546 4439 est
1571 4396 1668 4458 quem
1691 4377 1811 4442 Fercllc'
1837 4379 1968 4444 liberior
1996 4401 2033 4444 ac
2061 4381 2207 4446 severior
2229 4382 2278 4446 ob

293 4459 509 4540 quorumlibet
537 4459 727 4524 libidinem?
772 4459 943 4524 Stetutum
974 4461 1183 4544 apostolieum
1211 4471 1261 4526 est
1312 4460 1463 4544 iurgati0,
1486 4463 1625 4546 cogitate
1656 4464 1764 4546 qualia
1785 4465 1853 4529 sint
1874 4465 2024 4548 exempla
2047 4466 2277 4548 prophetarum

293 4555 330 4608 ut
352 4544 501 4625 episcopi,
529 4545 649 4621 idest,
678 4555 824 4628 pastores
856 4547 925 4610 sive
955 4548 1197 4612 concionatores
1220 4548 1259 4612 ab
1312 4557 1345 4609 ot
1367 4547 1600 4628 apostolorum,
1630 4551 1769 4632 cogitet-e
1791 4550 1867 4631 quid
1889 4553 2011 4632 pastori
2031 4550 2164 4616 cuilibet
2186 4573 2277 4634 prae-

292 4627 494 4694 ordinatione
515 4632 737 4714 episooporum
755 4653 823 4696 non
841 4631 1056 4697 secludantur.
1091 4633 1176 4697 Nem
1194 4635 1259 4716 qui,
1311 4632 1410 4713 cipiet
1432 4643 1596 4714 pastorum
1615 4635 1774 4716 princeps,
1797 4637 1934 4718 cogitate
1957 4637 2067 4720 quales
2085 4638 2153 4700 sint
2173 4659 2278 4703 mores

290 4716 431 4791 obscero,
453 4713 569 4779 molius
591 4731 624 4780 11
646 4719 765 4782 rectius
788 4717 828 4782 de
845 4716 992 4782 doctrina
1013 4729 1046 4783 et
1063 4719 1133 4782 vita
1150 4729 1259 4803 pasto·

289 4821 363 4863 rum
393 4798 582 4864 iudicabunt
611 4823 709 4883 quem
737 4804 799 4886 ipsi
828 4803 995 4886 pastores?
1047 4805 1149 4869 Recte
1182 4827 1260 4888 ergo

289 4885 431 4966 primum
454 4885 623 4950 consilium
646 4889 685 4951 de
708 4889 856 4972 eligendo
885 4901 1014 4971 pastore
1042 4891 1079 4954 fit
1109 4912 1128 4954 e
1155 4903 1257 4973 pesto-

289 4967 387 5034 ribus.
440 4971 541 5035 Recte
572 4993 648 5036 vere
675 4983 707 5036 et
734 4982 867 5039 senatur
894 4975 963 5040 sive
995 4975 1259 5060 presbyterorum

263 5053 413 5118 accedit
440 5055 591 5121 calculus.
636 5058 831 5124 Rectissime
858 5082 935 5126 vero
963 5060 1084 5125 electus
1111 5063 1171 5124 toti
1201 5081 1258 5145 po-

285 5137 374 5220 pulo,
402 5143 452 5204 cui
475 5141 710 5223 praeficiendus
732 5157 797 5222 cst,
826 5147 867 5211 eb
889 5147 962 5212 eliis
989 5149 1182 5230 proponitur
1203 5147 1258 5231 qui

1311 4716 1427 4781 mundi
1449 4728 1481 4782 et
1502 4719 1579 4801 quid
1598 4723 1777 4784 communis
1799 4732 1964 4786 mercatur
1981 4723 2153 4804 corruptio.
2197 4723 2279 4788 Pro-

1310 4804 1393 4868 fecto
1415 4823 1475 4868 nos
1497 4803 1728 4886 persuademus
1750 4807 1856 4883 vobis,
1889 4807 2126 4874 infelicissimos
2150 4829 2209 4874 vos
2230 4809 2279 4873 fu·

1311 4897 1419 4967 turos,
1453 4890 1516 4954 uisi
1544 4889 1618 4954 telis
1645 4901 1730 4954 esset
1753 4891 1901 4958 Farellae
1929 4893 2058 4976 qualem
2085 4915 2156 4958 csse
2184 4895 2279 4958 multi

1310 4975 1442 5039 nollent.
1487 4976 1586 5039 Pater
1608 4985 1665 5054 est,
1689 4976 1781 5044 nobis
1799 4979 1929 5058 credite,
1953 4979 2110 5058 Farcllas,
2133 4981 2189 5062 qui
2210 4979 2281 5044 zelo

1310 5059 1403 5126 ardet
1424 5071 1536 5124 sancto
1558 5082 1636 5144 erga
1657 5061 1783 5144 liberos,
1807 5065 1924 5148 quique
1944 5066 2083 5148 ingenue
2102 5085 2200 5148 agere
2221 5087 2282 5130 no-

1311 5146 1367 5224 vit,
1397 5143 1524 5210 adulari
1545 5157 1577 5212 et
1598 5147 1729 5231 palpare
1751 5171 1918 5234 nunquam
1941 5149 2060 5216 didicit
2104 5151 2151 5215 Et
2172 5173 2192 5218 o
2214 5151 2282 5216 uti·
