4910 5974
179 317 239 379 533
1046 320 1126 382 1543
1148 315 1303 384 APRIL
1685 385 1689 394 ,
2106 325 2168 390 534

177 499 245 568 Sed
267 499 344 566 dum
367 499 598 590 egrediendum
625 512 718 584 esset,
747 505 783 569 in
804 525 857 570 me
879 511 912 570 et
937 505 1010 572 aliis
1038 507 1146 590 palam
1198 511 1249 570 est
1270 511 1408 570 onustus
1429 507 1578 588 peccatis,
1602 527 1666 572 non
1688 506 1843 573 armabas
1865 527 2007 573 currum.
2051 509 2097 574 Et
2118 511 2168 574 in-

177 589 324 654 fecerunt
340 589 432 654 ouius
452 590 559 674 gratia
578 591 752 670 venissent,
775 591 930 656 nimirum
948 601 987 656 ut
1003 613 1056 658 me
1074 614 1146 676 poa·
1198 591 1408 675 terrogabant
1440 592 1590 676 aumgam
1622 593 1695 675 quis
1726 613 1848 672 essem,
1882 603 1915 657 et
1945 603 2167 678 aegrotantem

176 683 251 740 sent
272 673 470 758 dignoscere.
503 675 569 741 Ubi
589 685 763 760 apparatus
784 678 882 744 fiebat
899 676 940 742 ad
960 678 1145 758 abitionem,
1199 675 1403 741 Germanum
1415 677 1470 760 qui
1482 676 1604 760 aliquid
1616 678 1731 762 gallica
1742 685 1837 743 norat
1848 677 1943 744 iltis*
1960 680 2168 762 respondens,

178 780 289 826 eorum
306 780 392 826 unus
410 759 467 843 qui
484 782 537 825 me
553 759 614 826 sub
633 770 762 828 noctem
780 769 985 842 convenerat,
1004 771 1041 828 ut
1058 763 1148 831 videt
1198 781 1234 826 sc
1255 763 1391 839 nescire,
1415 783 1469 826 ma
1491 763 1574 827 nihil
1596 783 1764 847 nunquam
1786 764 1965 848 loquutum.
1994 764 2070 848 quid
2093 787 2170 850 age-

176 845 344 910 Metenses
370 865 446 910 cum
474 845 633 914 militibus
655 845 739 912 velle
768 847 893 934 egredi,
926 848 1046 932 inquit:
1080 871 1147 914 non
1198 855 1274 911 rent
1301 848 1497 914 nesciebant
1542 849 1717 914 Haesimus
1746 869 1845 932 supra
1873 847 2043 914 dimidium
2069 851 2170 916 horae

179 929 309 996 abibitis
332 951 351 996 o
374 951 525 1029 nequam,
555 929 610 998 sed
640 953 697 1000 voa
718 955 852 1000 manere
874 941 1010 1017 oportet.
1054 933 1147 1000 Nun·
1200 940 1233 996 et
1259 931 1336 997 inda
1363 935 1491 1015 sequuti
1520 942 1600 998 sunt
1621 933 1752 1000 directis
1782 935 1902 1000 lanceis
1925 955 2026 1018 paene
2048 935 2089 1000 ad
2110 937 2169 1000 mi-

178 1017 299 1082 oiatum
326 1014 361 1080 id
389 1015 452 1080 furt
480 1014 615 1082 ducibus
638 1017 815 1084 Germanis
836 1021 891 1102 qui
920 1021 1031 1084 statim
1052 1019 1147 1086 illum
1198 1017 1279 1083 liare
1301 1018 1454 1102 gallicum
1476 1027 1603 1084 tantum
1626 1041 1691 1084 non
1718 1021 1900 1085 iuiioientes
1922 1020 2003 1084 mihi
2025 1041 2168 1086 manum.

179 1099 378 1166 deierantem
398 1113 624 1168 convenerunt
644 1101 721 1186 quid
742 1103 930 1186 prohiberet
951 1105 1040 1172 abire
1061 1107 1146 1189 pios:
1199 1103 1253 1168 Ita
1285 1123 1338 1168 me
1376 1103 1622 1186 alloquebantur
1650 1106 1745 1188 quasi
1783 1107 2082 1188 praesentissimum
2114 1107 2171 1172 sed

179 1207 220 1252 an
239 1185 367 1251 nonant·
383 1187 487 1268 pact-is
505 1196 592 1254 stare
610 1199 648 1252 ut
664 1190 874 1273 egrediantur
889 1211 1002 1256 omnes
1024 1190 1146 1256 libera?
1200 1188 1292 1254 velut
1312 1189 1353 1255 ab
1375 1188 1438 1254 alio
1453 1189 1660 1255 abstinebant
1680 1211 1804 1255 manus.
1839 1191 1948 1272 Quam
1967 1198 2170 1274 praesentem

178 1272 233 1338 ille
256 1273 315 1337 ait:
345 1293 362 1338 e
387 1270 562 1352 radiantur,
586 1273 642 1340 sed
664 1275 719 1339 isti
741 1278 904 1359 postremi.
950 1273 1038 1358 Quid
1061 1277 1149 1342 enim
1199 1279 1278 1340 tuno
1300 1275 1457 1340 senserim
1477 1276 1655 1340 Dominum
1677 1285 1811 1360 atquae
1832 1275 2006 1341 veniebant
2026 1277 2061 1341 ιιι
2079 1297 2171 1341 men-

179 1357 257 1422 huio
274 1357 354 1424 faeci
397 1359 542 1424 ominum
560 1369 593 1424 et
609 1358 835 1430 canibuseum
854 1361 1010 1426 militibus
1028 1363 1149 1427 virtute
1200 1367 1268 1424 tem
1286 1359 1326 1424 de
1344 1359 1482 1426 Daniele
1499 1369 1533 1424 et
1550 1359 1669 1439 Semel,
1692 1361 1732 1426 de
1749 1363 1902 1426 conviciis
1920 1361 2172 1427 Pharisaeorum

179 1441 440 1526 praestantibus?
484 1441 683 1510 Oonsteuter
705 1445 802 1512 duces
824 1447 1062 1532 responderunt
1082 1469 1150 1513 non
1200 1446 1235 1509 in
1257 1447 1365 1528 ipsum
1388 1445 1567 1525 Christum,
1589 1468 1655 1511 non
1675 1456 1726 1512 eat
1746 1447 1830 1529 quod
1853 1448 2000 1511 referam.
2035 1446 2172 1531 Oporte-

179 1549 368 1612 egressuros
396 1550 439 1606 se,
468 1551 528 1595 nco
556 1550 664 1596 arcem
691 1530 824 1598 daturos
851 1533 915 1597 nisi
936 1532 1034 1598 medii
1057 1553 1149 1618 agre·
1201 1531 1257 1596 bat
1282 1531 1317 1596 id
1344 1532 1483 1616 madii·
1511 1532 1597 1615 quod
1617 1551 1825 1614 conceperam
1853 1533 1934 1597 visis
1955 1533 2111 1598 fratribus
2141 1542 2174 1596 et

181 1613 330 1690 diantur,
364 1613 452 1680 inter
483 1615 609 1698 pedites
641 1615 764 1682 scilicet
795 1629 828 1682 et
860 1619 995 1702 equites.
1039 1617 1149 1699 Quum
1200 1617 1264 1700 piis
1281 1617 1481 1696 mulieribus,
1504 1637 1586 1700 quaa
1608 1617 1798 1700 sinealiqua
1818 1619 1938 1682 iniuria
1960 1617 2035 1682 laeti
2057 1639 2173 1702 perge·

179 1699 269 1766 aliud
290 1721 357 1766 nen
385 1709 519 1782 possent
545 1711 656 1766 eontra
677 1723 737 1766 nos
759 1703 900 1780 efficere,
929 1703 1007 1769 dum
1034 1725 1149 1788 aggre-
1201 1703 1281 1767 bant
1313 1703 1435 1786 gratias
1457 1711 1606 1787 agentes:
1640 1723 1699 1786 pro
1733 1703 1848 1785 quibus
1880 1703 2037 1786 petieram
2059 1711 2098 1767 ut
2126 1703 2173 1768 eis

179 1783 342 1864 darentur,
370 1783 525 1868 quidquid
551 1795 701 1870 poteraut
727 1789 945 1854 conviciorum
975 1789 1148 1856 instabant.
1201 1787 1345 1852 liberatis
1375 1787 1411 1852 in
1438 1809 1492 1853 me
1519 1797 1661 1854 verterat
1689 1789 1850 1854 Dominus
1883 1809 1984 1853 unum
2017 1787 2171 1872 quidquid

178 1871 251 1956 Ego
271 1871 307 1936 in
329 1891 428 1936 curru
449 1871 593 1938 iacebam
620 1892 693 1936 cum
715 1873 857 1958 aegrotis
877 1875 1023 1942 vestibus
1043 1881 1150 1940 muta·
1202 1881 1285 1950 erat,
1309 1873 1423 1938 saltem
1445 1873 1639 1939 militaribus
1661 1873 1827 1956 colloquiis
1847 1874 2031 1958 temperari,
2054 1875 2173 1956 quibus

179 1956 230 2022 tis.
244 1955 272 2042 ⁹)
316 1955 428 2038 Quum
451 1957 627 2024 transirent
648 1955 725 2023 boni
746 1957 795 2024 illi
817 1961 871 2042 qui
893 1981 946 2024 me
967 1959 1151 2026 invisemnt
1202 1953 1284 2022 nihil
1313 1957 1425 2024 datum
1452 1960 1516 2024 nisi
1542 1960 1690 2042 proxime
1718 1958 1869 2024 amedera
1898 1969 1931 2022 et
1951 1979 2085 2024 manum
2114 1979 2174 2044 per

178 2043 275 2126 primi
296 2049 472 2126 coeperunt
491 2043 678 2122 rediterare,
701 2066 743 2108 an
764 2045 958 2124 coniectura,
980 2046 1031 2110 vel
1052 2044 1151 2128 (quod
1202 2065 1237 2108 se
1260 2043 1434 2110 admovere
1455 2051 1493 2110 nt
1512 2065 1566 2110 me
1592 2053 1775 2128 tangerent,
1806 2043 1892 2128 quod
1913 2053 2023 2108 tamen
2046 2065 2111 2108 non
2134 2043 2173 2108 li-

179 2148 246 2192 non
263 2127 373 2205 oredo)
392 2127 475 2210 quod
493 2149 545 2192 me
562 2131 757 2213 agnoverint
779 2137 910 2210 tectum,
933 2132 1066 2196 omnino
1084 2151 1148 2196 non
1202 2130 1279 2206 cuit,
1302 2127 1410 2194 sedin
1428 2129 1536 2195 verbis
1557 2131 1730 2208 fusissime,
1753 2151 1813 2195 nec
1832 2139 2001 2196 cessarunt
2018 2149 2172 2212 quaerere

178 2233 298 2278 moror.
342 2209 468 2278 Sacrati
490 2221 569 2280 aunt
590 2214 645 2278 alii
667 2235 787 2292 omnes,
816 2225 849 2280 et
870 2225 965 2282 erant
986 2217 1085 2299 aliqui
1107 2237 1148 2281 ex
1201 2214 1259 2280 ubi
1280 2235 1385 2280 assem
1407 2213 1509 2281 donee
1530 2217 1642 2281 navim
1663 2217 1831 2300 ingressus
1853 2235 1935 2280 sum.
1976 2213 2173 2280 Admonitus

178 2299 219 2364 iis
239 2299 294 2381 qui
316 2298 400 2362 nihil
422 2320 487 2364 non
504 2299 627 2365 audent
642 2300 698 2382 qui
719 2301 785 2365 iam
803 2299 845 2366 ad
866 2323 999 2368 currum
1019 2301 1149 2368 aceede-
1201 2300 1327 2365 fueram
1354 2309 1391 2365 ιιι
1417 2301 1517 2384 probe
1544 2323 1596 2366 me
1624 2309 1779 2385 tegerem,
1805 2299 1892 2384 quod
1922 2300 2087 2365 Galeotae
2113 2299 2172 2365 du-

179 2383 258 2449 hant
284 2385 433 2450 omnihus
460 2385 725 2451 vociferantibus:
759 2385 817 2451 aed
843 2407 942 2469 eques
970 2387 1150 2452 maiestatis
1201 2393 1313 2450 centos
1335 2397 1504 2454 coronatos
1526 2386 1689 2453 diceretur
1715 2387 1833 2451 offerre
1859 2387 1888 2451 ei
1910 2386 1965 2468 qui
1986 2406 2039 2449 me
2061 2385 2173 2451 eaede-

179 2469 295 2552 plenus¹
315 2470 407 2536 errius
429 2469 541 2536 vultus
563 2479 597 2536 et
622 2479 757 2536 ornatus
779 2469 967 2538 indicabant
988 2493 1054 2537 uon
1076 2493 1149 2556 gre·
1200 2479 1260 2535 ret.
1309 2471 1382 2536 Nou
1416 2473 1551 2538 afferam
1580 2471 1658 2554 quid
1691 2471 1877 2538 Hommiaoi
1908 2491 2037 2536 mecum
2069 2471 2174 2554 egerit

179 2556 307 2639 ganum
329 2575 408 2633 esse,
431 2555 500 2620 iis·
521 2557 681 2622 concitato
703 2559 1152 2638 equocurrentesantevertit
1201 2555 1314 2634 maior,
1337 2577 1390 2621 me
1411 2557 1463 2621 adi
1488 2579 1547 2622 ens
1568 2565 1606 2622 ut
1626 2557 1799 2642 egrederer
1820 2563 1894 2640 post
1914 2557 1992 2622 eolis
2013 2576 2172 2634 occasum,

178 2661 257 2706 voce
275 2641 370 2725 gravi
387 2639 517 2706 iubens:
539 2641 771 2724 sinitainquit,
784 2642 881 2707 abire.
913 2641 952 2708 Si
969 2644 1003 2708 in
1017 2645 1150 2727 egressu
1203 2661 1261 2705 nec
1287 2643 1396 2724 potnit
1422 2579 1548 2720 adduci,
1580 2642 1656 2707 licet
1683 2651 1826 2726 rogatus,
1859 2651 1898 2706 ut
1924 2643 1996 2706 iure
2025 2643 2172 2725 gentium

180 2726 262 2792 arcis
294 2727 340 2790 ita
373 2735 481 2791 actum
513 2727 575 2790 fuit
600 2735 634 2790 et
661 2735 736 2810 post
765 2727 889 2792 iussum
918 2727 1005 2794 illius
1032 2729 1150 2812 equitis
1201 2747 1329 2792 mecum
1352 2736 1465 2812 ageret
1486 2748 1588 2810 quum
1610 2747 1671 2810 ego
1699 2748 1866 2812 poscerem
1888 2727 2018 2811 prodire
2040 2747 2095 2792 eos
2117 2728 2172 2810 qui

180 2820 340 2878 cessatum
362 2811 432 2890 fuit,
459 2809 517 2876 ubi
537 2823 675 2878 ventum
701 2811 765 2876 luit
786 2811 827 2878 ad
849 2813 978 2878 alveum
998 2813 1150 2878 limosum
1202 2809 1242 2874 de
1264 2831 1317 2875 me
1344 2822 1557 2894 quererentur
1585 2821 1619 2877 et
1638 2813 1745 2877 multa
1773 2813 1923 2878 afferrem
1952 2821 1985 2877 et
2007 2811 2118 2878 divina
2140 2819 2174 2877 et

179 2897 214 2961 ιιι
235 2918 299 2980 quo
320 2896 427 2962 haesit
443 2915 568 2976 currus,
590 2897 827 2980 triumphatum
850 2899 921 2975 fuit,
943 2921 1019 2964 nam
1037 2920 1150 2964 omnes
1202 2896 1354 2976 humana,
1382 2897 1514 2982 etquid
1540 2903 1652 2982 posset
1678 2897 1709 2962 ei
1731 2899 1919 2982 contingere
1946 2897 2004 2962 ubi
2025 2919 2077 2963 res
2099 2917 2173 2980 per-

180 2982 348 3060 Germani,
380 2983 464 3048 forte
493 3003 534 3048 ne
567 2992 726 3066 augerent
757 2983 973 3066 suspicionem
1002 2983 1086 3066 quod
1115 2986 1149 3049 in
1202 2982 1328 3047 venerit
1350 2983 1391 3048 ad
1413 2983 1562 3048 notitiam
1580 3003 1693 3048 eorum
1710 2985 1765 3066 qui
1783 3004 1848 3048 non
1870 2982 2011 3047 libenter
2028 2982 2173 3062 audient,

178 3089 278 3134 curru
298 3087 413 3146 essem,
435 3075 697 3152 praecesserunt:
727 3067 858 3134 relictus
885 3069 949 3133 fuit
968 3069 1055 3134 solus
1077 3091 1149 3134 our·
1201 3075 1235 3132 et
1255 3087 1335 3150 quoa
1357 3067 1489 3134 deberet
1510 3067 1634 3133 timere.
1668 3068 1722 3133 Ad
1740 3089 1862 3151 pagum
1884 3068 1947 3132 fuit
1963 3067 2173 3150 migrandum

178 3173 235 3218 rna
267 3174 365 3236 quem
397 3153 582 3220 ambierunt
612 3155 736 3237 equites
765 3153 855 3220 Galli
884 3155 939 3236 qui
967 3155 1150 3221 Germanos
1202 3161 1239 3217 ut
1266 3173 1446 3236 exponarar
1473 3152 1621 3220 faucibus
1648 3154 1887 3236 pontificiorum
1917 3154 1972 3236 qui
2000 3151 2068 3218 illia
2096 3161 2175 3218 sunt

178 3239 397 3322 sequebantur
424 3238 545 3304 lenosis
572 3241 606 3304 in
633 3261 766 3306 currum
789 3238 929 3306 directis.
972 3241 1038 3304 Hic
1058 3241 1150 3306 iube·
1201 3239 1336 3322 plurimi
1356 3240 1538 3327 presbyteri
1560 3246 1594 3306 et
1613 3239 1774 3305 monaehi.
1815 3236 1882 3304 Sed
1904 3229 2052 3320 qualmvis
2074 3257 2174 3321 supra

178 3323 236 3388 bat
255 3345 309 3388 me
330 3325 439 3390 Deum
459 3345 570 3390 meum
591 3325 744 3390 iuvocare
765 3333 802 3390 ut
823 3347 875 3390 me
898 3325 1015 3391 elimo
1037 3325 1149 3392 educe·
1201 3323 1335 3391 modum
1357 3327 1469 3404 lessus,
1492 3347 1564 3392 oum
1588 3325 1712 3408 aliquot
1732 3323 1813 3390 viris
1831 3322 1986 3408 gravibus
2004 3323 2061 3406 qui
2078 3343 2173 3387 senes

176 3418 230 3476 ret
259 3409 326 3488 ille,
357 3417 396 3476 ut
427 3411 642 3488 concinnaret,
674 3411 784 3493 sieque
816 3411 979 3478 efficerem
1006 3419 1044 3476 ut
1076 3413 1151 3496 equi
1202 3410 1376 3476 iussisunt
1395 3412 1537 3496 migrare
1554 3410 1817 3476 aMetensibua’
1834 3409 1926 3492 geria
1943 3429 2173 3491 usquecurrua

176 3502 312 3579 possent
332 3493 466 3560 trahere
488 3517 635 3562 currum:
657 3495 742 3560 alius
764 3505 802 3561 ut
823 3495 885 3560 sibi
907 3507 941 3561 et
961 3497 1034 3562 aliis
1054 3519 1149 3564 auum
1202 3516 1307 3578 neque
1324 3497 1399 3579 equi
1415 3497 1528 3562 haberi
1540 3504 1690 3580 poterant
1700 3495 1755 3560 diu
1766 3495 1802 3560 ιιι
1812 3493 1868 3562 via
1878 3493 2011 3579 egerim,
2025 3497 2042 3532 ⁵
2063 3501 2173 3558 tamma

175 3580 318 3646 verbum
328 3581 464 3646 Domini
476 3583 718 3660 annunciarem,
743 3603 778 3646 se
795 3582 915 3646 bonam
937 3603 1008 3648 cese
1030 3591 1149 3648 terram
1202 3601 1315 3646 omues
1337 3581 1514 3648 incolumes
1535 3582 1628 3646 nullo
1646 3581 1764 3646 damno
1786 3587 1917 3663 accepto
1938 3578 2003 3644 huc
2021 3579 2172 3644 venimus

177 3667 232 3730 cni
252 3667 369 3731 merito
391 3667 550 3732 committi
573 3665 669 3732 debet
689 3667 812 3734 bonum
835 3689 947 3733 semen
969 3667 1060 3734 verbi
1081 3669 1150 3734 Do·
1202 3687 1324 3750 magna
1351 3688 1429 3732 sane
1450 3667 1673 3734 misericordia
1693 3667 1758 3733 Dei
1784 3666 1840 3749 qui
1868 3685 1935 3730 non
1958 3663 2079 3730 deserit
2100 3685 2172 3747 spe-

174 3752 270 3818 mini.
308 3751 392 3816 Erat
436 3773 490 3820 ars
511 3753 657 3836 equitum
679 3753 804 3820 italica:
826 3754 962 3836 quisque
984 3753 1150 3820 adniteba-
1202 3763 1314 3817 rantes
1335 3753 1369 3816 in
1391 3773 1426 3819 se
1448 3773 1508 3818 nae
1537 3753 1661 3836 sprevit
1681 3753 1810 3834 piorum
1833 3770 1954 3834 preces,
1986 3751 2042 3832 qui
2063 3757 2101 3814 ut
2122 3751 2172 3813 in·

175 3845 234 3902 tur
255 3837 373 3902 offena
426 3836 518 3920 iquid
538 3857 602 3920 quo
628 3846 798 3920 superaret
818 3859 894 3903 eum
916 3840 970 3921 qui
992 3839 1084 3922 priua
1103 3839 1150 3906 lo·
1202 3837 1313 3921 telligo
1331 3859 1397 3903 non
1415 3839 1510 3922 pauci
1533 3845 1610 3904 sunt
1630 3838 1760 3920 passim,
1783 3847 1821 3901 ut
1838 3835 1878 3901 de
1900 3845 1933 3902 te
1955 3842 1988 3900 et
2009 3855 2173 3984 sgmmys-

175 3921 347 4006 quebatur,
377 3943 473 3988 nemo
499 3931 610 3988 tamen
637 3945 696 4008 per
723 3943 844 3988 nomen
865 3925 1001 3989 Domini
1020 3925 1152 3991 iubebat
1203 3923 1245 3988 tis
1267 3923 1481 3989 tuisatnobis
1493 3923 1675 3990 commissis
1688 3921 1830 3989 ecelesiis
1852 3930 1985 3987 taceam.
2049 3919 2173 3984 hristus

173 4028 230 4074 me
251 4008 354 4090 loqui,
376 4007 433 4074 sed
454 4007 550 4073 multi
571 4029 630 4092 per
655 4029 775 4074 nomen
803 4007 930 4084 diaboli,
960 4007 1044 4092 quod
1072 4031 1151 4074 sane
1202 4029 1327 4074 memor
1354 4009 1397 4074 sit
1424 4009 1567 4076 carimde
1596 4015 1629 4074 et
1657 4009 1793 4074 affectus
1820 4015 1889 4072 tam
1918 4005 2173 4086 christianique

174 4115 279 4176 quum
302 4093 343 4160 ad
363 4093 429 4158 alia
450 4093 592 4160 dolerem
613 4093 867 4160 conviciantium
885 4095 990 4162 vicem
1007 4103 1040 4162 et
1060 4103 1150 4178 pete-
1200 4093 1248 4176 pii
1269 4093 1438 4160 ecelesiam
1448 4095 1632 4160 Metensem
1649 4100 1889 4177 prosequuntur
1910 4101 2071 4156 eteorum
2089 4111 2173 4172 quae

174 4201 248 4245 rem
280 4187 318 4243 ιιι
349 4178 513 4244 Dominus
543 4180 763 4264 ignorantiam
794 4178 1006 4257 condonaret,
1038 4189 1149 4246 amen
1200 4181 1237 4244 in
1265 4179 1523 4246 aedificationem
1550 4179 1639 4245 illius
1668 4187 1792 4245 curant
1838 4175 1927 4242 Galli
1956 4183 2105 4260 pergunt,
2135 4183 2173 4239 ιιι

173 4263 230 4330 hic
258 4264 293 4328 in
321 4265 396 4329 sinn
422 4265 540 4331 tacitus
568 4263 720 4330 deridens
741 4263 943 4331 hortationes
968 4265 1041 4332 illas
1063 4266 1149 4332 dice·
1201 4264 1330 4344 dieitur,
1364 4266 1514 4348 persequi
1542 4265 1629 4348 pios,
1662 4279 1694 4329 et
1723 4285 1761 4330 ca
1784 4264 1870 4328 tivos
1899 4259 2064 4327 abducunt
2092 4280 2172 4343 quos

172 4349 268 4416 bam:
298 4349 362 4414 alio
391 4357 518 4434 oportet
544 4352 676 4416 nomine
702 4357 740 4415 ut
768 4358 960 4433 extorqueas
982 4371 1001 4414 a
1023 4373 1076 4416 me
1098 4371 1149 4416 re·
1201 4349 1325 4416 habent
1346 4349 1531 4434 descriptos.
1566 4350 1713 4416 Onrrunt
1734 4285 1782 4414 ed
1797 4357 1907 4431 portas
1928 4345 2172 4428 usqueMeten-

172 4456 343 4519 sponsum,
365 4455 443 4500 nom
464 4435 500 4500 in
521 4437 616 4502 istius
637 4439 777 4519 gratiam
798 4435 879 4501 nihil
902 4437 1015 4502 fecero.
1053 4437 1151 4502 Iube·
1201 4457 1261 4502 aas.
1306 4435 1438 4502 Interea
1466 4437 1511 4520 pii
1538 4443 1680 4520 pergunt
1708 4443 1741 4500 et
1768 4433 1825 4518 qui
1853 4433 1920 4498 illio
1947 4432 2041 4498 docet
2068 4432 2172 4496 femur

172 4521 258 4588 bant
279 4521 335 4585 alii
357 4531 396 4585 ut
417 4521 656 4600 demandarem,
678 4542 738 4586 nco
760 4541 854 4604 posse
876 4543 1008 4588 currum
1027 4522 1150 4588 moveri
1201 4529 1387 4586 constanter
1413 4541 1523 4605 agore,
1557 4521 1633 4587 licet
1662 4529 1789 4584 tontum
1818 4519 1909 4584 festis
1939 4525 2016 4602 agat
2048 4515 2170 4582 diebus.

171 4605 335 4691 quamdiu
362 4607 397 4670 ιιι
426 4627 604 4686 acassam,
637 4617 671 4672 et
699 4607 738 4672 ad
768 4603 932 4692 aurigam:
966 4609 1030 4674 nisi
1062 4608 1149 4673 hune
1203 4605 1467 4686 Oareloeoontra,
1490 4607 1644 4672 cumsuia
1662 4605 1875 4671 abbatibuaet
1892 4603 1999 4668 riris'
2017 4601 2171 4668 culicibus

168 4691 351 4759 scelestum
368 4691 460 4760 iubes
478 4691 673 4760 descendere
691 4701 724 4757 et
740 4713 759 4758 e
776 4714 876 4758 curru
897 4692 1058 4774 deturbas,
1082 4701 1149 4760 tam
1199 4691 1350 4758 facundis
1361 4693 1457 4758 valde
1470 4693 1609 4770 disertis,
1632 4693 1736 4756 instat
1752 4693 1833 4754 ma*
1844 4689 1920 4772 qnid
1939 4687 2055 4754 calami
2078 4685 2171 4754 doce-

1200 4777 1264 4854 hat,
1293 4779 1444 4861 cupitque
1471 4788 1510 4844 ut
1536 4778 1632 4844 liceat
1660 4798 1734 4843 cum
1756 4776 1925 4840 haereticis
1948 4793 2054 4858 agero,
2085 4771 2171 4855 quod

1200 4863 1228 4926 si
1249 4863 1449 4946 Ratisponae
1481 4864 1596 4930 fuisset
1624 4883 1737 4928 omnes
1771 4862 1940 4926 haereseos
1969 4857 2169 4922 convicisset.

282 4947 311 5005 9]
331 4949 370 5002 ru
389 4953 486 5002 curent
503 4949 535 5030 ¹9.
547 4950 606 5000 sose
624 4953 652 5000 st
668 4948 696 5001 1⁸
712 4947 815 5030 charito
838 4948 872 5002 do
890 4949 957 5002 rans
975 4964 1073 5002 auvos
1089 4949 1148 5002 laur
1199 4947 1252 5012 Ita
1272 4947 1438 5016 insolescit
1455 4949 1542 5033 apud
1560 4969 1634 5014 suos
1652 4949 1783 5014 abbates
1801 4955 1834 5011 et
1851 4945 1884 5010 id
1903 4965 2006 5032 genus
2022 4942 2172 5006 homines
2205 4963 2219 4988 ·

170 5019 303 5072 ministre
322 5017 401 5071 Fsrcl
426 5035 459 5070 au
480 5017 572 5070 mrlrsu
594 5015 671 5068 d'une
694 5016 788 5070 charte
809 5017 844 5070 do
867 5019 955 5071 ladres
977 5035 1073 5100 parmy
1096 5019 1147 5070 les·
1199 5041 1232 5100 et
1253 5034 1393 5099 multum
1416 5036 1512 5100 affert
1532 5033 1719 5100 detrimenti
1746 5031 1899 5100 ecelesiae
1921 5029 2075 5106 nascenti,
2105 5035 2171 5094 tra,

169 5087 573 5226 ttbllttttttlt
589 5085 797 5221 toleratis.
815 5087 1098 5225 {esinatis
1122 5087 1148 5208 t
1200 5118 1454 5187 duracenses
1476 5121 1532 5203 oui
1561 5121 1715 5202 rietatem
1743 5127 1918 5192 sectantur.
1946 5123 2032 5180 totus
2053 5115 2092 5180 in
2110 5112 2172 5180 hoo

169 5233 227 5296 put
244 5225 341 5278 imnis
358 5221 720 5288 marchomirum,
738 5223 828 5290 utu).
1199 5215 1237 5271 ut
1258 5203 1450 5289 pontificia'
1467 5205 1628 5285 fulciatur,
1651 5225 1766 5272 verum
1787 5225 1880 5288 spero
1903 5203 2081 5358 ariminum
2104 5219 2171 5266 ιιοιι

1949 5303 1965 5338 U
