4888 5966
171 306 241 383 aa,
1068 307 1146 370 rar
1169 303 1262 372 mu.
1343 369 1345 374 ,
2102 311 2166 378 cre

171 497 280 575 queat:
307 489 342 556 id
364 490 539 575 gemitibus
560 512 598 558 ac
619 489 867 558 incessabilibus
889 492 973 556 votis
994 498 1142 576 optatum
1193 491 1247 556 nic
1276 488 1397 558 addicti
1424 499 1517 574 sunt,
1544 493 1673 560 etiamsi
1698 493 1842 559 maxime
1869 493 2009 562 velimus
2036 495 2168 564 adnita-

170 585 227 644 est
272 574 415 642 Oramus
442 585 478 640 ut
500 577 591 642 Deus
620 576 745 644 felicem
775 598 961 644 successum
988 575 1065 644 huic
1091 579 1141 644 in·
1193 598 1338 659 murque,
1368 577 1405 642 in
1426 577 1524 644 rebus
1544 599 1583 644 ac
1604 577 1822 644 functionibus
1844 579 2068 648 ecclesiasticis
2090 603 2166 667 per·

171 662 305 730 choatae
317 661 497 745 operationi
508 683 587 728 suae
598 663 752 746 praebere
767 661 931 746 dignetur,
951 663 1049 730 telem
1062 685 1141 746 qua·
1192 683 1310 745 parum
1331 661 1532 730 adiuvamur.
1563 664 1638 730 Non
1661 663 1746 748 quod
1768 685 1822 730 ecs
1844 666 2089 732 matrimonium
2114 669 2166 733 in·

169 749 233 816 lem
255 748 388 830 ipsimet
402 749 529 831 optetis,
550 745 783 832 praesidiisque
800 748 1065 816 ministerialibus
1084 769 1142 815 vos
1193 747 1309 831 dignos
1331 749 1468 828 efficiat,
1496 771 1611 816 vorum
1633 758 1766 834 propter
1787 751 1880 816 varia
1901 751 2076 832 obstacula,
2099 753 2165 818 dis-

171 855 207 901 ac
228 833 385 916 populum
407 855 503 898 sunm
525 833 659 900 destitui
686 855 752 898 non
773 835 956 918 permittet:
980 855 1063 918 quae
1085 835 1142 900 ubi
1193 833 1377 933 traqtiones,
1401 843 1613 901 avocamenta
1634 845 1669 900 et
1690 836 1785 920 plura
1806 835 2061 902 intervenientia
2082 859 2165 921 quae

171 929 300 1004 praesto
323 940 388 984 non
410 927 502 999 sunt,
530 919 664 985 ecclesia
690 920 773 985 bene
802 929 889 986 sture
914 921 1048 1004 regique
1076 941 1141 986 ncn
1192 939 1321 986 omnem
1339 919 1555 1002 aptitudinem
1573 919 1920 1006 adnegotiaecclcsiae
1937 923 2167 1005 pertractanda

171 1013 285 1090 potest
329 1003 395 1072 Ubi
416 1025 494 1070 vero
517 1005 675 1089 scripsisti
702 1005 783 1071 mihi
810 1003 850 1072 de
871 1005 1045 1086 caelibatu,
1074 1027 1141 1071 non
1192 1004 1258 1068 illis
1280 1005 1463 1076 excutiunt,
1504 1006 1665 1086 Secundo,
1689 1005 1776 1090 quod
1796 1007 1946 1074 nonnihil
1963 1009 2090 1075 decoris
2106 1031 2165 1075 au·

171 1111 251 1175 cpus
273 1101 361 1156 certe
382 1090 445 1154 fuit
466 1098 513 1156 tot
538 1091 785 1174 purgationibus
814 1091 1142 1176 excusationibusque
1193 1091 1396 1174 totitatisque
1425 1093 1669 1157 matrimonium
1697 1102 1754 1157 aut
1780 1091 1955 1159 caelibatus
1983 1095 2164 1160 ministerio

172 1199 207 1244 se
228 1195 400 1259 occupare;
427 1186 657 1259 argumentum
680 1175 838 1259 siquidem
861 1187 912 1242 est
934 1178 1033 1262 pium,
1056 1199 1142 1242 rem·
1193 1175 1318 1242 Christi
1340 1177 1513 1243 conciliare
1541 1175 1671 1256 debeat,
1703 1177 1789 1244 absit
1815 1177 1848 1242 id
1879 1177 2011 1244 anobis
2033 1181 2164 1246 sentire.

174 1283 233 1344 que
257 1260 424 1344 discipulo,
447 1283 511 1326 non
534 1283 647 1346 papae,
670 1283 784 1328 verum
806 1263 969 1346 evangelii
990 1285 1028 1328 ac
1049 1264 1142 1328 verbi
1194 1258 1256 1326 Sat
1276 1261 1424 1344 equidem
1453 1283 1512 1346 por
1539 1285 1574 1329 se
1600 1264 1738 1329 sublime
1767 1263 1995 1348 excellensque
2026 1273 2075 1331 cst
2103 1266 2166 1332 mi·

172 1347 236 1413 Dei
257 1347 476 1412 necessariam
494 1349 631 1431 spirans.
662 1347 719 1414 Sic
735 1348 837 1432 igitur
854 1347 992 1428 decrevi,
1015 1357 1052 1414 ut
1071 1349 1142 1413 bre·
1194 1347 1367 1412 nisterium
1389 1347 1515 1414 (lhristi
1536 1355 1570 1413 et
1591 1370 1656 1414 non
1678 1349 1806 1434 ineptas
1828 1357 1885 1413 ant
1905 1350 2068 1432 qualesvis
2092 1373 2167 1434 per·

174 1433 259 1498 viter
286 1435 334 1498 rei
361 1433 478 1498 seriem
508 1433 567 1498 tibi
597 1453 826 1516 proponerem,
860 1433 946 1499 unde
976 1443 1063 1500 certo
1083 1435 1142 1500 tibi
1194 1453 1290 1498 sonas
1313 1432 1374 1498 sibi
1398 1434 1557 1501 vendicat.
1599 1435 1641 1500 In
1669 1437 1790 1500 nostris
1812 1436 1998 1518 regionibus
2019 1438 2085 1501 iam
2107 1436 2167 1504 du·

172 1519 310 1603 liqueret
329 1526 442 1584 utrum
471 1517 593 1602 aliquid
620 1519 757 1602 periculi
785 1520 819 1583 in
849 1540 887 1584 ea
914 1521 958 1584 sit
977 1519 1062 1602 quod
1084 1541 1142 1584 no-
1195 1517 1273 1582 dum
1295 1517 1595 1599 coenobiadcserta,
1613 1521 1678 1585 imo
1698 1521 1812 1586 maiori
1835 1541 1876 1586 ex
1898 1531 1991 1604 parto
2013 1521 2169 1589 demolita

173 1604 482 1687 compressantibus
499 1613 532 1670 et
548 1605 687 1688 posteris
704 1606 814 1686 possit,
832 1603 917 1687 quod
935 1627 977 1670 ne
995 1606 1039 1670 sit
1056 1603 1143 1688 apud
1195 1603 1327 1686 soloque
1345 1613 1484 1688 aequata
1501 1614 1586 1672 sunt
1620 1605 1809 1671 Caelibutus
1831 1614 1865 1670 ct
1882 1607 2079 1673 existimatio
2097 1609 2168 1675 eius

173 1711 232 1756 nos
253 1689 388 1755 vereris.
432 1690 544 1755 Primo
572 1711 649 1774 ergo
671 1690 815 1755 omnium
837 1691 1035 1768 occasiones,
1061 1711 1143 1774 quae
1195 1687 1292 1772 plane
1314 1691 1457 1756 evanuit
1502 1691 1555 1756 Ad
1584 1691 1669 1758 solos
1698 1691 1860 1756 duntaxat
1886 1693 2069 1758 sacerdotes
2091 1715 2168 1760 cum

173 1774 359 1842 distrahunt
387 1783 587 1858 avocantque
616 1775 789 1859 quominus
817 1776 888 1840 Dec
918 1778 1081 1842 serviatur
1102 1777 1142 1840 li·

172 1861 256 1940 bere,
279 1862 366 1926 circa
386 1862 629 1926 matrimonium
652 1869 709 1926 aut
730 1861 923 1926 caelibatum
946 1882 1142 1928 concurren-

172 1955 221 2013 tes
249 1967 285 2012 se
312 1946 404 2012 nobis
431 1945 699 2030 contemplandae
727 1948 875 2012 offerunt.
925 1947 990 2014 Hic
1012 1948 1042 2014 si
1064 1947 1142 2013 defi-

195 2053 249 2097 ere
271 2031 423 2098 volumus
440 2031 549 2098 oculos
570 2033 605 2096 in
628 2041 749 2098 statum
770 2031 1052 2116 conditionemque
1072 2055 1141 2099 mc·

173 2053 348 2184 {cruorum
369 2117 522 2182 ccclesiae
549 2117 787 2198 ministrorum,
815 2139 913 2202 quam
941 2131 1029 2184 certa
1051 2119 1142 2186 vide-

171 2203 245 2270 licet
267 2202 475 2286 dimensaque
493 2201 655 2286 stipendia
675 2201 822 2270 laborum
840 2226 971 2270 suorum
990 2204 1141 2282 habeant,

170 2289 319 2372 beneque
339 2289 405 2354 11118
431 2289 599 2372 provisum
620 2289 678 2368 sit,
706 2311 771 2355 uno
800 2288 962 2356 duntaxat
989 2290 1058 2356 loco
1086 2291 1143 2356 ubi

172 2375 322 2440 habitant
358 2374 482 2458 alligati
510 2375 589 2452 sint,
623 2375 745 2460 unae²)
779 2375 976 2460 reipublicae
1009 2377 1142 2454 astricti,

1194 1775 1360 1857 pertinere
1380 1797 1417 1842 ac
1439 1797 1538 1860 penes
1555 1798 1610 1842 eos
1628 1777 1778 1842 nonnihil
1801 1777 1959 1842 momenti
1983 1779 2112 1858 habere,
2132 1779 2168 1846 hi

1195 1861 1255 1924 soli
1277 1859 1444 1926 affirmant
1466 1863 1521 1946 qui
1549 1884 1616 1928 non
1647 1885 1780 1945 prorsus
1808 1883 1827 1926 a
1854 1883 1940 1946 papa
1962 1863 2165 1930 deiecerunt:

1194 1945 1276 2012 alias
1298 1945 1425 2012 nullum
1443 1969 1562 2014 nomen
1584 1947 1771 2032 nullamque
1788 1947 1996 2014 autoritatem
2013 1951 2049 2014 in
2067 1949 2167 2034 vulgo

1195 2030 1301 2097 habet.
1346 2031 1443 2110 Quod
1466 2054 1543 2098 vero
1566 2033 1716 2098 nonnihil
1739 2033 1861 2117 gloriae
1883 2055 1992 2100 coram
2014 2035 2100 2114 Deo,
2133 2043 2168 2102 et

1194 2115 1268 2198 plus
1289 2117 1442 2200 quiddam
1465 2140 1563 2202 quam
1585 2119 1847 2185 maior·facilitas
1870 2119 2079 2204 aptitudoque
2097 2121 2167 2186 Do-

1194 2201 1283 2267 mino
1306 2203 1470 2270 serviendi
1488 2225 1529 2269 ox
1551 2205 1710 2271 caelibatu
1730 2203 1772 2268 ad
1793 2226 1853 2270 nos
1872 2204 2004 2271 accedat
2025 2205 2168 2272 derivet-

1194 2308 1265 2370 quc,
1289 2289 1395 2372 opinio
1418 2290 1499 2355 haec
1520 2290 1737 2356 remotissima
1755 2300 1805 2355 cst
1822 2312 1841 2354 a
1858 2291 1960 2368 nobis,
1983 2313 2088 2376 neque
2106 2291 2166 2356 ali·

1194 2373 1323 2455 quando
1350 2374 1386 2438 in
1413 2383 1557 2440 mentem
1584 2387 1730 2440 nostram
1758 2376 1866 2442 subiit.
1920 2377 2046 2456 Tertio,
2080 2375 2168 2460 quod

173 2461 244 2544 quis
261 2482 327 2525 non
348 2460 440 2525 videt
461 2462 495 2524 in
512 2469 605 2526 tanto
627 2460 748 2544 talique
769 2483 880 2526 rerum
903 2461 1033 2527 cardine
1055 2461 1142 2526 haud
1192 2459 1310 2524 attinet
1331 2459 1372 2524 ad
1399 2461 1481 2546 logis
1508 2461 1686 2528 caelibibus
1708 2461 2015 2544 praescriptionem,
2043 2463 2166 2529 severi·

172 2547 245 2632 plus
267 2547 381 2612 obesse
397 2545 464 2612 illis
485 2547 730 2612 matrimonium
751 2568 792 2636 ac
813 2547 1027 2612 caelibatum?
1071 2549 1143 2612 Imo

173 2633 366 2716 impugnare
390 2652 456 2696 non
479 2631 584 2698 ausim
608 2653 718 2698 annon
748 2631 822 2715 plus
851 2631 1033 2697 adiumenti
1055 2632 1113 2698 adi
1129 2669 1143 2681 -

173 2725 233 2796 rat,
256 2717 399 2782 maxime
421 2738 522 2801 quum
544 2739 628 2782 uxor
655 2717 710 2801 pia
732 2717 878 2796 ducitur,
909 2715 1004 2784 liberi
1027 2716 1144 2782 deinde

174 2803 328 2888 morigeri
351 2804 520 2868 exsistunt.
553 2801 681 2868 Verum
703 2803 730 2868 si
752 2804 867 2869 taciem
884 2803 1070 2887 primitivae
1093 2823 1144 2872 ec-

175 2889 291 2955 clesiae
319 2888 538 2971 apostolorum
571 2909 745 2972 eorumque
774 2889 999 2954 coadiutorum
1021 2887 1144 2954 intueri

174 2974 390 3052 volucrimus,
416 2995 495 3058 quos
523 2973 588 3040 bue
611 2973 688 3039 illue
709 2995 768 3058 per
790 2973 949 3039 mundum
971 2975 1085 3058 vagari
1107 2994 1145 3039 ac

174 3059 341 3138 cursitare,
363 3081 430 3125 non
452 3060 507 3124 diu
524 3059 558 3124 in
581 3080 646 3124 uno
666 3059 735 3124 loco
753 3061 954 3138 commorari,
977 3060 1067 3125 nulla
1086 3061 1144 3126 sti·

173 3143 293 3244 pendia
315 3153 403 3210 certa
423 3145 552 3224 habere,
580 3165 617 3210 eo
639 3143 723 3228 qnod
753 3145 825 3228 quis
851 3145 1007 3211 benevolo
1035 3147 1144 3211 animo

174 3229 239 3298 11118
259 3223 467 3314 impertiebat
483 3252 550 3296 non
567 3229 641 3314 plns
658 3229 818 3315 exigendo
839 3233 1025 3310 sustentari,
1047 3241 1081 3296 et
1102 3253 1145 3296 ex

173 3316 339 3382 laboribus
368 3337 526 3382 manuum
566 3337 699 3382 suarum
736 3317 836 3382 etiam
869 3339 942 3383 cum
975 3317 1143 3402 discipulis

173 3403 241 3470 suis
263 3403 384 3482 vivere,
407 3403 517 3486 sicque
534 3399 711 3468 laborando
729 3403 874 3469 infirmos
892 3403 1045 3488 recipere,
1068 3425 1143 3488 ege-

172 3509 233 3554 nos
254 3489 384 3564 iuvare,
413 3488 590 3570 periclitari
612 3495 645 3552 et
666 3488 810 3570 quotidie
832 3489 982 3554 exsilium
1005 3497 1064 3554 aut
1085 3489 1144 3554 ali·

172 3573 251 3658 quid
273 3571 402 3640 adversi
423 3581 621 3657 exspectare,
644 3575 811 3657 multaque
832 3574 866 3638 id
883 3595 986 3658 genus
1003 3576 1144 3658 experiri

173 3665 376 3743 oportuerat:
395 3681 449 3724 eos
468 3659 606 3744 denique
623 3660 678 3743 qui
695 3680 754 3742 per
771 3659 920 3726 civitates
938 3681 974 3725 ac
993 3659 1144 3726 ecclesias

172 3767 216 3812 cx
244 3746 409 3812 communi
436 3755 530 3812 coetu
560 3743 671 3812 selecti
700 3746 740 3810 ab
767 3745 833 3810 illis
860 3745 1144 3812 constituebantur

171 3831 288 3896 itidem
311 3852 468 3895 manuum
489 3851 622 3895 suarum
644 3829 755 3896 labore
780 3831 840 3896 eibi
862 3831 1040 3914 providere,
1063 3832 1145 3898 citra

171 3915 209 3982 id
229 3915 314 4000 quod
337 3915 452 3998 aliquis
481 3923 597 4000 sponte
626 3917 672 3981 eis
700 3913 843 3982 dedisset
870 3937 934 3982 non
961 3917 1101 4000 exigere,
1124 3939 1144 3982 a

172 4001 363 4069 concivibus
379 4002 560 4084 vicinisque
581 4001 650 4067 suis
668 4002 773 4067 multa
788 4002 924 4086 perpeti,
945 4023 982 4068 ac
1002 4003 1146 4086 qualibet

171 4087 242 4154 l'ere
271 4087 354 4152 hora
374 4087 409 4150 in
435 4085 604 4170 quibusvis
631 4088 783 4170 periculis
810 4087 934 4152 versari
964 4089 1144 4170 oportuisse

173 4171 373 4256 (cuiusmodi
400 4173 550 4238 miseriae
579 4183 612 4237 et
635 4193 695 4238 nos
723 4181 936 4256 exceperunt,
964 4195 1024 4239 nec
1050 4173 1144 4239 aliter

172 4267 398 4342 comparatum
430 4267 480 4324 cst
511 4257 695 4342 nobiscum)
725 4295 764 4306 -
792 4258 871 4325 haec
904 4259 932 4324 si
964 4259 1004 4324 cb
1036 4260 1145 4326 oculos

172 4343 270 4410 nobis
299 4345 517 4427 posuerimus,
552 4343 600 4409 sic
627 4343 763 4410 coniicic
795 4343 880 4426 quod
915 4344 1048 4410 consilio
1076 4345 1144 4410 divi

168 4429 286 4506 Pauli,
314 4429 370 4512 qui
390 4451 468 4512 prae
489 4431 625 4495 caeteris
646 4427 739 4494 donis
761 4430 896 4513 spiritns
918 4432 1023 4496 sancti
1044 4431 1144 4516 fulge·

167 4515 237 4595 bat,
256 4513 340 4580 nibil
358 4516 471 4594 tutius,
490 4515 668 4582 consultius
685 4515 927 4598 comperiemus,
950 4517 1005 4600 qui
1026 4516 1144 4582 harum

169 4621 284 4668 rerum
307 4599 468 4666 rationem
489 4600 614 4668 habens
635 4599 733 4679 dicit,
759 4599 880 4666 bonum
909 4622 979 4668 osse
1008 4623 1143 4668 uxorem

170 4707 240 4752 nen
263 4685 382 4752 ducere
403 4685 444 4750 ab
465 4707 567 4770 eaque
589 4686 731 4752 solutum
759 4707 830 4750 esse
857 4695 990 4770 propter
1017 4687 1144 4754 instan-

170 4781 242 4838 tem
264 4772 509 4852 necessitatem,
537 4781 576 4836 ut
601 4773 671 4837 sine
698 4771 906 4837 distractione
927 4773 999 4837 Deo
1020 4774 1144 4839 servire

169 4859 287 4944 possit.
331 4857 372 4922 Id
393 4859 491 4922 stiam
513 4855 598 4940 apud
620 4878 680 4924 nos
702 4859 773 4940 ipsa
804 4878 857 4922 res
885 4877 922 4923 ac
943 4859 1145 4942 experientia

169 4953 322 5020 testatur,
345 4942 602 5026 quandoquidem
619 4963 718 5026 opera
734 4943 880 5010 virorum
898 4943 1058 5010 bonorum
1075 4945 1143 5010 ido·

169 5049 376 5113 meorumque
397 5051 456 5113 per
475 5029 625 5096 civitates
645 5027 871 5110 habitantium,
899 5030 954 5114 qni
975 5031 1144 5096 matrimo-

171 5153 209 5167 -
221 5154 380 5164 --—-

277 5217 309 5286 8)
326 5217 384 5272 aar

1195 2551 1367 2628 tatemque'
1389 2567 1471 2629 quae
1498 2569 1552 2614 eos
1578 2547 1829 2613 amatrimcnio
1857 2547 1962 2612 veluti
1991 2569 2027 2611 re
2056 2549 2167 2616 minus

1195 2627 1390 2696 conducibili
1407 2639 1478 2710 etc,
1501 2633 1597 2698 etiam
1616 2635 1651 2698 in
1669 2633 1805 2699 articulo
1823 2633 2025 2700 necessitatis
2043 2633 2167 2700 abstor-

1195 2723 1281 2792 reat,
1309 2737 1374 2780 uon
1402 2723 1435 2782 te
1464 2717 1565 2783 lateat
1591 2739 1652 2783 nos
1680 2725 1785 2784 totum
1806 2717 1839 2782 id
1863 2740 1966 2802 papae
1988 2718 2166 2802 reliquisse,

1195 2799 1237 2864 ad
1258 2799 1366 2884 legem
1388 2803 1548 2884 perlectae
1567 2803 1735 2882 libertatis,
1758 2803 1892 2886 spiritus
1911 2815 2021 2870 tamen
2044 2811 2079 2869 et
2099 2825 2167 2873 ncu

1195 2886 1312 2964 carnis,
1335 2887 1534 2971 confugisse:
1555 2889 1602 2952 ita
1621 2889 1707 2972 quod
1729 2887 1834 2954 veluti
1855 2888 1896 2952 ad
1918 2899 2054 2966 caetera,
2076 2891 2167 2956 simi-

1195 2969 1271 3035 liter
1298 2993 1358 3037 nec
1387 2971 1428 3036 ad
1457 2972 1650 3039 caelibatum
1679 2975 1786 3054 (cuius
1816 2973 1905 3040 cordi
1925 2975 2088 3040 Dominus
2115 2977 2167 3044 in-

1195 3057 1289 3121 fluxu
1312 3057 1452 3140 quodam
1473 3057 1508 3123 id
1524 3079 1591 3122 nou
1608 3059 1826 3136 instillaverit,
1851 3067 1888 3124 ut
1905 3060 1985 3125 velit
2002 3061 2167 3144 possitque

1195 3151 1311 3226 sponte
1334 3163 1371 3208 ac
1388 3143 1527 3210 libenter
1549 3165 1607 3226 per
1624 3145 1780 3210 virtutem
1791 3143 1855 3208 Dei
1874 3165 1909 3210 se
1928 3146 2104 3224 continere,
2127 3167 2167 3214 ea

1195 3227 1264 3294 sola
1280 3228 1461 3296 intentione
1478 3239 1517 3295 ut
1533 3229 1660 3296 facilius
1677 3251 1715 3295 ec
1732 3229 1915 3312 expeditius
1932 3230 2015 3295 citra
2031 3229 2166 3298 distrac-

1195 3315 1300 3378 tiones
1322 3321 1356 3379 et
1377 3325 1588 3382 avocamenta
1609 3316 1680 3380 Deo
1701 3315 1737 3380 in
1757 3314 1892 3380 ccclesia
1913 3316 1983 3380 eius
2004 3315 2166 3383 inservire

1195 3402 1307 3482 queat)
1329 3401 1493 3467 neminem
1510 3401 1619 3484 aliqua
1640 3422 1684 3479 re,
1708 3409 1801 3466 extra
1823 3399 1908 3466 hanc
1919 3401 1983 3465 Dei
2002 3401 2166 3468 internam

1196 3485 1439 3569 impulsionem,
1470 3487 1632 3572 adigimus
1659 3493 1718 3552 aut
1745 3486 1904 3570 cogimus:
1938 3487 2077 3552 scientes
2106 3507 2166 3556 nos

1195 3592 1262 3635 non
1284 3592 1353 3636 esse
1377 3572 1596 3638 dominatores
1617 3571 1762 3639 cordium
1786 3571 2020 3650 humanorum,
2049 3591 2167 3638 verum

1196 3677 1307 3722 servoe
1327 3657 1425 3738 illius,
1447 3659 1499 3726 oui
1523 3657 1670 3724 habitare
1687 3659 1722 3723 in
1740 3656 1804 3723 illis
1822 3657 2059 3742 complacuerit
2093 3657 2167 3726 Hoc

1196 3751 1306 3808 tamen
1327 3741 1429 3808 libore
1449 3743 1597 3822 latemur,
1627 3742 1711 3828 quod
1732 3743 1827 3810 sicuti
1849 3741 1890 3808 ad
1912 3753 2041 3810 caetera
2060 3743 2166 3810 cordis

1196 3825 1424 3894 donacxterne
1442 3827 1718 3908 administramus,
1737 3839 1770 3894 ct
1787 3829 2047 3912 primoomnium
2066 3827 2166 3896 verbe

1196 3913 1359 3996 evangelii
1376 3913 1417 3980 ad
1435 3915 1635 3997 assequenda
1646 3915 1868 3998 potiundaque
1886 3936 1933 3994 ea,
1953 3912 2069 3979 deinde
2085 3933 2165 3980 vero

1196 3996 1237 4062 ad
1264 4020 1447 4066 successum
1477 4009 1511 4064 et
1539 3997 1817 4066 conservationem
1845 3999 1881 4064 in
1909 4001 1971 4076 eis,
2004 4000 2069 4064 iam
2098 4019 2166 4064 non

1196 4083 1263 4149 solo
1291 4085 1392 4150 verbo
1419 4085 1539 4164 vocali,
1564 4107 1681 4152 verum
1710 4087 1809 4152 ctiam
1838 4085 1997 4169 praesidio
2018 4082 2166 4150 laudabi-

1196 4167 1276 4234 lium
1297 4170 1537 4236 ordinationum
1560 4179 1593 4237 et
1613 4173 1744 4248 rituum,
1767 4191 1848 4254 quae
1870 4169 2011 4236 iustitiae
2033 4167 2109 4234 fidei
2131 4176 2166 4236 et

1197 4253 1349 4338 decalogo
1375 4277 1441 4322 non
1463 4266 1649 4342 repugnant
1673 4278 1778 4340 neque
1800 4277 1838 4321 ea
1857 4255 1990 4332 violant,
2019 4253 2107 4320 idem
2131 4263 2166 4322 et

1196 4341 1232 4406 in
1258 4359 1356 4408 causa
1386 4341 1562 4408 caelibatus
1589 4343 1741 4408 facimus:
1775 4342 1913 4408 scientes
1945 4341 2166 4407 ministerium

1196 4437 1343 4492 nostrum
1371 4428 1411 4494 iis
1432 4425 1563 4492 demum
1590 4429 1796 4511 profuturum
1825 4435 1858 4491 ct
1885 4425 2060 4491 utilitatem
2089 4425 2166 4492 alla·

1196 4511 1677 4596 turum,inqaibus1)omino
1704 4511 1934 4594 complacuerit
1960 4533 2042 4595 opus
2068 4533 2166 4578 suum

1196 4599 1333 4683 operari,
1356 4598 1412 4664 ubi
1434 4621 1510 4665 vero
1538 4599 1683 4681 operatio
1713 4599 1792 4662 hacc
1814 4596 1924 4662 divina
1946 4597 2075 4662 interne
2096 4616 2165 4664 ces·

1196 4694 1261 4764 sat,
1290 4685 1334 4752 ibi
1362 4692 1396 4750 et
1421 4685 1637 4750 ministerium
1666 4691 1814 4750 nostrum
1836 4682 1921 4748 illico
1945 4681 2069 4750 destitit
2090 4680 2165 4748 nul·

1194 4770 1325 4854 lamqus
1347 4770 1486 4854 amplius
1507 4771 1683 4836 efficaciam
1706 4768 1812 4834 habet
1862 4767 2033 4834 Eiusmodi
2055 4775 2166 4834 autem

1194 4857 1249 4940 qui
1271 4857 1395 4922 donum
1416 4855 1478 4922 hcc
1499 4853 1676 4939 perdiderit
1686 4855 1756 4920 Deo
1777 4853 2030 4920 commendatur.
2062 4852 2166 4919 Prae-

1195 4950 1326 5026 ceptum
1349 4941 1510 5026 siquidem
1531 4940 1681 5020 Domini,
1709 4939 1786 5024 quid
1812 4939 1848 5004 in
1875 4961 1915 5006 ea
1942 4959 2041 5005 causa
2068 4958 2166 5020 porro

1195 5027 1360 5114 agendum
1382 5028 1434 5106 sit,
1460 5048 1527 5092 non
1549 5025 1712 5092 habemus.
1757 5024 1810 5092 Ad
1839 5026 1918 5090 baec
1943 5025 1970 5090 si
2000 5023 2071 5108 quis
2092 5022 2166 5090 Deo

1194 5113 1293 5180 fidem
1314 5124 1425 5180 servat
1446 5111 1678 5196 vocationeque
1699 5133 1759 5178 sua
1780 5109 1877 5196 digne
1899 5111 1995 5190 vivit,
2023 5109 2166 5260 peccatis

1194 5198 1385 5266 mortalibus
1416 5196 1770 5284 scandalizantibusque
1803 5217 1837 5264 se
1876 5217 1942 5262 non
1981 5215 2022 5279 pc
2035 5193 2166 5276 luendo,

1912 5297 1958 5352 16*
