4898 5970
287 297 350 361 619
1055 289 1321 360 ΕΡΙΒΤΟΙιΔΕ
1343 294 1511 356 504-605
2220 293 2282 360 620

293 483 428 561 Viretus,
450 481 583 548 mndem
603 479 716 546 literas
737 487 866 548 vsstms
887 481 1075 549 reddiderat
1091 479 1258 546 Antonius
1394 475 1447 543 De
1468 477 1585 562 iurgiis
1613 476 1808 544 domesticis.
1852 478 1921 560 Qui
1947 477 2070 564 aliquid
2098 477 2282 544 babuerunt

287 568 468 646 Frocbetus,
482 565 505 652 ¹)
528 567 589 632 hcc
611 575 677 644 est,
706 567 793 650 apud
817 565 984 633 &lainam
1004 567 1200 651 deposuerat
1220 571 1259 630 ut
1308 561 1555 630 consuetudinis
1576 583 1651 630 cum
1672 583 1711 628 eo
1729 564 1822 630 uobis
1840 564 2005 644 dixerunt,
2027 583 2128 648 supra
2149 561 2283 630 modum

285 653 335 719 illi
352 652 577 730 redderentur,
596 651 760 716 neminem
778 661 889 717 tamen
906 662 1056 719 nostrum
1073 651 1258 735 alloquutus
1309 657 1342 714 et
1364 647 1462 714 nimis
1483 668 1580 730 saepe
1600 649 1743 713 rixatum
1761 671 1831 716 esse
1848 671 1922 716 cum
1940 671 2052 728 uxore,
2075 657 2109 715 et
2129 649 2218 716 fama
2233 655 2284 716 est

285 745 364 817 erat,
387 744 421 802 et
437 744 605 815 statuerat,
629 737 900 819 quemadmodum
923 739 1090 804 confessus
1111 749 1170 818 est,
1192 737 1258 802 dis·
1309 735 1482 801 verberare
1503 753 1577 799 eam
1599 733 1732 799 solitum
1754 755 1821 800 non
1841 736 1984 800 maritali
2005 733 2109 801 modo.

286 823 401 891 cedere
433 823 526 888 nobis
557 822 758 898 insalutatis,
791 823 855 888 nisi
887 824 970 890 forte
1007 823 1124 901 Virete,
1157 845 1257 906 quum
1395 818 1448 884 De
1475 818 1655 884 maledictis
1683 827 1717 885 et
1743 821 2043 888 obtrectationibus
2091 819 2171 886 Alia
2196 819 2282 887 levia

286 910 443 974 transiret
474 929 534 992 per
567 917 701 991 pontem
727 908 896 988 Rhodani,
928 910 1105 986 obviasset,
1140 909 1195 974 cui
1223 929 1258 975 se
1309 905 1540 989 praeterimus,
1569 926 1674 970 unum
1695 913 1746 972 ost
1771 905 1856 990 qued
1878 908 2011 972 minime
2033 906 2204 988 praeteriri
2227 904 2283 970 de-

286 994 328 1060 ad
355 1015 417 1060 nos
444 1001 622 1060 venturum
649 992 803 1060 condixit
853 994 943 1060 Loco
972 994 1189 1062 excusationis
1217 993 1259 1060 ab
1310 999 1370 1058 cet
1414 989 1620 1072 Conquestus
1647 998 1697 1056 cst
1729 991 1816 1074 apud
1845 993 1935 1076 pium
1962 990 2137 1076 quemdum
2164 991 2282 1074 vuum,

286 1079 547 1163 expostulatione
579 1099 716 1145 exorsus
743 1089 808 1157 cst,
841 1080 927 1162 quod
958 1079 1012 1146 hic
1044 1101 1064 1146 a
1091 1079 1259 1146 nonnullis
1310 1097 1382 1143 esse
1403 1076 1439 1141 in
1460 1075 1575 1142 ordino
1594 1085 1707 1142 nostro
1732 1085 1838 1144 sectas
1860 1078 2151 1162 pestilentissimae.
2195 1076 2283 1142 Mul·

286 1165 403 1232 fuisset
422 1164 586 1230 immerite
607 1172 758 1245 vexatus,
787 1163 905 1230 deinde
925 1175 998 1249 post
1020 1187 1118 1232 suum
1139 1165 1259 1232 discos·
1310 1170 1361 1228 tes
1382 1162 1470 1227 enim
1491 1183 1536 1228 cx
1556 1161 1838 1230 concionatoribus
1856 1162 1982 1230 Christi
2005 1162 2212 1228 divinitatem
2229 1183 2283 1228 ne-

287 1272 362 1318 sum
383 1249 616 1316 traduceretur.
660 1251 766 1316 Porro
788 1248 830 1316 ad
850 1250 1070 1317 innocentiam
1092 1272 1184 1317 suam
1207 1273 1259 1318 as-
1311 1268 1399 1333 gare.
1442 1247 1489 1312 Et
1509 1245 1746 1326 Neocomumss)
1768 1249 1900 1314 nomine
1922 1248 2134 1331 exprimebat
2169 1245 2283 1328 Quan-

286 1335 604 1419 serendamprotulit
619 1335 824 1418 quorundam
838 1336 1026 1402 testimonia
1043 1337 1159 1420 quibus
1175 1336 1261 1402 nihil
1310 1353 1407 1418 quam
1430 1353 1490 1399 nec
1512 1331 1603 1399 vobis
1624 1333 1786 1418 parcebat,
1808 1333 1969 1418 siquidem
1990 1343 2161 1417 postquam
2182 1333 2283 1400 iacta-

287 1422 423 1507 putabat
443 1423 564 1505 opponi
584 1442 688 1504 possa.
722 1419 819 1502 Quod
840 1422 869 1488 si
891 1422 965 1506 quis
985 1423 1035 1488 illi
1056 1423 1181 1489 crimen
1200 1423 1260 1486 ali·
1312 1425 1405 1485 vorat
1422 1418 1592 1485 sollicitari
1609 1439 1645 1484 se
1662 1427 1701 1484 ut
1719 1419 1959 1504 philosophiam
1975 1419 2049 1486 istic
2066 1420 2282 1502 profiteretur,

288 1506 375 1592 quod
395 1505 496 1574 vellet
522 1506 710 1586 intendere,
737 1507 831 1572 illum
857 1507 893 1572 in
917 1508 1025 1574 forum
1054 1507 1258 1591 provocabat
1311 1504 1453 1589 negabat
1478 1524 1514 1569 se
1540 1503 1576 1569 id
1602 1504 1780 1585 facturum,
1815 1505 1892 1588 quia
1916 1515 2100 1588 temperare
2128 1504 2190 1570 sibi
2217 1524 2284 1570 uon

287 1593 338 1659 Ee
355 1591 466 1659 audite
483 1592 741 1659 consultavimus
762 1591 905 1660 breviter
926 1593 1013 1658 inter
1034 1615 1104 1673 nos,
1127 1601 1161 1660 ct
1182 1591 1261 1677 quid
1312 1597 1421 1672 posset
1448 1590 1529 1672 quin
1551 1610 1679 1656 errores
1705 1590 1778 1656 illes
1797 1589 1900 1657 libere
1920 1587 2184 1674 reprehenderet
2228 1589 2284 1655 Id·

287 1678 336 1745 illi
357 1675 619 1761 respondendum
639 1677 900 1761 inpraesentia,
926 1687 962 1744 ct
987 1679 1065 1762 quid
1091 1688 1204 1762 postca
1225 1680 1262 1743 in
1312 1697 1375 1758 que
1397 1675 1577 1740 etiamnum
1598 1675 1651 1742 vir
1671 1675 1727 1741 ille
1748 1677 1800 1744 cui
1821 1675 1920 1756 dixit,
1949 1683 1988 1742 ut
2013 1683 2064 1742 est
2089 1675 2231 1759 simplex
2251 1682 2285 1742 et

288 1764 359 1831 eius
387 1763 519 1848 negotio
548 1763 712 1847 agendum
739 1763 831 1830 foret
880 1764 967 1830 Nam
995 1765 1073 1848 quia
1094 1765 1261 1848 petieratis
1311 1760 1426 1839 facilis,
1448 1781 1641 1844 persuasum
1662 1760 1776 1840 habet,
1803 1782 1909 1846 neque
1929 1761 2046 1828 leviter
2067 1761 2213 1828 offensus
2234 1767 2285 1826 est

288 1857 327 1916 ut
348 1847 440 1916 vebis
458 1847 624 1916 bonafide
641 1847 915 1931 perscribercmus
932 1849 973 1916 da
990 1852 1060 1916 eius
1077 1851 1156 1930 vita,
1176 1847 1261 1934 quod
1312 1843 1400 1930 quod
1421 1846 1532 1912 audiat
1557 1846 1594 1910 in
1615 1845 1729 1912 ordine
1757 1855 1868 1914 uostm
1895 1847 2029 1914 tolerari
2056 1847 2112 1930 qui
2138 1846 2284 1932 pupistas

289 1941 455 2020 procerte
473 1934 561 2020 apud
578 1935 743 2018 principes
759 1943 888 2002 vestros
904 1937 1019 2002 testari
1041 1936 1134 2004 vobis
1151 1943 1262 2000 tutum
1313 1951 1462 1996 errorum
1483 1932 1646 2014 pravitate
1665 1939 1830 2015 superent.
2135 1939 2138 1948 ⁴

288 2028 384 2100 esset,
406 2022 595 2087 censuimus
616 2039 740 2086 morem
769 2021 806 2085 in
831 2040 872 2086 ea
896 2041 933 2086 ro
958 2021 1050 2087 vobis
1071 2020 1261 2105 gerendum,
1397 2016 1490 2082 Haeo
1510 2037 1578 2081 non
1598 2016 1830 2084 malevolentia
1854 2039 1914 2084 nae
1936 2015 2113 2102 cupiditate
2133 2016 2203 2082 ulla
2223 2017 2283 2081 im·

290 2113 458 2189 utcunque
479 2105 550 2189 ipse
571 2105 707 2171 minime
735 2114 873 2171 curaret
907 2105 1082 2172 (laetarum
1104 2105 1182 2190 quid
1209 2127 1262 2172 re·
1312 2101 1399 2186 pulsi
1420 2099 1463 2166 ad
1484 2123 1542 2168 vos
1564 2102 1744 2181 scribimus,
1767 2102 1825 2170 scd
1842 2111 1973 2169 tantum
1990 2110 2029 2169 ut
2049 2103 2188 2170 veritate
2210 2107 2283 2169 ants

289 2192 402 2278 sponsi
423 2211 444 2256 a
463 2190 557 2256 nobis
577 2189 744 2270 habuerit,
767 2191 920 2274 quoniam
942 2191 1058 2258 melius
1079 2213 1188 2258 coram
1210 2213 1262 2258 rc-
1312 2187 1422 2254 oeulos
1443 2186 1634 2271 simpliciter
1654 2189 1760 2271 posita
1778 2209 1842 2256 -vos
1859 2189 2122 2272 praemuniamus
2143 2207 2186 2254 ne
2209 2185 2284 2270 quid

288 2279 373 2344 feret
391 2277 525 2355 Virctus,
546 2282 581 2340 st
600 2274 741 2342 fidehter
761 2277 796 2341 id
818 2277 980 2343 facturum
997 2278 1127 2355 scimus,
1149 2298 1262 2361 supcr-
1313 2273 1467 2340 statuatis
1494 2272 1587 2339 euius
1615 2293 1673 2340 vos
1704 2273 1802 2356 paulo
1828 2282 1901 2358 post
1933 2275 2109 2358 poeniteat
2154 2271 2284 2340 Scimus

288 2383 431 2430 vacuum
447 2361 532 2428 feret
550 2361 700 2427 scribere.
733 2361 831 2442 Quod
848 2361 889 2427 ad
904 2371 1053 2428 vestrum
1062 2362 1262 2446 postulatum
1313 2357 1480 2424 hominem
1508 2379 1580 2425 esse
1604 2379 1671 2424 nen
1698 2357 1881 2438 indoctum,
1914 2379 1976 2426 nec
2007 2357 2118 2426 obtusi
2148 2358 2281 2443 ingenii

290 2447 466 2548 spectabat,
488 2445 616 2512 duobus
637 2466 679 2511 ex
696 2453 862 2513 conventu
883 2456 996 2514 nostro
1018 2449 1186 2532 negotium
1205 2448 1262 2514 de-
1313 2442 1405 2510 Satis
1426 2445 1526 2510 etiam
1547 2441 1763 2527 expendimus
1789 2453 1949 2528 quantum
1976 2453 2011 2510 et
2036 2445 2148 2513 vultus
2235 2442 2283 2508 vi-

290 2533 398 2598 drmm
419 2533 515 2597 utin
534 2531 654 2598 vicinia
670 2531 711 2597 de
730 2532 800 2597 eius
816 2533 961 2598 moribus
981 2533 1195 2616 inquirerent,
1218 2533 1262 2599 si·
1312 2537 1380 2596 tate
1401 2529 1571 2595 etaetatis
1591 2529 1783 2596 maturitate
1808 2532 1998 2615 profuturus
2024 2537 2111 2597 esset
2131 2551 2184 2596 ece
2199 2527 2283 2594 asiae

289 2617 362 2683 mul
383 2625 494 2682 tamen
516 2615 580 2682 duo
601 2616 683 2683 haec
703 2616 770 2683 illis
790 2618 994 2684 iniunximus
1022 2619 1193 2698 mandata,
1219 2641 1262 2685 ne
1313 2615 1449 2694 Ohristi,
1476 2615 1506 2680 si
1527 2614 1661 2698 reliquis
1682 2613 1812 2682 dotibus
1837 2614 1975 2700 perinde
2000 2615 2182 2682 instructus
2201 2615 2285 2680 foret

311 2701 659 2786 romieeuoqnemlibet
674 2711 837 2786 rogarent,
857 2702 915 2770 scd
932 2703 1112 2788 deligerent
1133 2725 1192 2771 suc
1212 2705 1262 2770 iu·
1313 2720 1397 2784 quac
1418 2701 1454 2766 in
1479 2700 1630 2766 ministro
1655 2701 1875 2785 requimntur.
1925 2699 2127 2786 Quanquam
2153 2699 2285 2768 minime

315 2788 376 2854 ‘oio
397 2809 515 2873 graves
536 2797 571 2852 et
590 2785 724 2854 idoneos
752 2794 869 2868 testes,
899 2789 1054 2869 alterum,
1083 2811 1125 2855 ne
1147 2789 1262 2857 dubios
1313 2786 1457 2852 instituti
1477 2786 1582 2852 nostri
1608 2797 1659 2852 est
1678 2784 1876 2870 praeiudicio
1904 2786 2011 2870 aliquo
2031 2808 2091 2854 vos
2118 2803 2284 2886 occupare,

289 2893 438 2940 rumores
464 2880 498 2938 et
523 2873 646 2956 absque
679 2880 767 2939 certo
796 2881 911 2940 autore
943 2882 1032 2952 ortos
1060 2875 1262 2960 colligerent,
1314 2877 1353 2938 ut
1372 2871 1408 2936 in
1430 2871 1516 2938 hane
1535 2871 1588 2938 vel
1609 2871 1700 2937 illam
1728 2881 1855 2956 partem
1875 2871 2035 2939 iudicetis.
2077 2871 2181 2938 Vobis
2202 2877 2287 2936 rute·

289 2957 348 3026 sed
369 2959 526 3024 afferrent
547 2965 674 3024 tautum
692 2967 865 3043 comperta
911 2960 1002 3026 Haec
1022 2961 1189 3045 igiturex
1210 2981 1263 3026 so-
1315 2955 1590 3042 grumiudieium
1611 2957 1843 3041 relinquimus:
1865 2964 1998 3023 tantum
2019 2957 2105 3041 quod
2125 2956 2287 3042 postulas-

290 3065 365 3112 rum
386 3043 493 3110 relatu
514 3044 658 3128 accipite.
1315 3043 1359 3110 tis
1381 3043 1613 3126 praestitimus,
1642 3051 1681 3107 ιιι
1701 3064 1761 3110 vos
1782 3041 1951 3130 diligentia
1971 3042 2098 3128 fideque
2119 3049 2231 3112 nostra
2250 3041 2288 3106 in

375 3129 429 3195 Dc
449 3130 569 3196 usuris.
613 3129 783 3209 Notarius,
813 3151 877 3214 quo
897 3129 1104 3197 familiariter
1124 3131 1162 3196 in
1184 3130 1264 3197 seri·
1315 3127 1377 3194 hac
1398 3149 1499 3196 eausa
1518 3127 1758 3196 adiuvarcmus

289 3214 406 3282 bandis
426 3214 631 3300 pactionibus
652 3236 781 3299 semper
797 3237 878 3281 usus
896 3223 954 3296 est,
977 3216 1147 3282 conveniri
1168 3235 1264 3282 ano-
1400 3212 1528 3294 Valcte,
1549 3213 1668 3280 fratres
1688 3214 1783 3281 nobis
1802 3214 1839 3280 in
1855 3213 1999 3280 Domino
2019 3213 2189 3294 carissimi,
2212 3232 2289 3278 nos·

289 3302 341 3368 bis
367 3322 435 3366 non
462 3301 586 3384 potuit,
612 3300 733 3382 partim
760 3301 837 3383 quia
863 3309 1085 3368 anteverteret
1105 3302 1265 3368 Antonius
1316 3319 1379 3383 que
1399 3299 1435 3364 in
1452 3299 1606 3451 precibus
1632 3299 1751 3368 vestris
1778 3297 1896 3366 habete
1920 3299 2174 3366 commendatos
2217 3297 2290 3364 Do·

289 3408 332 3454 ne
352 3385 393 3450 ab
414 3407 452 3452 ec
473 3384 667 3464 laederetur,
689 3387 811 3470 partim
837 3386 925 3469 qued
947 3388 1058 3453 statim
1079 3395 1153 3472 post
1173 3389 1265 3454 testi·
1315 3385 1425 3450 miuus
1481 3383 1606 3452 hristus
1636 3385 1692 3469 qui
1719 3405 1777 3452 vos
1804 3383 1848 3451 ad
1875 3383 2038 3452 culturam
2063 3385 2182 3452 musae
2209 3402 2292 3452 suae

289 3472 437 3538 monium
457 3491 517 3554 pro
534 3472 673 3537 Antonio
690 3469 814 3536 dietum
836 3470 878 3536 ad
898 3471 1081 3539 vindemias
1103 3474 1265 3556 profectus
1316 3469 1488 3548 conduxit,
1526 3471 1619 3538 vebis
1649 3477 1683 3537 et
1711 3470 1859 3536 animum
1880 3479 1913 3536 et
1938 3469 2027 3538 viros
2057 3469 2219 3556 largiatur
2251 3475 2292 3534 ut

290 3565 350 3624 est
384 3556 480 3622 Alter
496 3577 574 3624 vcro
591 3556 688 3622 homo
709 3555 860 3640 locuples,
882 3559 939 3641 qui
955 3557 1089 3624 demum
1105 3559 1155 3624 illi
1171 3580 1265 3624 suam
1316 3555 1436 3622 animis
1456 3553 1627 3623 indefessis
1648 3577 1753 3640 usque
1773 3557 1810 3622 in
1839 3557 1940 3622 finem
1965 3557 2116 3640 inopere
2136 3573 2291 3640 perseve-

291 3641 468 3721 looaverat,
496 3640 643 3725 publicas
664 3640 776 3709 literas
798 3644 1033 3727 conscripserat
1053 3643 1171 3728 quibus
1191 3665 1265 3712 rus·
1315 3642 1404 3710 retis.
1448 3641 1605 3710 Genevm
1627 3641 1761 3709 (laland.
1784 3639 1916 3709 Octobr.
1940 3663 2026 3710 anno
2051 3645 2142 3706 154³.

292 3729 377 3794 tieus
397 3747 458 3810 pro
479 3733 610 3792 centum
630 3727 764 3794 florenis
790 3737 907 3795 mutuo
928 3730 1071 3813 acceptis
1091 3729 1265 3815 polliceba-

293 3821 349 3879 tur
369 3813 406 3878 in
427 3811 574 3896 singulos
595 3833 699 3878 annus
726 3833 850 3897 cuppas
871 3835 930 3880 sex
951 3815 1060 3882 tritici.
1104 3813 1264 3896 Addebat,

292 3919 352 3984 per
373 3919 409 3964 se
429 3905 557 3964 tantum
583 3899 712 3964 stetisse
738 3899 911 3982 quominus
960 3901 1012 3966 lus
1038 3909 1263 3985 apponeretur.

334 4051 336 4055 ,
378 3985 431 4050 1)ιι
451 3983 654 4050 iuramentis.
697 3983 817 4050 Fuisse
838 3985 925 4052 hoc'
956 3987 963 4000 '
986 4007 1143 4070 perquam
1165 3987 1265 4054 usita-

294 4076 366 4136 tum
387 4070 523 4148 vitium,
550 4089 619 4134 uon
647 4076 776 4134 tantum
797 4077 834 4135 ut
854 4071 994 4152 iuraret,
1023 4071 1080 4137 scd
1107 4073 1207 4138 etiam
1227 4079 1266 4138 ut

294 4155 528 4223 contumelioso
556 4153 718 4220 deieraret
742 4175 952 4239 percorpus,
981 4179 1041 4241 per
1061 4158 1264 4242 sanguinem,

293 4261 353 4390 per
374 4250 513 4306 mortem
533 4241 678 4317 Domini,
701 4239 883 4324 complures
902 4249 1074 4308 testantur.
1118 4243 1174 4308 Ex
1194 4243 1265 4326 qui·

316 4347 357 4426 us
379 4325 444 4390 duo
466 4333 545 4426 sunt
566 4347 608 4392 ex
625 4333 740 4426 nostrq
765 4333 860 4392 coetu
885 4327 1084 4428 Geuistorritqs
1106 4339 1139 4393 et
1161 4328 1266 4395 Lude·
1418 4324 1449 4408 a)
1470 4325 1561 4380 Hvbw
1577 4325 1622 4380 dfe
1637 4322 1694 4394 iam
1711 4323 1859 4408 amm,
1873 4339 1965 4406 ΜΨ
1981 4339 2052 4396 tw
2071 4321 2258 4447 ψ

294 4431 390 4490 m,
401 4413 431 4491 a)
452 4431 509 4495 qm
530 4432 605 4476 eum
623 4423 670 4476 lta
687 4407 884 4478 domantem
906 4413 948 4479 ob
969 4435 1022 4481 ms
1039 4413 1136 4479 mhffi
1153 4422 1187 4480 eq
1208 4435 1265 4479 ex,
1319 4393 1457 4449 Concava
1472 4400 1568 4451 matre
1579 4393 1719 4448 Feretlum
1736 4400 1761 4448 et
1780 4393 1922 4449 θαὶιιιιιιιιιι
1937 4394 2085 4449 sedabant.
2149 4407 2214 4447 ιιιιι
2233 4407 2305 4448 m

1620 3777 1763 3845 Ioannes
1784 3777 1941 3845 Calvinus
1961 3779 2101 3844 fratrum
2122 3775 2292 3844 mandata.

1621 3863 1796 3948 Philippus
1818 3865 1859 3931 ab
1881 3863 2024 3931 ccclesia

1622 3949 1814 4016 Matthaeus
1836 3949 2053 4016 Genestonus.

1621 4035 1746 4102 Abalus
1766 4035 1967 4120 Peuppinus.

1621 4121 1661 4188 L.
1685 4121 1937 4205 Treppereau⁴)

2276 4327 2303 4377 σι

295 4503 350 4562 tra
369 4517 501 4562 omnem
522 4498 763 4564 contentionem
784 4497 966 4564 audierunt
1316 4461 1515 4602 {mm
1540 4463 1617 4533 (ΨΜ
1640 4462 1835 4519 mmm
1856 4467 1939 4517 “m
1962 4462 2066 4533 ’ΨΜ
2095 4461 2102 4476 ’
2172 4475 2242 4516 ⁸⁸⁰⁸
2261 4475 2306 4516 ’θ’

341 4603 344 4611 ’
381 4582 435 4648 De
455 4582 683 4648 inconstantia
735 4580 931 4667 Quicunque
953 4605 1028 4650 cum
1050 4591 1212 4650 noverunt
1233 4591 1268 4649 et
1418 4597 1447 4664 4)
1464 4599 1586 4656 Nastae
1602 4601 1634 4654 aa
1650 4599 1819 4671 epeprcptu
1834 4613 1868 4656 aa
1882 4603 1962 4668 pau
1977 4599 2046 4654 ιιιίνο
2061 4597 2233 4670 depravass-

296 4667 420 4735 versati
442 4674 521 4734 suut
542 4688 616 4734 cum
637 4689 676 4735 ce
701 4669 918 4753 pronunciant
939 4669 1105 4735 hominem
1126 4691 1198 4735 esse
1218 4668 1266 4736 le-

296 4775 372 4821 vem
400 4759 435 4820 et
460 4753 516 4837 qui
548 4752 685 4820 subinde
713 4762 819 4820 mutet
845 4755 988 4822 consilia
1038 4757 1149 4840 Atque
1180 4754 1267 4820 hauc

295 4839 417 4906 hmam
437 4837 474 4904 in
495 4844 564 4904 tota
581 4839 701 4906 vicinia
721 4839 821 4906 etiam
837 4841 924 4926 apud
940 4842 1070 4928 ignotos
1090 4841 1153 4908 sibi
1179 4861 1267 4908 com·

296 4925 433 5007 paravit

314 5125 830 5267 bill-{qssemeidafdm

1702 4928 1873 4936 *ᾗ*
