4910 5974
999 331 1078 390 1542
1101 325 1328 396 tou-mu.

165 329 224 392 409
2093 337 2158 400 410

165 513 377 596 apparuisset
420 511 600 580 Desoendit
628 529 741 599 postea
766 516 808 580 ad
841 516 1000 580 unitatem
1033 513 1134 580 eoele-
1185 514 1285 578 fuisse
1305 535 1390 580 novo
1412 535 1546 597 prorsus
1563 515 1681 598 spiritu
1701 528 1778 583 tuno
1800 517 1964 583 donatum.
2009 520 2106 586 Nnno
2122 521 2158 586 in

164 599 238 676 siae,
261 619 359 681 quam
381 600 472 664 miris
494 601 608 684 elogiis
629 601 879 678 sommendavit,
904 609 1044 664 testatus
1060 599 1133 664 nul·
1185 598 1367 682 deligendis
1389 601 1486 664 novis
1507 601 1639 685 eollegis
1661 623 1773 668 snmus
1795 603 1892 668 vuldo
1912 607 2077 688 oooupatn',
2107 627 2158 672 eo·

163 683 230 748 lum
252 705 288 750 se
310 684 430 750 habere
457 685 573 751 melius
601 709 660 752 neo
687 687 808 754 eortius
833 685 986 752 solatium
1008 685 1042 748 in
1064 703 1133 748 oer-
1185 705 1247 767 que
1269 705 1324 749 ma
1349 686 1375 750 's
1396 685 1491 768 quod,
1515 686 1593 750 dum
1616 699 1768 770 putamus
1790 688 1882 754 nobis
1903 691 2076 772 contigisse
2098 695 2157 756 eli-

163 769 285 834 tamine
305 769 430 848 mortis,
453 791 551 852 quam
573 774 649 854 quin
666 774 702 836 in
723 773 783 838 illa
803 774 929 836 unitate
949 769 1017 836 iam
1037 770 1134 852 plane
1184 791 1280 852 quem
1308 771 1320 834 i
1344 792 1477 848 oneum,
1506 781 1618 853 postea
1641 771 1914 855 deprehendimus
1942 787 2073 840 nostrae
2100 798 2158 844 ex·

162 855 371 920 oonfirmotus
405 869 500 928 esset
551 856 702 942 Collegae
733 869 844 924 antem
875 865 1003 922 nostros
1035 856 1133 937 paulo
1184 857 1379 938 speototioni
1400 879 1466 921 non
1489 857 1568 921 satis
1596 859 1801 940 respondere.
1845 859 1911 926 Ubi
1937 860 2059 942 aliquid
2080 881 2156 927 oon·

162 949 237 1006 ante
259 949 441 1018 vooaverot,
464 964 502 1008 so
522 943 665 1010 redieret
685 965 760 1010 oum
777 944 842 1008 illis
859 945 894 1006 in
917 942 1066 1026 gretiam,
1090 961 1132 1006 ne
1184 941 1388 1006 stituerimus
1405 943 1578 1026 intelliges.
1612 943 1726 1026 Neque
1748 945 1844 1024 enim,
1868 965 1968 1027 quum
1987 947 2082 1024 obsis,
2105 949 2156 1012 iu-

161 1027 186 1091 si
207 1026 244 1090 in
266 1025 323 1092 illo
346 1025 479 1092 dissidio
500 1031 711 1111 perstitisset,
739 1051 777 1094 eo
804 1027 953 1110 exemplo
974 1026 1031 1091 alii
1053 1025 1132 1090 abu·
1184 1047 1263 1090 vare
1285 1049 1345 1094 nos
1364 1029 1497 1094 oonsilio
1519 1037 1619 1112 potes.
1665 1027 1757 1094 Vale.
1796 1037 1842 1094 to.
1866 1031 1954 1094 Iunii
1982 1037 2069 1096 1542.

162 1121 317 1178 texentur.
361 1111 503 1178 Dixerat
522 1123 632 1180 autern
655 1117 762 1182 nobis:
792 1113 906 1196 Quum
928 1111 1059 1196 publiea
1080 1133 1131 1178 ιι-

161 1197 277 1262 elesiae
299 1196 479 1265 aedilitatio
508 1221 568 1265 vos
596 1211 693 1284 teget
719 1200 761 1266 ad
788 1201 861 1266 illos
888 1220 947 1282 pro
975 1197 1131 1264 frutribus

161 1282 361 1361 tolerandos,
389 1304 447 1350 our
475 1307 541 1350 non
569 1286 685 1352 eadem
711 1288 837 1352 ratione
863 1305 923 1369 pro
944 1283 1132 1367 pastoribus

160 1367 390 1452 sgnosomem?
433 1368 660 1436 Admonuerst
681 1380 791 1438 tomen
813 1391 868 1436 eoa
888 1369 984 1445 serio,
1007 1389 1045 1434 ao
1065 1367 1131 1434 illis

160 1452 446 1536 quidpeooasoent
466 1457 500 1520 in
522 1458 713 1522 memoriam
731 1456 915 1522 reduxerat.
949 1453 1016 1520 Sed
1034 1453 1131 1518 redeo

159 1538 198 1606 ad
220 1537 314 1604 illam
343 1549 542 1624 postremam
567 1544 756 1608 orationem.
801 1541 991 1608 Conversus
1012 1539 1054 1606 ad
1075 1559 1130 1604 eos

159 1625 214 1708 qui
236 1622 418 1704 adstabant,
442 1627 590 1694 hortatus
611 1641 661 1694 est
681 1650 795 1694 omnes
815 1641 853 1692 ιι
868 1627 1021 1694 eoelesioe
1042 1643 1130 1690 oom-

157 1712 348 1778 munionem
369 1710 528 1778 hsberent
548 1714 823 1794 sommendatam;
846 1735 901 1778 eos
921 1732 1000 1778 vero
1021 1712 1077 1792 qui
1093 1712 1131 1774 in

157 1797 371 1863 memmoniis
392 1806 428 1862 et
449 1798 598 1876 metatu
620 1809 699 1864 sunt
719 1799 938 1882 superstitiosi
960 1795 1130 1862 admonuit

156 1890 193 1948 nt
217 1881 364 1966 deposita
380 1885 561 1966 pervieuoia
579 1885 671 1952 nobis
689 1886 942 1968 aequiesoerent:
965 1903 1024 1948 nos
1042 1881 1131 1946 enim

156 1968 275 2034 melius
303 1987 340 2036 ao
367 1969 562 2052 prudentius
591 1969 704 2036 videre
731 1969 809 2054 quid
837 1969 1005 2053 expediret
1032 1988 1130 2050 quam

156 2053 246 2121 illos:
276 2074 311 2119 se
338 2075 464 2138 quoque
493 2056 528 2120 in
554 2056 620 2122 illis
649 2057 750 2122 fuisse
781 2057 887 2140 magis
919 2055 1129 2130 obstinatum,

156 2138 214 2206 sed
232 2139 326 2206 dutos
343 2139 406 2206 sibi
425 2139 556 2206 demum
574 2143 693 2216 oeulos,
716 2153 754 2207 ut
771 2142 898 2208 videret
914 2161 1011 2222 quam
1030 2139 1130 2202 noxia

1631 1540 1707 1610 403.

1416 1693 1631 1762 BUOERUS
1653 1695 1917 1763 BLAURERO.

1272 1863 1395 1930 otium
1434 1865 1637 1950 routpertum,
1683 1865 1801 1932 αόιίιιιι
1841 1867 1965 1934 ddum
2006 1868 2153 1952 deplorat.

1184 1949 1411 2018 Οοιιιαιιιῗιιιι
1442 1951 1540 2018 albot
1569 1952 1666 2034 fratri
1688 1957 1839 2035 paralum
1875 1973 1940 2020 oste
1967 1955 2153 2037 parochiam

1181 2037 1217 2102 in
1238 2037 1356 2104 ιιιιιιίι
1372 2037 1537 2121 sipoilioot

156 2233 243 2292 esset
265 2225 439 2292 eontentio.
476 2225 597 2293 Postea
615 2229 850 2294 oonlessionem
872 2226 975 2291 edidit
995 2223 1129 2288 brevem

155 2331 191 2375 ιι
214 2331 351 2394 gravem
380 2330 417 2374 ιι
443 2311 652 2378 lutulentam.
703 2311 785 2378 Inde
811 2335 871 2378 nos
898 2311 1048 2376 hortatus
1069 2321 1128 2386 est,

155 2417 258 2480 quum
280 2393 322 2461 ad
343 2395 423 2462 elios
451 2397 548 2464 offleii
568 2411 692 2480 partes,
723 2408 794 2463 tum
816 2419 893 2464 vero
915 2396 957 2460 ed
977 2402 1129 2460 oonstsn·

155 2482 252 2548 dam:
275 2502 337 2548 neo
359 2503 452 2548 setus
474 2503 511 2550 ιι
533 2495 625 2550 vatos
647 2485 766 2568 uliquis
787 2482 827 2548 de
849 2481 968 2548 futuris
990 2479 1128 2546 diffioul·

155 2568 279 2633 tatibus
318 2587 503 2633 sermonem
541 2568 665 2636 habuit.
725 2569 779 2636 De
810 2567 977 2651 republioa
1009 2567 1129 2630 mirum

155 2673 256 2736 quam
278 2653 443 2736 sapienter
460 2653 581 2719 dixerit
602 2656 686 2739 quod
709 2656 840 2720 adrem
863 2652 1055 2736 pertinebat.
1087 2650 1129 2714 In

153 2740 272 2822 primis
289 2747 327 2803 ut
342 2739 589 2806 reoonoiliandis
607 2741 703 2807 sotiis
720 2740 856 2805 urbibus
865 2739 894 2822 ⁸)
916 2756 1128 2821 pergeremus

154 2843 290 2909 operam
309 2823 519 2907 studiumque
537 2825 724 2909 impendere
741 2823 988 2891 oommendovit
1023 2819 1128 2902 Quid·

153 2910 232 2994 quid
256 2910 478 2976 votiferentur
499 2911 632 2978 olamosi
653 2912 762 2994 aliqui,
786 2909 921 2987 dioebat,
944 2929 1011 2974 non
1033 2927 1127 2990 opor-

152 3003 201 3063 tet
222 3017 284 3062 vos
304 2997 422 3062 animis
443 2997 560 3080 frangi,
605 2997 678 3062 Non
701 2997 803 3063 habeo
821 3007 951 3062 tantum
972 2993 1128 3075 temporis

153 3091 191 3148 ut
218 3081 332 3147 omnio
367 3101 551 3165 persequar.
602 3083 670 3148 Nos
699 3083 754 3150 nbi
782 3083 892 3165 aliqua
921 3080 1126 3156 subieoimus,

152 3167 362 3251 oonoepimus
397 3169 586 3234 orationem.
631 3169 688 3234 Sio
715 3169 930 3235 disoessimus.
976 3163 1127 3232 Seounda

149 3252 386 3339 pomeridiano,
418 3275 518 3334 quum
539 3275 624 3320 uxor
643 3275 717 3322 mea
736 3255 894 3332 venisset,
925 3253 1021 3318 iussit
1043 3251 1126 3316 hono

150 3341 263 3408 animo
286 3359 357 3405 esse
379 3338 535 3422 quidquid
556 3340 731 3406 aooideret:
753 3341 912 3426 eogitaret
933 3359 968 3404 ιι
990 3357 1056 3402 non
1078 3346 1126 3400 te-

150 3447 259 3504 mero,
288 3424 346 3490 sed
372 3425 516 3490 mirabili
537 3427 600 3492 Dei
627 3426 759 3492 oonsilio
782 3425 846 3492 huo
868 3425 1056 3501 adductum,
1088 3429 1127 3487 ut

150 3512 224 3596 ipsa
253 3530 382 3594 quoque
409 3512 578 3601 evangelio
606 3513 753 3578 serviret
763 3514 791 3592 ⁴)
840 3511 944 3576 Paulo
970 3523 1046 3594 post
1072 3506 1126 3572 de·

150 3596 340 3675 nuntiavit,
373 3615 486 3662 votem
514 3598 580 3662 iam
607 3599 670 3664 sibi
694 3599 784 3681 eripi.
829 3597 1004 3662 Caeterum
1027 3593 1124 3660 etiam

150 3685 223 3751 sine
246 3703 326 3750 voee
347 3681 581 3748 oonlessionem
603 3705 638 3748 se
660 3684 803 3748 retinere
824 3685 860 3747 in
882 3683 998 3762 animo,
1026 3698 1124 3764 quam

171 3770 245 3836 rius
267 3765 426 3846 ediderat,
456 3788 494 3832 ao
520 3769 555 3832 in
585 3791 624 3834 ea
644 3771 850 3834 moriturum.
894 3767 967 3832 Illio
989 3767 1124 3832 reoitato

148 3792 320 3922 bimeonis
342 3855 481 3932 canuto,
511 3865 608 3936 utque
635 3857 705 3920 eius
732 3855 999 3937 interpretatione
1025 3852 1066 3916 ud
1088 3871 1123 3914 se

149 3939 329 4026 applicata:
347 3937 437 4018 Vidi,
454 3940 569 4023 inquit,
587 3951 621 4004 et
637 3961 736 4006 manu
754 3942 848 4025 tetigi
865 3939 1008 4006 salutare
1024 3935 1122 4014 istud,

148 4037 251 4110 atque
272 4025 319 4088 ita
335 4045 370 4090 se
389 4025 430 4090 ad
446 4027 587 4106 quietem
606 4029 793 4108 oomposuit
826 4025 957 4091 Exinde
974 4042 1123 4089 sermone

148 4113 214 4178 fuit
238 4110 423 4189 destitutus,
445 4111 579 4177 nutibus
600 4121 711 4176 tumen
727 4112 901 4189 indioabot,
924 4131 959 4176 se
976 4110 1060 4174 nihil
1082 4107 1123 4172 de

148 4197 256 4264 animi
277 4197 391 4280 vigore
415 4197 602 4279 perdidisse.
647 4197 719 4263 Sub
740 4195 854 4262 horam
875 4205 1024 4280 quartam
1046 4193 1124 4262 veni

147 4283 230 4351 illue
259 4303 333 4348 oum
362 4283 513 4366 syndiois.
558 4282 669 4364 Quum
694 4283 863 4366 aliquoties
890 4302 1060 4364 erumpere
1088 4280 1123 4342 in

147 4387 338 4437 sermonem
364 4379 501 4434 oouotus
530 4381 630 4446 esset,
665 4379 699 4434 et
724 4369 873 4434 lantibus
900 4367 1123 4451 impediretur,

147 4455 235 4522 inssi
263 4475 306 4518 ne
333 4452 394 4518 sibi
421 4454 577 4520 molestus
606 4456 745 4538 amplius
772 4455 869 4531 foret,
899 4453 1027 4518 abunde
1054 4454 1124 4518 eius

146 4539 357 4608 oonfessione
378 4539 590 4606 satisfaotum.
623 4539 724 4624 (loepi
744 4539 878 4605 tandem
899 4539 987 4622 loqui
1009 4549 1046 4604 ut
1067 4559 1124 4620 po·

146 4629 218 4694 tui:
244 4623 373 4690 audivit
390 4626 485 4692 vultu
502 4625 677 4692 admodum
694 4628 872 4708 oomposito
890 4635 923 4689 et
941 4625 1123 4708 tranquillo.

1182 2207 1234 2270 (Ex
1252 2207 1420 2278 autographo
1444 2207 1554 2262 Arohiv.
1577 2207 1847 2344 ἦῗοιέἷιὶὸιζιμιι
1872 2209 1941 2280 llpp.
1967 2211 2064 2264 Buoeri
2088 2209 2151 2266 Vol.

1180 2481 1291 2546 Fratri
1319 2483 1442 2566 optimo
1464 2483 1637 2548 Ambrosio
1658 2482 1819 2548 Blaurero
1846 2484 1968 2565 pastori
1999 2485 2152 2552 eoelesise

1199 2565 1461 2634 Oonetentiensis
1482 2577 1686 2652 symmystae
1704 2568 1889 2636 venerando
1907 2577 1940 2634 et
1958 2571 2134 2636 eorissimo.

1265 2702 1299 2768 S.
1330 2703 1372 2768 D.
1417 2701 1550 2786 Optime
1579 2711 1614 2768 et
1641 2705 1807 2770 oarissime
1834 2704 1880 2768 mi
1909 2705 2070 2772 Ambrosi.
2120 2705 2151 2774 0

1178 2809 1275 2872 quam
1305 2788 1410 2854 sentio
1437 2797 1565 2872 ereptos
1587 2787 1773 2872 Continuat,
1801 2789 1973 2857 Bedrolttm
1992 2799 2025 2857 ιι
2048 2789 2152 2858 Goloi-

1178 2893 1263 2938 num.
1308 2871 1485 2957 Opprimor
1507 2874 1591 2939 mole
1613 2875 1825 2958 negotiorum.
1871 2877 1958 2942 Boni
1979 2899 2057 2961 ergo
2075 2899 2151 2945 oon·

1178 2959 1249 3026 sule
1269 2959 1355 3042 quod
1377 2979 1464 3024 nuno
1486 2979 1552 3024 non
1580 2959 1683 3042 plura.
1729 2959 1861 3045 Rogant
1883 2961 2092 3030 soholarohae
2114 2971 2152 3030 ut

1178 3045 1376 3130 inspectores
1404 3066 1463 3128 pro
1490 3065 1580 3110 more
1607 3045 1740 3109 mittant
1767 3057 1906 3129 quatuor
1940 3048 2038 3114 urbes
2066 3069 2151 3133 quse

1177 3129 1324 3215 gaudent
1346 3129 1506 3214 stipendio
1526 3129 1663 3212 Pallori.
1678 3129 1703 3214 ¹)
1736 3131 1890 3196 Fratrem
1911 3131 2005 3196 illum
2026 3135 2053 3198 si
2071 3131 2151 3200 libet

1178 3216 1282 3281 mitte.
1318 3215 1480 3282 Paroohia
1502 3213 1632 3282 dabitur
1653 3215 1701 3280 illi
1723 3237 1804 3300 quoe
1826 3215 2023 3284 medioerem
2039 3221 2151 3302 provi-

1178 3303 1302 3367 sionem
1324 3302 1431 3368 habet.
1465 3301 1551 3368 Nam
1574 3303 1602 3368 si
1623 3303 1696 3386 pius
1718 3313 1768 3367 est
1791 3311 1824 3366 et
1838 3301 2007 3368 Christum
2030 3303 2150 3370 intelli·

1178 3389 1242 3474 git,
1272 3390 1392 3472 poterit
1421 3387 1561 3452 multum
1594 3389 1737 3454 fructum
1766 3388 1880 3452 lacere.
1932 3385 1999 3454 Sed
2029 3390 2092 3454 erit
2121 3391 2150 3456 ei

1179 3473 1333 3558 parochia
1353 3476 1416 3539 ista
1438 3473 1579 3556 primum
1608 3473 1817 3540 instituenda.
1869 3473 1946 3538 Non
1974 3475 2086 3557 prooul
2109 3473 2149 3540 ab

1178 3558 1257 3624 urbe
1280 3567 1338 3624 est.
1383 3557 1420 3625 Si
1450 3561 1562 3625 tenire
1586 3559 1702 3638 nollet,
1732 3581 1828 3643 quam
1858 3560 2001 3642 primum
2030 3559 2149 3640 indies,

1177 3667 1218 3710 ne
1240 3646 1316 3710 boni
1339 3643 1489 3711 homines
1518 3645 1736 3730 negligantur.
1780 3645 1877 3712 Nune
1899 3645 1987 3710 enim
2009 3647 2086 3731 lupo
2108 3647 2148 3712 li·

1175 3731 1279 3795 berati
1302 3741 1378 3796 sunt
1408 3739 1442 3794 et
1471 3751 1586 3796 vaoare
1615 3731 1724 3796 looum
1746 3730 1803 3795 diu
1826 3753 1892 3796 non
1914 3731 2043 3798 bonum.
2087 3731 2148 3800 Sa-

1175 3816 1245 3881 lute
1268 3815 1441 3902 diligenter
1462 3817 1597 3881 fratrem
1618 3827 1650 3880 et
1662 3815 1793 3897 ZoirioS,
1816 3827 1913 3900 atque
1930 3839 2041 3884 omnes
2060 3840 2148 3968 sirm·

1176 3908 1300 4052 11115y4s2tus
1323 3911 1477 3986 tuamque
1498 3903 1655 3986 optimum
1678 3924 1821 3968 uxorem.
1856 3904 1994 3986 Argunt.
2010 3909 2056 3969 10.
2089 3904 2147 3968 ulii

1216 4123 1301 4188 Vale
1318 4123 1511 4200 lelioissime,
1534 4124 1739 4190 carissimum
1821 4159 1867 4226 M·
1891 4125 2039 4226 Bue'erus
2062 4169 2146 4227 tuus,

1362 4223 1459 4292 eoput
1475 4229 1594 4274 meum.

1175 4349 1379 4360 -—-—-

1192 4433 1257 4494 lbi
1276 4433 1305 4494 l)
1327 4430 1417 4500 Quam
1428 4429 1610 4501 θιμιιιεόιιι
1627 4430 1858 4498 mmmmm
1874 4431 2035 4488 ωιάιιιιιι
2051 4434 2147 4490 mn

1176 4501 1209 4556 ‘¹⁶
1226 4499 1373 4581 “Ml-⁸
1390 4499 1428 4554 ⁰⁶¹
1445 4499 1639 4582 Μ’
1661 4499 2145 4641 stammam

1176 4569 1384 4696 m
1395 4573 1749 4694 magnamve?
1754 4637 1891 4706 ιιῳοιιιιι
1914 4639 1969 4694 arbi
1981 4656 2145 4708 promoven·

147 4711 299 4780 Vixdum
331 4731 461 4776 eramus
499 4715 621 4796 egressi
653 4733 754 4795 quum
792 4721 941 4777 sanetum
980 4713 1125 4776 animum
1176 4709 1295 4788 ΜΡ*
1342 4777 1348 4788 ,
1410 4709 1456 4776 ⁸¹2,
1479 4707 1592 4775 ‘W‘
1608 4721 1696 4760 ΜΝ
1712 4721 1761 4760 Μ
1778 4707 1903 4762 dvm
1919 4711 2054 4776 witot
2075 4713 2144 4764 θοι·

147 4799 288 4866 Christo
311 4795 461 4861 reddidit.
496 4797 587 4862 Haeo
609 4799 755 4862 narratio
777 4797 834 4862 vix
857 4796 916 4860 tibi
938 4797 1001 4860 erit
1022 4796 1125 4860 oredi-

145 4885 246 4962 bilis,
280 4883 308 4947 si
343 4882 507 4966 expendas
534 4882 675 4948 hominis
704 4895 868 4948 usturam:
903 4901 1016 4946 verum
1045 4883 1125 4946 seito

1094 5035 1096 5040 .
1176 4983 1550 5053 manumoupmaao
1575 4981 2143 5040 mammaemamm-

148 5021 359 5034 ....-.....-——.

258 5101 288 5170 ι)
305 5101 338 5156 ἀι
355 5101 454 5172 quoto
471 5103 534 5158 olim
553 5104 654 5160 aeriter
671 5119 693 5158 c.
703 5103 891 5160 Bonnensibus
908 5101 1124 5172 thapsam

258 5171 288 5238 3)
307 5171 404 5227 Berua
421 5178 446 5227 el
463 5171 582 5227 Genera.

257 5241 287 5310 l)
304 5239 368 5296 Hor
384 5241 449 5297 bem
464 5241 627 5310 notoadtoo,
646 5245 793 5310 qrtumtom
808 5242 944 5312 patrocle
955 5239 1123 5297 matiam.

1176 4783 1522 4914 mimatensium
1548 4860 1593 4900 rea
1618 4849 1766 4898 euoenon.
1801 4845 1882 4900 Inter
1908 4852 2029 4902 ιιιιιτοι
2053 4847 2146 4916 operit

1175 4915 1298 4982 fautores
1320 4915 1455 4970 enitebat
1478 4913 1579 4968 Petrus
1603 4911 1748 4979 Bafflerus
1775 4919 1909 4970 mereator
1929 4916 2075 4986 latomia
2095 4917 2146 4998 qui

1406 4777 1462 4845 oio,
1481 4776 1660 4844 Marmara,
1678 4775 1777 4845 Ianua,
1794 4776 1960 4832 Roboretum
1976 4783 2002 4832 el
2014 4777 2095 4833 Ulmo
2111 4777 2146 4833 de

1175 5059 1216 5110 lea
1232 5053 1335 5110 matu
1351 5053 1527 5110 bolum
1543 5051 1684 5120 dipendio
1700 5049 1916 5119 (Romaim.
1933 5053 1990 5121 tt.)

1557 5209 1760 5222 „uun—.-
