4898 5970
185 307 246 368 757
1050 303 1131 368 1544
1152 299 1315 369 OU'I'OB.

2116 309 2179 376 768

184 491 253 571 oui,
285 491 407 576 partim
435 507 456 556 u
483 489 723 570 Metensibusil
755 487 796 556 ad
829 511 910 575 quos
941 491 1008 556 ium
1040 490 1154 556 soribo.
1205 488 1333 590 meos1)
1353 490 1469 574 seripsi
1490 511 1589 576 quum
1607 492 1716 558 verbis
1732 511 1841 558 eoram
1861 513 1945 575 quae
1966 500 2096 576 oportet
2111 496 2180 564 sint

185 576 255 644 Oro
285 587 320 642 te
351 584 389 641 ut
429 597 529 659 quum
565 575 697 642 dabitur
729 577 852 643 oeeasio
884 574 1079 659 respondeas
1114 575 1155 640 ad
1207 576 1334 642 dietun.
1378 577 1468 642 Huio
1494 577 1608 644 literas
1636 577 1788 642 dederam
1808 578 2026 660 amplissimas
2051 581 2093 645 ad
2117 580 2179 648 Se-

206 663 351 728 roximas
379 681 469 727 meas
495 662 616 727 literas.
660 661 733 727 Iam
760 663 849 727 enim
875 663 922 726 ita
948 661 1031 726 mihi
1052 681 1155 746 popu·
1207 669 1330 740 natum,
1353 660 1395 726 ad
1418 671 1563 745 pastores
1584 670 1618 727 et
1643 663 1810 743 Girouum,
1839 663 1897 729 aed
1918 663 2003 728 nihil
2025 666 2178 733 effaetum

184 683 253 814 ium
276 748 367 814 huno
386 767 445 812 seu
466 747 651 826 eoelesiam,
680 767 762 831 quae
784 755 835 813 est
855 748 1007 830 frequens
1028 747 1069 811 ad
1093 751 1156 812 200
1206 745 1316 833 saiw)
1349 745 1519 828 Quantum
1540 749 1634 832 eupio
1652 757 1740 815 reete
1761 749 1895 814 formari
1920 749 2126 817 iuventutem
2144 761 2179 818 et

185 840 220 900 et
247 833 402 917 amplius,
433 832 581 910 devinxi,
611 841 650 898 nt
677 833 761 897 nihil
787 855 853 898 non
882 833 986 898 ausim
1015 853 1154 916 sperare.
1207 831 1343 918 gloriam
1366 833 1432 898 Dei
1452 833 1625 912 illustrari,
1653 843 1686 900 et
1715 856 1773 918 pro
1803 833 1921 902 affeetu
1950 857 2014 918 quo
2040 833 2178 903 in'Ber-

185 919 331 986 Aeoedut
355 918 451 984 modo
472 927 531 984 tua
554 918 731 1002 prudentis
759 939 842 1001 quae
868 939 928 984 nos
950 917 992 983 ad
1013 918 1155 1001 aliquam
1207 939 1326 984 nenses
1352 917 1439 984 feror
1467 919 1556 984 huno
1586 919 1854 986 commendabam
1883 927 1922 985 ut
1949 923 2178 1002 necessarium,

185 1005 240 1071 hio
257 1004 448 1088 disoiplinae
469 1006 740 1070 restaurationem
762 1003 903 1071 afflaret.
1207 1011 1241 1070 et
1261 1004 1290 1069 si
1310 1003 1439 1070 abesset
1460 1004 1591 1070 aliunde
1612 1005 1846 1088 expetendum,
1869 1026 1965 1090 quem
1991 1007 2062 1072 ideo
2084 1028 2178 1092 prae-

270 1089 418 1156 Eoolesia
446 1090 601 1156 universa
628 1099 661 1155 te
695 1089 818 1156 salutat
842 1099 875 1155 et
904 1097 981 1155 tuae
1008 1089 1156 1172 precibus
1207 1097 1334 1154 sentem
1356 1109 1423 1154 non
1444 1089 1658 1174 negligerent
1701 1091 1827 1156 Mirum
1845 1099 1895 1156 est
1912 1091 2005 1157 illum
2026 1093 2080 1176 qui
2104 1093 2179 1158 nul·

186 1195 222 1241 aa
243 1175 457 1242 sommendat.
501 1175 570 1240 Nos
599 1175 716 1240 fratres
744 1183 873 1241 nostros
903 1173 935 1242 S.
958 1175 1156 1257 Andreae,⁶)
1206 1173 1276 1240 lum
1304 1196 1448 1258 unquam
1473 1176 1548 1240 boni
1577 1176 1639 1240 viri
1668 1177 1830 1259 specimen
1860 1173 1963 1242 edidit
1988 1185 2056 1242 tam
2084 1177 2179 1245 faeile

187 1269 221 1326 et
247 1261 277 1327 si
305 1263 360 1344 qui
388 1269 465 1326 sunt
493 1281 574 1344 quos
595 1261 760 1326 Dominus
787 1263 977 1341 visitaverit,
999 1281 1058 1344 pro
1079 1281 1156 1326 oon·
1207 1259 1385 1326 admissum
1408 1261 1508 1326 fuisse
1529 1267 1563 1326 et
1583 1261 1672 1327 hune
1693 1261 1740 1326 ita
1761 1259 1941 1328 dimissum.
1987 1261 2025 1329 Si
2047 1263 2081 1329 id
2106 1283 2180 1330 mea

186 1348 279 1413 aione
299 1347 443 1412 Domino
463 1345 771 1413 sommendavimus.
815 1347 891 1430 Ipse
908 1354 942 1410 te
965 1367 1022 1412 suo
1039 1346 1157 1428 spiritu
1208 1346 1308 1414 luerit
1335 1366 1433 1412 eausa
1464 1346 1588 1412 laetum
1619 1349 1744 1414 neseio:
1778 1357 1888 1412 tumen
1921 1367 1988 1412 non
2016 1356 2067 1414 est
2094 1347 2179 1432 quod

186 1441 281 1517 reget
301 1454 339 1498 ao
359 1431 416 1497 diu
441 1429 534 1498 nobis
560 1439 668 1497 servet
688 1431 892 1497 ineolumem.
936 1432 1071 1515 Raptim
1091 1433 1156 1496 Ar·
1208 1430 1262 1498 vel
1288 1431 1417 1514 saepius
1439 1431 1670 1500 commendans
1698 1431 1823 1516 aliquos
1851 1431 1906 1498 vel
1933 1431 2018 1498 male
2045 1435 2179 1500 meritos

187 1519 341 1602 gentinus
362 1521 391 1582 3.
411 1515 461 1582 Id.
484 1515 597 1584 Ostob.
624 1522 715 1582 1544.

392 1656 428 1722 Τ.
447 1653 754 1754 observantissimus
772 1653 948 1738 disoipulus
968 1660 1001 1720 at
1017 1653 1104 1719 lilius
1120 1653 1156 1717 in

493 1741 635 1806 Dommo
741 1824 947 1892 valerandus
967 1823 1133 1891 Pollanus.

273 2029 416 2096 Comites
427 2032 454 2107 ⁷)
476 2039 580 2114 agunt
602 2031 661 2096 tibi
684 2030 806 2116 gratias
828 2027 912 2114 quod
933 2029 1064 2096 illorum
1088 2049 1157 2093 me-

186 2115 340 2194 mineris,
368 2123 402 2180 at
427 2125 460 2180 te
486 2115 664 2198 plurimum
692 2117 820 2182 salvere
846 2121 969 2198 optant.
1017 2115 1091 2198 Ego
1112 2112 1155 2178 D.

186 2201 325 2281 Doridi,
355 2201 502 2280 Nicoloo,
529 2210 563 2266 ot
582 2202 675 2268 fratri
696 2209 768 2281 tuo,
797 2222 835 2268 ae
856 2201 931 2266 DD.
956 2198 988 2266 S.
1011 2199 1159 2266 Andreae

188 2295 223 2354 et
244 2285 470 2362 Muranum)
498 2307 573 2354 oum
602 2287 760 2354 uxoribus
787 2296 821 2352 et
841 2287 995 2352 universa
1022 2284 1159 2351 ecelesia

187 2373 330 2440 salutem
357 2383 433 2456 opto
458 2373 496 2437 in
516 2371 671 2438 Domino.
722 2371 839 2438 Frater
865 2378 975 2436 noster
1002 2371 1043 2436 D.
1066 2369 1156 2452 Bap-

186 2457 298 2544 unat)
320 2457 438 2524 abhino
459 2479 517 2523 sex
544 2469 601 2523 aut
621 2465 747 2542 septem
770 2457 895 2522 diesin
917 2455 1060 2521 Galliam
1082 2475 1158 2538 pro·

186 2544 293 2610 faetus
320 2550 378 2610 est
428 2542 549 2608 Frater
576 2543 688 2610 noster
712 2543 872 2610 Ananim
899 2562 973 2608 oum
1001 2539 1158 2608 uxoreula

186 2629 315 2696 salvere
335 2637 368 2693 te
388 2628 486 2694 iubet

606 2837 771 2846 m--m—

637 2986 712 3058 ars.

428 3099 680 3192 suasanus
698 3119 915 3190 osuvmo

276 3291 1158 3378 Quidswrrituteipuibostrodetsedmepud

187 3380 571 3549 mendosissimum
586 3379 795 3448 commodum.
829 3379 873 3444 In
892 3399 951 3462 queo
966 3385 1070 3445 temes
1087 3397 1158 3462 apes

147 3667 149 3671 f
188 3637 244 3702 (lx
268 3637 435 3707 autographo
458 3635 639 3692 bibliotheeae
664 3641 802 3706 pastorum
819 3635 1051 3692 Nsoeomonsium.
1086 3636 1157 3706 Eup.

479 3705 579 3760 Farelli
597 3705 686 3760 inscie
706 3703 740 3758 11.
758 3703 795 3758 N.
812 3703 869 3766 23.)

274 3894 472 3960 Dostissimo
499 3901 533 3958 et
558 3891 746 3958 fidelissimo
773 3894 895 3976 pastori
915 3891 1069 3958 wasme
1090 3890 1159 3958 Ge·

187 3980 344 4046 nerensia
364 3978 412 4045 Io.
435 3977 574 4045 Oalrino
595 3979 688 4042 fratri
709 3987 743 4044 et
761 3988 1118 4131 symmystaeGomm

276 4199 312 4267 S.
362 4199 445 4266 Heri
486 4199 590 4266 tribus
633 4199 741 4264 verbis
784 4199 825 4264 ad
868 4209 899 4264 te
943 4220 1001 4282 per
1041 4199 1158 4266 tratres

292 4387 457 4456 bimum
479 4386 677 4456 mdipollteo
700 4387 789 4441 metui
811 4385 1084 4442 Arrestoratearium
1107 4384 1157 4440 ad·

189 4457 289 4542 serints'
305 4461 392 4510 aaut.
421 4455 498 4538 Quos
514 4456 652 4526 sipmfieut
662 4455 767 4522 artas,
785 4471 832 4510 ens
896 4455 1085 4510 mornado
1101 4455 1158 4510 dis·

190 4524 657 4677 Qsi'bi‘rm'mne
679 4592 773 4648 aaut
795 4591 846 4661 aa
867 4609 902 4648 a.
919 4592 1015 4660 mnu
1037 4591 1106 4646 isse
1120 4591 1160 4672 ,a

190 4677 252 4722 uteo
269 4663 370 4731 Mane
389 4667 489 4732 postor
510 4662 580 4730 fosi,
602 4667 701 4731 posteo
724 4660 863 4730 (ἔσπευσε,
887 4666 913 4716 st
934 4677 1012 4731 quem
1028 4661 1160 4729 Haemus

189 4731 391 4798 nusum»,
414 4731 559 4786 Bormiae
580 4747 615 4786 eu
635 4729 814 4798 luserim
833 4730 989 4798 prostadis
1010 4729 1054 4783 οη·

190 4801 269 4869 dieii,
287 4801 344 4856 insa
361 4799 412 4854 boo
433 4805 551 4869 tempore
569 4799 696 4856 Gemens
718 4799 806 4868 fumeo
827 4804 945 4868 oportet,
973 4799 1047 4870 quood
1068 4803 1160 4853 tenea

189 4869 305 4928 wando
320 4884 379 4924 uon
393 4873 506 4924 eonem.

295 4937 325 5002 i)
343 4952 459 5008 primm
653 4943 713 4992 erut
730 4935 870 4991 Pellaeas.

295 5007 440 5074 moino
483 5007 547 5060 'eu
586 5003 1078 5074 meorumsiBoaaoumaadieris.
1107 5003 1159 5062 Ve-

190 5089 255 5133 Μι
271 5087 324 5132 sos
337 5075 474 5198 8⁰0me1
513 5089 558 5129 uss
575 5073 771 5130 mm
786 5089 821 5130 eu
837 5073 1029 5144 amposta,
1047 5075 1083 5140 ot.
1102 5073 1159 5129 Ga·

190 5143 258 5213 ‘¹¹⁶'
277 5144 325 5272 lii
343 5213 504 5278 saum
519 5182 556 5271 ι]
568 5209 676 5266 m
693 5209 737 5265 14.
754 5211 819 5267 rm
836 5212 915 5268 ints.

1207 1515 1285 1584 huie
1306 1515 1419 1582 obesse
1447 1515 1625 1584 debuerim.
1675 1517 1793 1584 Nesoio
1822 1539 1866 1582 an
1892 1517 1993 1584 alium
2020 1540 2040 1586 a
2068 1517 2180 1586 multis

1207 1603 1272 1668 iam
1294 1602 1389 1668 annia
1410 1623 1448 1668 eo
1477 1603 1560 1668 meis
1588 1602 1693 1670 literis
1719 1603 1874 1669 miserim.
1925 1601 2105 1687 Sperabam
2126 1625 2180 1669 me

1207 1710 1275 1754 non
1297 1687 1476 1772 vulgariter
1497 1688 1617 1754 mereri
1639 1687 1679 1754 de
1701 1696 1834 1767 senatu,
1856 1687 1941 1772 quod
1962 1687 2091 1756 viderer
2112 1689 2181 1754 ido-

1207 1795 1306 1838 neum
1329 1773 1456 1853 offerre,
1476 1774 1532 1857 qui
1553 1781 1783 1839 ornamentum
1801 1795 1872 1840 esse
1889 1784 2005 1858 posset,
2028 1775 2180 1858 quamvis

1208 1881 1266 1942 spe
1292 1859 1398 1943 magis
1432 1866 1465 1924 et
1491 1858 1658 1924 nonnullis
1686 1860 1887 1944 argumentis
1915 1859 1963 1924 ita
1992 1861 2180 1946 oolligerem

1208 1965 1307 2027 quam
1328 1950 1416 2010 oerta
1435 1944 1579 2010 seientia
1624 1943 1764 2010 Petebat
1785 1966 1826 2010 ex
1847 1965 1901 2010 me
1922 1945 2106 2024 eonsilium,
2127 1945 2180 2012 oui

1208 2051 1309 2112 quum
1337 2030 1431 2112 inops
1459 2050 1593 2112 prorsus
1620 2029 1682 2094 sim
1710 2029 1795 2095 nihil
1821 2029 1935 2096 habui:
1966 2039 2095 2096 tantum
2118 2029 2179 2098 hoo

1209 2115 1236 2182 si
1257 2115 1340 2180 forte
1361 2115 1560 2180 Lausannae
1581 2135 1681 2199 agens
1702 2115 1792 2181 illine
1813 2123 1923 2198 posset
1944 2115 2052 2182 notior
2073 2115 2180 2182 faetus

1209 2200 1324 2265 maiori
1345 2199 1453 2265 fruetu
1474 2199 1619 2266 Bernam
1640 2201 1736 2266 mitti.
1772 2197 1840 2266 Sed
1860 2201 1913 2267 hio
1933 2199 2086 2286 hyemem
2104 2221 2180 2268 oau-

1208 2295 1303 2354 satur
1323 2295 1454 2370 praeter
1474 2287 1677 2352 tenuitatem.
1712 2285 1855 2352 Gallium
1878 2307 1979 2370 quum
2000 2294 2111 2370 petere
2129 2286 2180 2351 in-

1209 2371 1372 2448 stituorit,
1411 2372 1507 2436 uxori
1540 2371 1625 2436 dixit
1656 2392 1691 2436 se
1727 2377 1891 2454 uteunque
1923 2379 2178 2456 prospecturum.

1209 2456 1289 2522 Istio
1311 2457 1368 2539 qui
1385 2462 1485 2540 egent
1501 2478 1599 2540 quam
1617 2455 1783 2524 commode
1801 2455 1871 2522 liori
1888 2457 2008 2540 poterit
2024 2457 2179 2523 indiount.

1209 2541 1275 2607 Hie
1296 2541 1331 2605 in
1356 2542 1446 2608 saxis
1474 2562 1572 2624 quam
1601 2543 1743 2608 molliter
1770 2543 1951 2626 exeipietur
1977 2543 2055 2609 satis
2081 2548 2180 2626 patet

1210 2626 1364 2694 Christus
1385 2627 1536 2692 omnibus
1554 2626 1647 2693 adsit
1681 2627 1878 2694 Romuseuli
1900 2627 2078 2694 audiuntur
2095 2625 2182 2712 quod

1210 2733 1277 2778 non
1289 2712 1375 2776 laeta
1392 2714 1472 2778 setis
1493 2711 1559 2778 iota
1571 2734 1637 2796 pax
1648 2711 1691 2778 sit
1703 2719 1738 2778 et
1750 2713 1873 2796 aliquid
1895 2713 1962 2778 alat
1976 2713 2126 2790 monstri,
2148 2719 2183 2780 et

1208 2797 1346 2864 haerent
1367 2796 1517 2880 suspensi
1537 2817 1603 2862 non
1625 2799 1730 2882 pauoi.
1774 2797 1900 2864 Verum
1920 2800 2039 2885 exigua
2059 2807 2109 2866 est
2130 2798 2181 2864 vi·

1208 2891 1261 2948 tae
1290 2881 1488 2960 emendatio,
1526 2903 1632 2966 neque
1661 2889 1750 2948 terra
1776 2903 1860 2964 quae
1885 2884 2031 2950 frustum
2059 2885 2182 2950 iustum

1208 2989 1277 3034 non
1298 2965 1395 3044 dedit,
1425 2987 1530 3050 neque
1551 2968 1652 3052 pestis
1672 2987 1754 3050 quae
1775 2987 1836 3034 nos
1856 2969 1997 3036 vieiniue
2018 2967 2180 3048 admonet,

1208 3075 1313 3138 neque
1335 3051 1421 3118 bella
1441 3061 1581 3136 possunt
1601 3073 1660 3118 nos
1680 3073 1814 3118 movere
1835 3059 1874 3117 ut
1894 3055 1980 3118 serio
2002 3051 2044 3118 ad
2065 3053 2180 3120 Domi-

1208 3161 1288 3204 num
1314 3149 1554 3204 convertamur.
1598 3137 1759 3204 Dominus
1787 3137 1923 3203 meliora
1950 3137 2007 3203 det
2034 3139 2181 3204 omnium

1208 3225 1363 3290 innovata
1384 3233 1503 3289 mente.
1537 3223 1621 3289 Vale
1643 3231 1676 3290 ot
1696 3243 1810 3288 omnes
1831 3221 1959 3288 salvere
1980 3222 2064 3288 iube.
2096 3223 2181 3290 Nos-

1208 3311 1252 3376 tri
1273 3309 1411 3376 aalutem
1440 3309 1501 3376 tibi
1528 3309 1648 3375 dieunt
1693 3307 1847 3374 Neoeomi
1869 3313 1919 3375 21.
1943 3307 2058 3376 Ootob.
2087 3311 2180 3374 1544.

1834 3443 1988 3511 Paralius
2008 3455 2092 3511 tuus.

1595 3707 1704 3714 r———u-
1709 3705 1782 3712 ..η-..-

1659 3903 1733 3976 579.

1452 4041 1700 4110 pausatus
1722 4041 1939 4110 ummo.

1296 4214 1493 4297 Diseipliuos
1519 4215 1600 4279 iuter
1630 4213 1745 4296 fratres
1771 4215 1957 4280 ascendas
1987 4213 2180 4296 emptae

1209 4300 1253 4366 od
1280 4301 1421 4368 duasne
1449 4299 1593 4366 eatam
1619 4301 1733 4376 musa,
1761 4299 1860 4365 inuito
1887 4297 2073 4384 capaaao.
2126 4298 2180 4368 Sit

1209 4388 1297 4452 intra
1312 4387 1457 4468 moetos
1471 4386 1611 4467 pesae
1631 4383 1711 4450 dello
1728 4389 1763 4448 ut
1783 4389 1883 4449 entra.

1211 4557 1267 4623 (lix
1291 4553 1459 4624 autographo
1481 4553 1662 4634 bibliothsoss
1684 4557 1824 4635 pastorum
1841 4553 2074 4610 Neooomausium.
2107 4553 2177 4626 unp.

1513 4623 1614 4676 Feralis
1629 4621 1717 4676 lasus
1734 4619 1768 4676 11.
1786 4619 1820 4677 N.
1836 4621 1891 4690 22.)

1212 4731 1412 4740 -.-.-——-——

1228 4793 1509 4856 multamus
1537 4791 1773 4848 somam
1801 4793 1851 4862 qne·
1876 4793 2031 4848 mauis
2057 4791 2180 4848 daneon

1211 4879 1240 4920 aa
1256 4863 1402 4920 minutato
1418 4863 1548 4920 ntdm
1560 4877 1614 4931 per
1631 4862 1768 4917 θωιοαικ
1784 4862 1837 4916 tter
1853 4860 1990 4928 sodoma.

1313 4929 2178 5013 2lA9itardepuodome3'rodoetoquiBmmm

1210 4999 1806 5152 mfflwdfflr.
1823 4998 2060 5148 400?be
2073 4997 2178 5124 att

1210 5141 1294 5196 m
1316 5144 1342 5194 st
1364 5139 1569 5221 dinnao'qaor
1591 5139 1637 5193 boe
1658 5135 1818 5193 mirabel
1839 5141 1907 5191 sau
1929 5135 2066 5190 butem.
2108 5129 2180 5194 Vtar

1210 5215 1303 5265 mon
1318 5223 1359 5278 ep.
1377 5222 1429 5276 atq.
1446 5213 1535 5263 mtto.

1924 5289 1972 5345 ⁴8⁸
