4898 5970
295 321 360 385 739
1064 311 1326 382 EPISTOLAE
1349 307 1414 379 564'
1423 317 1519 379 -567
2225 315 2287 378 ⁷40

294 526 318 571 a
337 505 432 572 novis
452 503 564 570 amicis
583 502 710 588 poterit
742 501 784 568 In
806 521 886 588 quas
903 508 1015 586 partes
1036 507 1076 566 ut
1095 499 1265 568 incumbas
1316 499 1509 586 respondes,
1544 503 1691 588 suspicor
1718 521 1808 569 meas
1840 502 1901 568 tibi
1932 521 1998 568 non
2030 522 2100 568 ease
2133 499 2286 568 redditas

295 590 423 656 hortari
443 599 476 655 te
498 587 709 672 supersedeo,
738 589 814 672 quia
835 589 916 655 satie
942 586 1165 653 voluntarium
1193 607 1265 653 esse
1317 585 1457 654 Summa
1477 587 1541 653 fide
1562 595 1597 654 et
1613 587 1783 672 diligentia
1800 588 1942 654 annixus
1959 607 2033 654 sum
2053 609 2116 672 quo
2132 607 2217 670 puer
2232 585 2288 652 ille

294 674 378 740 mihi
408 676 565 758 persuasi.
617 673 791 740 (laetorum
824 674 893 740 sivo
921 681 1069 739 exmema
1097 673 1265 756 dissipatio
1316 674 1352 738 in
1381 672 1477 739 aedes
1505 673 1629 740 scribae
1656 672 1747 740 urbis
1777 681 1908 740 nostres
1940 673 2146 757 reciperetur.
2201 671 2287 738 Nam

294 761 472 839 immineat,
494 760 574 841 sive,
595 758 682 842 quod
699 759 805 844 magis
826 759 966 825 ominari
987 759 1076 837 libet,
1098 757 1264 823 Dominus
1316 778 1412 824 nemo
1433 765 1484 825 eet
1506 759 1562 841 qni
1582 759 1639 824 illo
1660 760 1775 843 purius
1792 759 1979 844 germanice
2000 759 2129 826 scribat.
2161 759 2286 842 Recep-

294 853 416 912 terram
438 843 602 912 miscendo
621 846 655 910 in
683 844 821 911 coeleste
850 866 946 912 suum
970 865 1110 929 regnum
1132 865 1186 910 eos
1208 843 1265 927 qui
1316 853 1369 909 tus
1390 850 1450 924 est,
1483 843 1540 910 sed
1562 866 1601 910 ea
1621 844 1694 930 lege
1718 851 1757 910 ιιι
1777 866 1837 929 pro
1858 845 1948 911 victu
1969 845 2005 909 in
2027 865 2150 910 annum
2172 864 2286 910 nume·

294 952 382 997 nunc
412 930 549 1015 dispersi
581 933 699 996 misere
727 937 890 1015 vagantur
917 929 1069 1014 colligere
1102 929 1263 1008 statuerit,
1316 949 1387 994 rem
1408 937 1579 996 coronatos
1596 930 1745 996 sedecim.
1789 930 1821 996 A
1841 951 1896 996 me
1918 930 2006 996 enim
2027 951 2093 996 nno
2114 930 2288 1016 pecuniam

293 1015 380 1081 bona
400 1016 466 1082 fide
487 1017 664 1082 amicitiam
689 1017 872 1096 foveamus,
901 1017 993 1083 euius
1022 1023 1265 1081 sacrosanctum
1316 1015 1485 1080 numerari
1512 1015 1632 1092 voluit,
1663 1037 1769 1098 neque
1791 1016 1871 1082 alios
1892 1015 2097 1082 fideiussores
2119 1037 2154 1082 so
2175 1035 2288 1100 recep-

293 1110 344 1166 est
363 1102 541 1169 vinculum.
575 1103 648 1186 Ego
669 1123 773 1167 novas
792 1099 919 1188 tabulas
929 1101 957 1187 ²)
974 1100 1036 1167 hac
1054 1100 1126 1184 lege
1144 1100 1265 1183 recipio
1316 1108 1428 1166 turum
1459 1100 1551 1166 dixit
1606 1100 1778 1168 Obstrinxi
1809 1101 1907 1168 fidem
1949 1121 2056 1167 meam
2087 1101 2189 1168 frctus
2222 1101 2289 1166 tuis

293 1195 328 1252 et
348 1188 492 1254 vicissim
513 1187 683 1272 consigno,
712 1195 751 1252 ut
776 1195 925 1253 veterum
951 1187 1106 1252 memoria
1126 1208 1192 1252 non
1213 1187 1264 1251 in·
1317 1185 1428 1250 literis.
1473 1186 1592 1252 Restat
1614 1207 1692 1272 ergo
1713 1193 1751 1252 ut
1772 1194 1809 1252 tn
1830 1208 1883 1253 me
1904 1186 2030 1254 liberes.
2074 1185 2288 1270 Compar-avit

293 1270 440 1353 teroidat,
462 1295 566 1357 neque
587 1273 668 1339 fidea
690 1291 728 1340 ec
749 1273 843 1357 vigor
865 1273 1040 1339 aboleatur.
1316 1279 1487 1356 praeterea
1516 1271 1618 1338 libros
1650 1272 1711 1338 eibi
1744 1272 1861 1356 quibus
1893 1294 1974 1357 opus
2005 1269 2105 1338 habet
2135 1274 2172 1338 in
2200 1269 2286 1337 ludo.

1317 1357 1468 1422 Pretium
1497 1357 1643 1424 ascendit
1672 1359 1739 1424 lere
1766 1358 1807 1423 ad
1837 1357 1919 1424 duos
1947 1379 2071 1424 aureos.
2115 1357 2188 1422 Iam
2209 1377 2287 1423 vero

1316 1463 1386 1508 mos
1414 1449 1464 1508 est
1492 1441 1580 1526 apud
1615 1451 1742 1510 nostros
1777 1449 1816 1510 ut
1842 1441 2044 1509 dimidiatam
2093 1452 2198 1510 artem
2225 1463 2285 1528 pro

674 1565 878 1574 -·-—--
1316 1528 1405 1594 victu
1427 1527 1664 1596 numerandam
1685 1550 1762 1594 mox
1785 1529 1825 1596 ab
1846 1529 1939 1596 initio
1961 1464 2158 1613 appendant.
2201 1529 2284 1594 Pro-

1315 1612 1392 1678 inde
1413 1613 1478 1679 nisi
1499 1635 1616 1698 parum
1638 1613 1844 1680 commodum
1866 1623 1952 1681 esset
1971 1615 2160 1694 mercatori,
2189 1634 2284 1698 oupe-

1316 1719 1385 1763 rem
1408 1707 1447 1763 ut
1469 1704 1489 1765 8
1512 1709 1682 1767 coronatos
1703 1699 1863 1780 mitteret,
1890 1701 1944 1766 ubi
1969 1699 2099 1768 fidelem
2119 1700 2284 1765 inveniret

742 1799 818 1870 5⁶5.
1315 1785 1474 1850 nuncium
1503 1785 1559 1868 qui
1587 1785 1660 1852 illos
1687 1785 1729 1852 ad
1752 1806 1805 1851 me
1833 1787 2006 1869 perferret,
2034 1805 2197 1852 unacum
2219 1785 2284 1852 illie

1315 1889 1441 1954 qnoque
1468 1871 1614 1953 pecuniis
1642 1891 1722 1954 quas
1746 1893 1806 1956 pro
1834 1871 1925 1937 libris
1952 1869 2048 1938 debet
2069 1870 2284 1938 Froscisocero.

486 1953 820 2022 BULLINGERUS
843 1953 1061 2022 OALVINO.
1314 1955 1491 2020 Caeterum
1512 1977 1583 2021 rem
1605 1957 1749 2022 maxime
1766 1957 1981 2023 necessariam
2002 1957 2118 2024 feceris
2139 1958 2168 2024 si
2185 1977 2285 2042 puero

1314 2040 1491 2124 scripseris,
1515 2041 1702 2126 diligentior
1723 2043 1766 2106 sit
1781 2062 1878 2126 porro
1900 2054 1932 2108 et
1954 2041 2162 2109 tractabilior.
2196 2041 2284 2124 Que-

378 2123 518 2190 Paeam
539 2126 569 2190 ei
589 2126 780 2190 commendat
800 2125 998 2191 Tcriecnaem
1022 2125 1161 2192 Geceocc
1182 2145 1262 2192 emn-
1313 2126 1398 2190 ritur
1419 2125 1525 2192 scriba
1543 2125 1635 2194 urbis
1656 2128 1698 2193 D.
1722 2127 1929 2194 Wernherus
1949 2127 2111 2213 Bypeiius,
2132 2127 2285 2194 dominns

290 2215 494 2276 meratenam.
541 2211 623 2275 Tum
650 2211 688 2276 dc
712 2211 884 2276 Geueveaci
904 2231 1004 2291 pacoro
1024 2211 1131 2276 scibit
1152 2233 1172 2276 a
1193 2210 1263 2279 Oul-
1313 2211 1392 2292 eius,
1409 2233 1547 2296 puerum
1564 2234 1635 2279 esse
1652 2213 1882 2298 negligentem,
1899 2215 2117 2298 praefractum
2134 2221 2168 2279 et
2185 2213 2286 2280 animi

290 2297 362 2362 cino
382 2296 458 2360 olim
479 2295 697 2372 commendato,
720 2316 782 2377 pro
810 2315 869 2378 cieo
894 2297 961 2376 ipse
984 2296 1078 2376 fidem
1099 2297 1263 2363 οὸεινίιιιὶι
1314 2296 1399 2362 elati.
1443 2298 1516 2382 Ego
1538 2319 1598 2382 pro
1621 2320 1692 2364 meo
1714 2299 1819 2364 officio
1839 2299 1932 2364 illum
1954 2298 2109 2364 admonui
2131 2319 2169 2364 ac
2191 2318 2284 2382 spero

290 2380 413 2464 hospiti,
437 2381 487 2445 cici
508 2380 664 2462 lucusque
684 2381 765 2446 nteit
782 2381 915 2447 condicti
930 2383 1027 2464 pretii
1049 2403 1070 2446 c
1085 2383 1182 2464 paeri
1197 2403 1262 2466 pe·
1313 2383 1422 2464 ipsum
1450 2405 1546 2450 aures
1576 2383 1697 2450 habere
1725 2383 1767 2449 ad
1795 2385 1938 2451 consilia
1982 2385 2075 2463 Vale,
2101 2383 2285 2451 doctissimo

290 2471 336 2530 tre
356 2466 492 2531 solutum
509 2471 562 2531 cet.
604 2487 610 2500 ·
1313 2467 1359 2532 mi
1382 2467 1518 2550 Calvino,
1541 2477 1575 2534 et
1595 2491 1648 2534 me
1670 2490 1753 2534 ama.
1797 2468 1952 2536 Salutent
1972 2477 2005 2536 te
2023 2471 2141 2537 fratres
2163 2491 2283 2550 omnes,

1314 2551 1493 2637 Mepcndcr,
1524 2555 1715 2635 Pellicecus,
1745 2554 1940 2636 Bibliander,
1975 2556 2182 2632 anacteos,
2211 2556 2284 2621 Ges·

292 2637 348 2702 (ltx
365 2635 532 2757 anegapsso
544 2635 772 2758 tezzhivsbl'rfflc.
790 2635 1079 2772 Idiffidl'vd'l01trtli9
1102 2637 1167 2691 olim
1190 2637 1260 2708 lieu·
1312 2659 1426 2790 31,th
1452 2641 1548 2792 {garli
1565 2641 1675 2791 ltritius
1705 2641 1864 2792 pffiR
1892 2639 2060 2708 Fabricius
2088 2664 2126 2710 ac
2158 2640 2283 2726 reliqui

520 2741 764 2768 ·’··
1342 2745 1825 2809 rgun.uuanno.

305 2923 307 2926 -
376 2890 565 2957 clarissimo
591 2892 663 2956 viro
688 2891 730 2957 n.
763 2891 880 2957 Ioanni
907 2893 1045 2960 euvino
1076 2893 1170 2959 cetri
1203 2913 1261 2960 suo
1825 2863 1868 2930 H·
1890 2863 2102 2949 Bullinum
2124 2871 2212 2932 tune

289 2977 388 3061 longe
410 2977 577 3044 carissimo

966 3063 1131 3129 Genavae.

1739 3158 1901 3166 ..η-ι...-

375 3199 528 3266 Gratiam
557 3208 590 3266 et
617 3219 729 3283 pacem
755 3219 775 3263 a
801 3197 954 3264 Domino.
1004 3197 1088 3265 Orat
1115 3207 1157 3280 te,
1189 3199 1260 3268 Cei-

160 3299 164 3312 ·
289 3287 358 3351 eine
385 3285 584 3364 doctissime,
611 3286 653 3350 D.
674 3285 834 3350 Erasmus
862 3285 1039 3362 Fabricius,
1054 3287 1079 3359 11)
1105 3286 1259 3352 ecclesiae

288 3385 422 3438 noemae
442 3371 592 3437 minister
619 3371 725 3436 fidelis
751 3377 799 3436 ae'
815 3369 946 3449 doctus,
972 3379 1006 3434 et
1031 3371 1101 3436 eius
1130 3373 1260 3438 nomine
1762 3391 1838 3465 m,

289 3479 350 3542 ego
370 3477 496 3540 quoqne
517 3464 551 3521 te
571 3477 642 3534 oro,
669 3465 707 3520 nt
728 3455 816 3520 hunc
838 3455 943 3520 filium
964 3457 1034 3521 eius
1055 3457 1260 3523 commenda-

289 3553 362 3608 tum
386 3541 515 3607 habeas.
559 3541 708 3607 Manebit
734 3540 821 3624 apud
853 3549 1066 3607 mercatorem
1093 3542 1258 3609 Genevae.
1576 3545 1778 3614 vfflnuus
1800 3547 2017 3616 OAININO.

289 3628 483 3694 Mercatoris
509 3646 630 3692 nomen
663 3625 800 3704 excidit,
836 3625 922 3708 quod
949 3635 1059 3692 tamen
1087 3648 1130 3692 ex
1158 3649 1260 3712 puero

290 3711 414 3780 discere
435 3711 564 3795 poteris.
608 3713 655 3778 Et
675 3731 861 3796 quanquam
891 3709 931 3775 de
952 3709 1009 3778 illo
1037 3713 1119 3778 bene
1141 3723 1259 3798 speret,
1397 3715 1523 3782 Mamili
1539 3737 1643 3783 οοναιιι
1659 3738 1755 3800 qaum
1766 3739 1828 3804 per
1844 3719 1952 3784 literas
1968 3741 2050 3802 quoe
2065 3721 2132 3802 spei
2149 3724 2285 3788 maxime

289 3799 395 3864 voluit
416 3807 528 3864 tamen
545 3797 635 3863 hunc
653 3797 712 3862 tibi
729 3818 855 3880 quoque
872 3796 1102 3862 commendari.
1145 3799 1260 3882 Neque
1312 3803 1399 3868 cordi
1430 3807 1505 3868 aaut
1530 3823 1599 3868 cum
1627 3805 1726 3870 emico
1752 3807 1981 3872 commutticcre.
2034 3805 2220 3873 Novissime
2247 3808 2284 3873 dc

289 3885 454 3969 ingratam
476 3883 562 3966 patri
583 3903 653 3948 rem
675 3883 804 3962 feceris,
832 3883 860 3948 si
888 3881 1058 3947 dominnm
1088 3885 1179 3966 puori
1202 3885 1260 3950 ad·
1314 3887 1504 3957 Castellione.

289 3969 441 4034 hortatus
462 3967 562 4034 fueris
573 3979 611 4033 ut
629 3971 801 4051 bonaerga
821 3967 929 4050 ipsum
941 3968 1005 4034 lide
1022 3977 1141 4034 utatur.
1176 3968 1260 4037 Sen-

289 4057 350 4120 tiet
377 4053 432 4120 ille
462 4061 588 4136 patrem
616 4075 681 4120 non
709 4055 885 4137 ingratum.
934 4053 987 4118 De
1016 4075 1118 4137 puero
1150 4067 1260 4121 autem
1450 4059 1506 4126 (Ex
1525 4059 1693 4130 eumgnpho
1711 4057 1775 4114 cod.
1794 4060 1895 4115 (tenev.
1913 4061 1984 4115 111⁸,
2006 4061 2051 4117 tot
2069 4061 2145 4128 135.)

291 4139 403 4217 Gallo,
433 4161 530 4224 quem
559 4139 642 4204 mihi
669 4138 901 4206 commendasti
927 4139 1032 4204 literis
1060 4140 1126 4205 tuis
1147 4161 1260 4208 mense

290 4225 389 4303 Maio,
411 4225 512 4291 semel
529 4231 562 4291 ot
582 4225 703 4290 iterum
721 4223 888 4309 scripsi:²)
910 4226 1064 4307 quoniam
1082 4247 1159 4291 vero
1176 4227 1261 4292 nihil
1397 4247 1574 4314 carissimo
1602 4245 1696 4312 fratri
1729 4270 1787 4314 guo
1816 4247 1928 4315 loanni
1958 4249 2099 4318 calvino
2127 4251 2282 4319 000105500

293 4383 490 4392 ..ἡ-..-
1313 4333 1516 4400 Geneveneis
1537 4333 1662 4415 pastori
1682 4333 1869 4401 fidelissimo

393 4479 424 4546 ι)
445 4479 518 4534 cae
533 4477 618 4559 ,ιω
642 4478 979 4560 &caementatam
1003 4477 1114 4549 φριω,
1136 4487 1162 4537 ιι
1179 4481 1261 4535 eeu
2032 4421 2198 4488 coaevae.

292 4549 417 4604 cereae
433 4549 571 4602 aetem
589 4549 789 4629 professionem
809 4553 883 4628 puer
903 4549 1002 4628 aare
1015 4549 1146 4630 peluem
1162 4549 1259 4632 enee
1398 4553 1434 4621 S.
1467 4555 1522 4620 Itx
1551 4576 1615 4638 quo
1643 4555 1754 4621 Berua
1781 4556 1900 4636 redii1)
1930 4578 1971 4624 ne
2000 4558 2130 4625 literam
2153 4560 2284 4644 quidem

295 4631 406 4686 “mh
430 4617 463 4672 ‘³‘
486 4633 567 4699 iiim
590 4618 683 4686 “w
707 4618 830 4720 fimi·
847 4631 971 4697 “mim
993 4619 1065 4686 qaod
1083 4620 1260 4674 ‘mmm'
1313 4662 1333 4706 a
1367 4661 1530 4724 quoquam
1559 4640 1770 4708 (lanceatum
1802 4644 1919 4726 accepi.
1971 4644 2047 4710 Scio
2080 4646 2201 4728 quibus
2228 4647 2283 4712 ob-

292 4689 410 4744 'l'abnlae
427 4694 604 4766 partitionum
613 4694 791 4766 oratoriarum
802 4687 937 4740 trccronrs
954 4691 1000 4740 etc,
1020 4688 1093 4754 proed
1109 4706 1135 4742 a
1153 4689 1261 4768 &maor
1393 4729 1399 4742 .
1598 4727 1605 4741 .
1907 4729 1913 4744 .
2026 4731 2033 4745 .
2082 4729 2089 4746 .
2184 4733 2191 4748 .

293 4755 977 4890 ittt'ttttltttffltl‘tt‘mtt
991 4757 1261 4878 tttwm
1313 4725 1641 4879 illllcssltlum
1685 4737 1822 4897 limile,
1835 4739 1969 4880 Ἧι
1992 4729 2284 4900 ”illildlli

339 4865 392 4910 ι,
483 4839 543 4904 ,ιιι
609 4839 659 4904 'ue
703 4839 1067 4906 rancracomcpts'ape.
1630 4863 1639 4891 ‚
2217 4840 2268 4885 8111

293 4893 1261 5030 325.⁸1>e'fflwfflmdffimgnggtssmfflfflffl

294 5031 502 5154 meu
519 5029 1261 5166 “acuuwuuluuouuec
1329 5099 1394 5162 u.
1415 5101 1442 5168 ι)
1531 5099 1727 5155 ,aaa
1750 5115 1811 5156 a,
1834 5105 1932 5156 „a
1948 5099 1983 5156 a
1999 5117 2052 5157 ...ι
2068 5103 2213 5160 „aa
2229 5101 2284 5158 a

295 5180 352 5219 non
367 5167 408 5221 ita
425 5167 476 5220 diu
492 5115 638 5234 genem
654 5117 796 5223 idmplioti
813 5169 888 5223 obiit.
923 5167 980 5236 (Cf.
998 5169 1039 5226 N.
1057 5169 1131 5240 213.)
1312 5169 1425 5224 moenai
1441 5115 1557 5224 actm
1574 5169 1658 5240 deget
1675 5169 1767 5242 aliquio
1781 5171 1812 5225 ia
1828 5187 1910 5226 mm
1927 5171 2014 5226 ῑοσιιιιι
2031 5171 2204 5242 afficiendo.
2238 5170 2281 5240 01.

396 5235 427 5304 ι)
446 5233 623 5300 ceuceu
1316 5239 1405 5294 veen·
1420 5237 1521 5307 aare
1540 5237 1600 5293 oco.
