<?xml version="1.0" encoding="UTF-8"?>
<!DOCTYPE html PUBLIC "-//W3C//DTD XHTML 1.0 Transitional//EN"
    "http://www.w3.org/TR/xhtml1/DTD/xhtml1-transitional.dtd">
<html xmlns="http://www.w3.org/1999/xhtml" xml:lang="en" lang="en">
 <head>
  <title>
</title>
<meta http-equiv="Content-Type" content="text/html;charset=utf-8" />
  <meta name='ocr-system' content='tesseract 3.04.00' />
  <meta name='ocr-capabilities' content='ocr_page ocr_carea ocr_par ocr_line ocrx_word'/>
</head>
<body>
  <div class='ocr_page' id='page_1' title='image "./ioanniscalvinio04reusgoog_0032.png"; bbox 0 0 4942 5982; ppageno 0'>
   <div class='ocr_carea' id='block_1_1' title="bbox 225 327 2233 440">
    <p class='ocr_par' dir='ltr' id='par_1_1' title="bbox 225 327 2233 440">
     <span class='ocr_line' id='line_1_1' title="bbox 225 327 2233 440; baseline 0.004 -22"><span class='ocrx_word' id='word_1_1' title='bbox 225 353 265 418; x_wconf 77' lang='grc'><strong>37</strong></span> <span class='ocrx_word' id='word_1_2' title='bbox 1124 361 1205 421; x_wconf 82' lang='grc'><strong>1540</strong></span> <span class='ocrx_word' id='word_1_3' title='bbox 1228 357 1325 424; x_wconf 76' lang='lat' dir='ltr'><strong>MAL</strong></span> <span class='ocrx_word' id='word_1_4' title='bbox 1806 327 1811 338; x_wconf 46' lang='grc'><strong>’</strong></span> <span class='ocrx_word' id='word_1_5' title='bbox 1926 415 1927 422; x_wconf 71' lang='grc'>,</span> <span class='ocrx_word' id='word_1_6' title='bbox 2190 377 2233 440; x_wconf 76' lang='lat'><strong>33</strong></span> 
     </span>
    </p>
   </div>
   <div class='ocr_carea' id='block_1_2' title="bbox 220 538 2230 1326">
    <p class='ocr_par' dir='ltr' id='par_1_2' title="bbox 220 538 2230 1326">
     <span class='ocr_line' id='line_1_2' title="bbox 220 538 2229 640; baseline 0.008 -32"><span class='ocrx_word' id='word_1_7' title='bbox 220 541 414 608; x_wconf 69' lang='lat' dir='ltr'><strong>muninime</strong></span> <span class='ocrx_word' id='word_1_8' title='bbox 447 541 577 640; x_wconf 37' lang='lat' dir='ltr'><strong>fraer...</strong></span> <span class='ocrx_word' id='word_1_9' title='bbox 612 538 779 606; x_wconf 84' lang='lat' dir='ltr'><strong>Dominus</strong></span> <span class='ocrx_word' id='word_1_10' title='bbox 811 551 843 606; x_wconf 89' lang='lat' dir='ltr'><strong>to</strong></span> <span class='ocrx_word' id='word_1_11' title='bbox 883 539 978 608; x_wconf 91' lang='lat' dir='ltr'><strong>nobis</strong></span> <span class='ocrx_word' id='word_1_12' title='bbox 1016 552 1196 611; x_wconf 86' lang='lat' dir='ltr'><strong>conservet.</strong></span> <span class='ocrx_word' id='word_1_13' title='bbox 1336 547 1389 614; x_wconf 89' lang='lat' dir='ltr'><strong>De</strong></span> <span class='ocrx_word' id='word_1_14' title='bbox 1413 549 1695 618; x_wconf 72' lang='lat' dir='ltr'><strong>concionatoribus</strong></span> <span class='ocrx_word' id='word_1_15' title='bbox 1713 552 1861 620; x_wconf 86' lang='lat' dir='ltr'><strong>nondum</strong></span> <span class='ocrx_word' id='word_1_16' title='bbox 1878 553 1983 620; x_wconf 87' lang='lat' dir='ltr'><strong>audeo</strong></span> <span class='ocrx_word' id='word_1_17' title='bbox 2000 558 2229 640; x_wconf 83' lang='lat' dir='ltr'><strong>pronunciare,</strong></span> 
     </span>
     <span class='ocr_line' id='line_1_3' title="bbox 220 627 2230 718; baseline 0.01 -27"><span class='ocrx_word' id='word_1_18' title='bbox 220 627 398 710; x_wconf 78' lang='lat' dir='ltr'><strong>Argentor.</strong></span> <span class='ocrx_word' id='word_1_19' title='bbox 427 631 474 692; x_wconf 87' lang='grc'><strong>19.</strong></span> <span class='ocrx_word' id='word_1_20' title='bbox 497 627 588 694; x_wconf 77' lang='lat' dir='ltr'><strong>Mun</strong></span> <span class='ocrx_word' id='word_1_21' title='bbox 1250 631 1316 698; x_wconf 89' lang='lat' dir='ltr'><strong>nisi</strong></span> <span class='ocrx_word' id='word_1_22' title='bbox 1347 633 1433 716; x_wconf 90' lang='lat' dir='ltr'><strong>qued</strong></span> <span class='ocrx_word' id='word_1_23' title='bbox 1466 655 1597 718; x_wconf 89' lang='lat' dir='ltr'><strong>semper</strong></span> <span class='ocrx_word' id='word_1_24' title='bbox 1629 637 1734 702; x_wconf 87' lang='lat' dir='ltr'><strong>multa</strong></span> <span class='ocrx_word' id='word_1_25' title='bbox 1765 639 1801 704; x_wconf 94' lang='lat' dir='ltr'><strong>in</strong></span> <span class='ocrx_word' id='word_1_26' title='bbox 1833 639 1900 705; x_wconf 91' lang='lat' dir='ltr'><strong>illis</strong></span> <span class='ocrx_word' id='word_1_27' title='bbox 1932 639 2088 708; x_wconf 90' lang='lat' dir='ltr'><strong>desidero.</strong></span> <span class='ocrx_word' id='word_1_28' title='bbox 2142 643 2230 710; x_wconf 88' lang='lat' dir='ltr'><strong>Nam</strong></span> 
     </span>
     <span class='ocr_line' id='line_1_4' title="bbox 1250 717 2229 811; baseline 0.014 -28"><span class='ocrx_word' id='word_1_29' title='bbox 1250 717 1336 800; x_wconf 89' lang='lat' dir='ltr'><strong>quod</strong></span> <span class='ocrx_word' id='word_1_30' title='bbox 1358 740 1465 784; x_wconf 88' lang='lat' dir='ltr'><strong>meam</strong></span> <span class='ocrx_word' id='word_1_31' title='bbox 1492 720 1534 786; x_wconf 91' lang='lat' dir='ltr'><strong>ad</strong></span> <span class='ocrx_word' id='word_1_32' title='bbox 1562 719 1741 788; x_wconf 83' lang='lat' dir='ltr'><strong>Sedoletum</strong></span> <span class='ocrx_word' id='word_1_33' title='bbox 1768 725 2021 806; x_wconf 89' lang='lat' dir='ltr'><strong>responsionem,</strong></span> <span class='ocrx_word' id='word_1_34' title='bbox 2050 749 2134 811; x_wconf 87' lang='lat' dir='ltr'><strong>quae</strong></span> <span class='ocrx_word' id='word_1_35' title='bbox 2160 729 2229 798; x_wconf 88' lang='lat' dir='ltr'><strong>illio</strong></span> 
     </span>
     <span class='ocr_line' id='line_1_5' title="bbox 1250 801 2228 892; baseline 0.012 -22"><span class='ocrx_word' id='word_1_36' title='bbox 1250 811 1302 870; x_wconf 93' lang='lat' dir='ltr'><strong>est</strong></span> <span class='ocrx_word' id='word_1_37' title='bbox 1323 801 1419 883; x_wconf 88' lang='lat' dir='ltr'><strong>edita,</strong></span> <span class='ocrx_word' id='word_1_38' title='bbox 1430 805 1457 890; x_wconf 86' lang='lat'><strong>²)</strong></span> <span class='ocrx_word' id='word_1_39' title='bbox 1481 826 1540 888; x_wconf 92' lang='lat' dir='ltr'><strong>pro</strong></span> <span class='ocrx_word' id='word_1_40' title='bbox 1562 819 1757 892; x_wconf 89' lang='lat' dir='ltr'><strong>argumento</strong></span> <span class='ocrx_word' id='word_1_41' title='bbox 1779 809 1899 892; x_wconf 82' lang='lat' dir='ltr'><strong>accipis</strong></span> <span class='ocrx_word' id='word_1_42' title='bbox 1921 811 2023 878; x_wconf 89' lang='lat' dir='ltr'><strong>animi</strong></span> <span class='ocrx_word' id='word_1_43' title='bbox 2041 835 2106 880; x_wconf 93' lang='lat' dir='ltr'><strong>non</strong></span> <span class='ocrx_word' id='word_1_44' title='bbox 2124 815 2228 882; x_wconf 87' lang='lat' dir='ltr'><strong>male-</strong></span> 
     </span>
     <span class='ocr_line' id='line_1_6' title="bbox 1250 889 2227 980; baseline 0.014 -26"><span class='ocrx_word' id='word_1_45' title='bbox 1250 889 1325 968; x_wconf 86' lang='lat' dir='ltr'><strong>voli,</strong></span> <span class='ocrx_word' id='word_1_46' title='bbox 1348 891 1382 954; x_wconf 89' lang='lat' dir='ltr'><strong>in</strong></span> <span class='ocrx_word' id='word_1_47' title='bbox 1405 911 1443 956; x_wconf 88' lang='lat' dir='ltr'><strong>ee</strong></span> <span class='ocrx_word' id='word_1_48' title='bbox 1465 891 1597 970; x_wconf 80' lang='lat' dir='ltr'><strong>falleris,</strong></span> <span class='ocrx_word' id='word_1_49' title='bbox 1624 893 1651 956; x_wconf 93' lang='lat' dir='ltr'><strong>si</strong></span> <span class='ocrx_word' id='word_1_50' title='bbox 1679 895 1760 959; x_wconf 91' lang='lat' dir='ltr'><strong>mihi</strong></span> <span class='ocrx_word' id='word_1_51' title='bbox 1790 916 1905 961; x_wconf 90' lang='lat' dir='ltr'><strong>verum</strong></span> <span class='ocrx_word' id='word_1_52' title='bbox 1932 899 2134 980; x_wconf 86' lang='lat' dir='ltr'><strong>scripserunt</strong></span> <span class='ocrx_word' id='word_1_53' title='bbox 2162 901 2227 968; x_wconf 86' lang='lat' dir='ltr'><strong>olii.</strong></span> 
     </span>
     <span class='ocr_line' id='line_1_7' title="bbox 1249 973 2227 1065; baseline 0.014 -27"><span class='ocrx_word' id='word_1_54' title='bbox 1249 973 1446 1040; x_wconf 87' lang='lat' dir='ltr'><strong>Indicarunt</strong></span> <span class='ocrx_word' id='word_1_55' title='bbox 1463 977 1552 1042; x_wconf 90' lang='lat' dir='ltr'><strong>enim</strong></span> <span class='ocrx_word' id='word_1_56' title='bbox 1574 979 1772 1065; x_wconf 64' lang='lat' dir='ltr'><strong>restitissoss)</strong></span> <span class='ocrx_word' id='word_1_57' title='bbox 1794 981 1901 1064; x_wconf 86' lang='lat' dir='ltr'><strong>quoad</strong></span> <span class='ocrx_word' id='word_1_58' title='bbox 1923 981 1958 1045; x_wconf 94' lang='lat' dir='ltr'><strong>in</strong></span> <span class='ocrx_word' id='word_1_59' title='bbox 1981 1005 2016 1048; x_wconf 91' lang='lat' dir='ltr'><strong>se</strong></span> <span class='ocrx_word' id='word_1_60' title='bbox 2037 985 2108 1064; x_wconf 88' lang='lat' dir='ltr'><strong>luit,</strong></span> <span class='ocrx_word' id='word_1_61' title='bbox 2131 1007 2227 1052; x_wconf 90' lang='lat' dir='ltr'><strong>sena·</strong></span> 
     </span>
     <span class='ocr_line' id='line_1_8' title="bbox 1249 1061 2228 1168; baseline 0.014 -44"><span class='ocrx_word' id='word_1_62' title='bbox 1249 1071 1321 1126; x_wconf 91' lang='lat' dir='ltr'><strong>tum</strong></span> <span class='ocrx_word' id='word_1_63' title='bbox 1344 1081 1421 1126; x_wconf 86' lang='lat' dir='ltr'><strong>voro</strong></span> <span class='ocrx_word' id='word_1_64' title='bbox 1442 1061 1556 1161; x_wconf 81' lang='lat' dir='ltr'><strong>invitis</strong></span> <span class='ocrx_word' id='word_1_65' title='bbox 1578 1063 1644 1129; x_wconf 92' lang='lat' dir='ltr'><strong>illis</strong></span> <span class='ocrx_word' id='word_1_66' title='bbox 1666 1067 1873 1166; x_wconf 75' lang='lat' dir='ltr'><strong>concessisse.</strong></span> <span class='ocrx_word' id='word_1_67' title='bbox 1912 1065 2124 1168; x_wconf 35' lang='lat' dir='ltr'><strong>&#39;Quanquam</strong></span> <span class='ocrx_word' id='word_1_68' title='bbox 2145 1069 2228 1138; x_wconf 90' lang='lat' dir='ltr'><strong>illud</strong></span> 
     </span>
     <span class='ocr_line' id='line_1_9' title="bbox 672 1149 2228 1326; baseline 0.019 -46"><span class='ocrx_word' id='word_1_69' title='bbox 672 1209 746 1280; x_wconf 78' lang='grc' dir='ltr'>ιιι.</span> <span class='ocrx_word' id='word_1_70' title='bbox 1250 1149 2228 1326; x_wconf 55' lang='grc' dir='ltr'>Εῗᾞιῗιιωιῖἰῗιέ“ξιῖιῖἓῖἓὲιὲἓιὲιῖῗὲἔοέὲῗιὲέιὲῗέι</span> 
     </span>
    </p>
   </div>
   <div class='ocr_carea' id='block_1_3' title="bbox 464 1317 2226 1494">
    <p class='ocr_par' dir='ltr' id='par_1_3' title="bbox 464 1317 2226 1494">
     <span class='ocr_line' id='line_1_10' title="bbox 464 1317 2226 1417; baseline -0.001 -24"><span class='ocrx_word' id='word_1_71' title='bbox 464 1348 491 1414; x_wconf 81' lang='lat'>0</span> <span class='ocrx_word' id='word_1_72' title='bbox 494 1347 698 1416; x_wconf 61' lang='lat' dir='ltr'><strong>31,leoe</strong></span> <span class='ocrx_word' id='word_1_73' title='bbox 720 1345 951 1413; x_wconf 43' lang='lat' dir='ltr'><strong>FARELLO·</strong></span> <span class='ocrx_word' id='word_1_74' title='bbox 1250 1319 1446 1417; x_wconf 76' lang='lat' dir='ltr'><strong>praeripere.</strong></span> <span class='ocrx_word' id='word_1_75' title='bbox 1491 1317 1777 1400; x_wconf 80' lang='lat' dir='ltr'><strong>Quemadmodum</strong></span> <span class='ocrx_word' id='word_1_76' title='bbox 1807 1324 1895 1388; x_wconf 91' lang='lat' dir='ltr'><strong>enim</strong></span> <span class='ocrx_word' id='word_1_77' title='bbox 1916 1345 1990 1390; x_wconf 86' lang='lat' dir='ltr'><strong>mea</strong></span> <span class='ocrx_word' id='word_1_78' title='bbox 2011 1325 2095 1390; x_wconf 89' lang='lat' dir='ltr'><strong>nihil</strong></span> <span class='ocrx_word' id='word_1_79' title='bbox 2117 1329 2226 1408; x_wconf 87' lang='lat' dir='ltr'><strong>refert,</strong></span> 
     </span>
     <span class='ocr_line' id='line_1_11' title="bbox 1249 1411 2226 1494; baseline 0.011 -27"><span class='ocrx_word' id='word_1_80' title='bbox 1249 1413 1296 1468; x_wconf 82' lang='grc' dir='ltr'><strong>ιιι</strong></span> <span class='ocrx_word' id='word_1_81' title='bbox 1317 1424 1453 1470; x_wconf 80' lang='lat' dir='ltr'><strong>minime</strong></span> <span class='ocrx_word' id='word_1_82' title='bbox 1475 1425 1553 1470; x_wconf 93' lang='lat' dir='ltr'><strong>curo</strong></span> <span class='ocrx_word' id='word_1_83' title='bbox 1571 1427 1629 1488; x_wconf 89' lang='lat' dir='ltr'><strong>per</strong></span> <span class='ocrx_word' id='word_1_84' title='bbox 1646 1428 1743 1489; x_wconf 89' lang='lat' dir='ltr'><strong>quem</strong></span> <span class='ocrx_word' id='word_1_85' title='bbox 1761 1415 1878 1492; x_wconf 83' lang='lat' dir='ltr'><strong>agatur</strong></span> <span class='ocrx_word' id='word_1_86' title='bbox 1895 1411 2063 1494; x_wconf 88' lang='lat' dir='ltr'><strong>negotium</strong></span> <span class='ocrx_word' id='word_1_87' title='bbox 2081 1412 2226 1494; x_wconf 79' lang='lat' dir='ltr'><strong>Domini,</strong></span> 
     </span>
    </p>
   </div>
   <div class='ocr_carea' id='block_1_4' title="bbox 309 1488 2228 1605">
    <p class='ocr_par' dir='ltr' id='par_1_4' title="bbox 309 1488 2228 1605">
     <span class='ocr_line' id='line_1_12' title="bbox 309 1488 2228 1605; baseline 0 -39"><span class='ocrx_word' id='word_1_88' title='bbox 309 1520 453 1586; x_wconf 61' lang='lat' dir='ltr'><strong>Gema,</strong></span> <span class='ocrx_word' id='word_1_89' title='bbox 471 1539 522 1586; x_wconf 51' lang='grc' dir='ltr'><strong>ης</strong></span> <span class='ocrx_word' id='word_1_90' title='bbox 543 1523 578 1585; x_wconf 79' lang='lat'><strong>,·„</strong></span> <span class='ocrx_word' id='word_1_91' title='bbox 598 1519 712 1586; x_wconf 53' lang='lat' dir='ltr'><strong>megin,</strong></span> <span class='ocrx_word' id='word_1_92' title='bbox 732 1523 811 1586; x_wconf 61' lang='lat' dir='ltr'><strong>vm,-</strong></span> <span class='ocrx_word' id='word_1_93' title='bbox 830 1521 952 1605; x_wconf 49' lang='lat' dir='ltr'><strong>mdes,</strong></span> <span class='ocrx_word' id='word_1_94' title='bbox 975 1518 1074 1584; x_wconf 54' lang='lat' dir='ltr'><strong>mapa</strong></span> <span class='ocrx_word' id='word_1_95' title='bbox 1095 1523 1197 1584; x_wconf 58' lang='lat' dir='ltr'><strong>pamm</strong></span> <span class='ocrx_word' id='word_1_96' title='bbox 1249 1488 1346 1554; x_wconf 91' lang='lat' dir='ltr'><strong>medo</strong></span> <span class='ocrx_word' id='word_1_97' title='bbox 1379 1488 1462 1556; x_wconf 88' lang='lat' dir='ltr'><strong>bone</strong></span> <span class='ocrx_word' id='word_1_98' title='bbox 1494 1497 1622 1574; x_wconf 83' lang='lat' dir='ltr'><strong>agatur.</strong></span> <span class='ocrx_word' id='word_1_99' title='bbox 1672 1490 1740 1558; x_wconf 82' lang='lat' dir='ltr'><strong>Sed</strong></span> <span class='ocrx_word' id='word_1_100' title='bbox 1766 1493 1802 1558; x_wconf 95' lang='lat' dir='ltr'><strong>in</strong></span> <span class='ocrx_word' id='word_1_101' title='bbox 1830 1493 1893 1560; x_wconf 91' lang='lat' dir='ltr'><strong>hec</strong></span> <span class='ocrx_word' id='word_1_102' title='bbox 1919 1495 2042 1562; x_wconf 88' lang='lat' dir='ltr'><strong>seilicet</strong></span> <span class='ocrx_word' id='word_1_103' title='bbox 2068 1497 2228 1566; x_wconf 86' lang='lat' dir='ltr'><strong>falluntur</strong></span> 
     </span>
    </p>
   </div>
   <div class='ocr_carea' id='block_1_5' title="bbox 217 1573 2228 2119">
    <p class='ocr_par' dir='ltr' id='par_1_5' title="bbox 217 1573 2228 2119">
     <span class='ocr_line' id='line_1_13' title="bbox 218 1573 2226 1690; baseline 0.006 -52"><span class='ocrx_word' id='word_1_104' title='bbox 218 1606 321 1674; x_wconf 56' lang='lat' dir='ltr'><strong>adm</strong></span> <span class='ocrx_word' id='word_1_105' title='bbox 331 1627 396 1671; x_wconf 60' lang='lat'><strong>333,</strong></span> <span class='ocrx_word' id='word_1_106' title='bbox 417 1606 560 1688; x_wconf 58' lang='lat' dir='ltr'><strong>affirma,</strong></span> <span class='ocrx_word' id='word_1_107' title='bbox 580 1627 660 1690; x_wconf 60' lang='lat' dir='ltr'><strong>qm</strong></span> <span class='ocrx_word' id='word_1_108' title='bbox 680 1607 832 1672; x_wconf 52' lang='lat' dir='ltr'><strong><em>desideret</em></strong></span> <span class='ocrx_word' id='word_1_109' title='bbox 849 1607 967 1688; x_wconf 58' lang='lat' dir='ltr'><strong>albeis</strong></span> <span class='ocrx_word' id='word_1_110' title='bbox 999 1606 1196 1683; x_wconf 47' lang='lat' dir='ltr'><strong><em>damam</em></strong></span> <span class='ocrx_word' id='word_1_111' title='bbox 1249 1573 1672 1677; x_wconf 77' lang='lat' dir='ltr'><strong>quodsinqaliencauxilio</strong></span> <span class='ocrx_word' id='word_1_112' title='bbox 1690 1579 1840 1644; x_wconf 86' lang='lat' dir='ltr'><strong>sufficere</strong></span> <span class='ocrx_word' id='word_1_113' title='bbox 1857 1601 1892 1646; x_wconf 92' lang='lat' dir='ltr'><strong>se</strong></span> <span class='ocrx_word' id='word_1_114' title='bbox 1910 1601 2006 1663; x_wconf 89' lang='lat' dir='ltr'><strong>posse</strong></span> <span class='ocrx_word' id='word_1_115' title='bbox 2024 1583 2226 1666; x_wconf 87' lang='lat' dir='ltr'><strong>existimant,</strong></span> 
     </span>
     <span class='ocr_line' id='line_1_14' title="bbox 218 1657 2228 1772; baseline 0.015 -66"><span class='ocrx_word' id='word_1_116' title='bbox 218 1693 358 1758; x_wconf 60' lang='lat' dir='ltr'><strong>mm</strong></span> <span class='ocrx_word' id='word_1_117' title='bbox 378 1692 409 1756; x_wconf 57' lang='lat' dir='ltr'><strong>si</strong></span> <span class='ocrx_word' id='word_1_118' title='bbox 427 1691 701 1758; x_wconf 59' lang='lat' dir='ltr'><strong><em>Fareuumsimul</em></strong></span> <span class='ocrx_word' id='word_1_119' title='bbox 716 1711 858 1758; x_wconf 58' lang='lat' dir='ltr'><strong><em>revocare</em></strong></span> <span class='ocrx_word' id='word_1_120' title='bbox 874 1657 1022 1768; x_wconf 42' lang='lat' dir='ltr'><strong>mmm,</strong></span> <span class='ocrx_word' id='word_1_121' title='bbox 1045 1709 1078 1754; x_wconf 59' lang='lat'><strong>33</strong></span> <span class='ocrx_word' id='word_1_122' title='bbox 1095 1711 1195 1772; x_wconf 52' lang='lat' dir='ltr'><strong>usqu,</strong></span> <span class='ocrx_word' id='word_1_123' title='bbox 1249 1681 1349 1760; x_wconf 76' lang='lat' dir='ltr'><strong>quum</strong></span> <span class='ocrx_word' id='word_1_124' title='bbox 1367 1684 1440 1760; x_wconf 33' lang='lat' dir='ltr'><strong>‚vax</strong></span> <span class='ocrx_word' id='word_1_125' title='bbox 1473 1661 1524 1761; x_wconf 79' lang='lat' dir='ltr'><strong>ad⁸</strong></span> <span class='ocrx_word' id='word_1_126' title='bbox 1554 1661 1725 1728; x_wconf 81' lang='lat' dir='ltr'><strong>drmrdrum</strong></span> <span class='ocrx_word' id='word_1_127' title='bbox 1758 1665 1900 1748; x_wconf 88' lang='lat' dir='ltr'><strong>spatium</strong></span> <span class='ocrx_word' id='word_1_128' title='bbox 1934 1670 2126 1749; x_wconf 83' lang='lat' dir='ltr'><strong>perventuri</strong></span> <span class='ocrx_word' id='word_1_129' title='bbox 2159 1671 2228 1738; x_wconf 89' lang='lat' dir='ltr'><strong>eint</strong></span> 
     </span>
     <span class='ocr_line' id='line_1_15' title="bbox 219 1746 2227 1860; baseline 0.005 -49"><span class='ocrx_word' id='word_1_130' title='bbox 219 1779 394 1844; x_wconf 40' lang='lat' dir='ltr'><em>abbam·</em></span> <span class='ocrx_word' id='word_1_131' title='bbox 441 1779 520 1860; x_wconf 52' lang='lat' dir='ltr'><strong>Qui,</strong></span> <span class='ocrx_word' id='word_1_132' title='bbox 548 1779 651 1843; x_wconf 52' lang='lat' dir='ltr'><strong>exitu,</strong></span> <span class='ocrx_word' id='word_1_133' title='bbox 675 1779 773 1860; x_wconf 55' lang='lat' dir='ltr'><strong>sm</strong></span> <span class='ocrx_word' id='word_1_134' title='bbox 800 1783 963 1845; x_wconf 56' lang='lat' dir='ltr'><strong>cmm,</strong></span> <span class='ocrx_word' id='word_1_135' title='bbox 994 1777 1197 1842; x_wconf 54' lang='lat' dir='ltr'><strong>Smquoeq</strong></span> <span class='ocrx_word' id='word_1_136' title='bbox 1249 1755 1376 1812; x_wconf 78' lang='lat' dir='ltr'><strong>etiamsi</strong></span> <span class='ocrx_word' id='word_1_137' title='bbox 1394 1767 1414 1811; x_wconf 91' lang='lat' dir='ltr'><strong>a</strong></span> <span class='ocrx_word' id='word_1_138' title='bbox 1432 1746 1544 1813; x_wconf 78' lang='lat' dir='ltr'><strong>multis</strong></span> <span class='ocrx_word' id='word_1_139' title='bbox 1562 1748 1770 1816; x_wconf 83' lang='lat' dir='ltr'><strong>adiuventur.</strong></span> <span class='ocrx_word' id='word_1_140' title='bbox 1809 1747 1905 1832; x_wconf 92' lang='lat' dir='ltr'><strong>Quod</strong></span> <span class='ocrx_word' id='word_1_141' title='bbox 1923 1772 2052 1836; x_wconf 83' lang='lat' dir='ltr'><strong>sempor</strong></span> <span class='ocrx_word' id='word_1_142' title='bbox 2069 1753 2150 1834; x_wconf 91' lang='lat' dir='ltr'><strong>dieo,</strong></span> <span class='ocrx_word' id='word_1_143' title='bbox 2173 1777 2227 1822; x_wconf 88' lang='lat' dir='ltr'><strong>me</strong></span> 
     </span>
     <span class='ocr_line' id='line_1_16' title="bbox 218 1831 2226 1946; baseline 0.006 -51"><span class='ocrx_word' id='word_1_144' title='bbox 218 1870 246 1932; x_wconf 61' lang='lat' dir='ltr'><strong><em>d</em></strong></span> <span class='ocrx_word' id='word_1_145' title='bbox 264 1864 372 1946; x_wconf 57' lang='lat' dir='ltr'><strong>qualis</strong></span> <span class='ocrx_word' id='word_1_146' title='bbox 388 1868 488 1928; x_wconf 53' lang='lat' dir='ltr'><strong><em>status</em></strong></span> <span class='ocrx_word' id='word_1_147' title='bbox 504 1883 609 1929; x_wconf 63' lang='lat' dir='ltr'><strong>mm</strong></span> <span class='ocrx_word' id='word_1_148' title='bbox 626 1869 766 1946; x_wconf 59' lang='lat' dir='ltr'><strong>mmm</strong></span> <span class='ocrx_word' id='word_1_149' title='bbox 781 1865 978 1944; x_wconf 51' lang='lat' dir='ltr'><strong>pugg-mm</strong></span> <span class='ocrx_word' id='word_1_150' title='bbox 995 1864 1193 1945; x_wconf 43' lang='lat' dir='ltr'><strong><em>mmmm·</em></strong></span> <span class='ocrx_word' id='word_1_151' title='bbox 1248 1831 1290 1896; x_wconf 88' lang='lat' dir='ltr'><strong>ad</strong></span> <span class='ocrx_word' id='word_1_152' title='bbox 1303 1832 1414 1930; x_wconf 30' lang='lat' dir='ltr'><strong>‘solum</strong></span> <span class='ocrx_word' id='word_1_153' title='bbox 1431 1834 1647 1899; x_wconf 86' lang='lat' dir='ltr'><strong>revocationis</strong></span> <span class='ocrx_word' id='word_1_154' title='bbox 1664 1834 1811 1900; x_wconf 87' lang='lat' dir='ltr'><strong>auditum</strong></span> <span class='ocrx_word' id='word_1_155' title='bbox 1829 1835 2017 1916; x_wconf 85' lang='lat' dir='ltr'><strong>exhorrere,</strong></span> <span class='ocrx_word' id='word_1_156' title='bbox 2039 1839 2130 1906; x_wconf 92' lang='lat' dir='ltr'><strong>ineo</strong></span> <span class='ocrx_word' id='word_1_157' title='bbox 2152 1839 2226 1923; x_wconf 82' lang='lat' dir='ltr'><strong>plus</strong></span> 
     </span>
     <span class='ocr_line' id='line_1_17' title="bbox 218 1919 2226 2034; baseline 0.006 -51"><span class='ocrx_word' id='word_1_158' title='bbox 218 1951 500 2034; x_wconf 57' lang='lat' dir='ltr'><strong>Aryemrmqa</strong></span> <span class='ocrx_word' id='word_1_159' title='bbox 527 1971 624 2030; x_wconf 57' lang='grc' dir='ltr'><strong>ΡΜ</strong></span> <span class='ocrx_word' id='word_1_160' title='bbox 655 1950 788 2031; x_wconf 53' lang='lat' dir='ltr'><strong>explicat</strong></span> <span class='ocrx_word' id='word_1_161' title='bbox 829 1950 990 2032; x_wconf 56' lang='lat' dir='ltr'><strong>Spem-agn,</strong></span> <span class='ocrx_word' id='word_1_162' title='bbox 1018 1969 1077 2032; x_wconf 64' lang='lat' dir='ltr'><strong>quo</strong></span> <span class='ocrx_word' id='word_1_163' title='bbox 1106 1949 1194 2013; x_wconf 66' lang='lat' dir='ltr'><em>modo</em></span> <span class='ocrx_word' id='word_1_164' title='bbox 1248 1927 1329 1984; x_wconf 77' lang='lat' dir='ltr'><strong>eatis</strong></span> <span class='ocrx_word' id='word_1_165' title='bbox 1351 1940 1470 1984; x_wconf 85' lang='lat' dir='ltr'><strong>causae</strong></span> <span class='ocrx_word' id='word_1_166' title='bbox 1490 1941 1543 1984; x_wconf 90' lang='lat' dir='ltr'><strong>me</strong></span> <span class='ocrx_word' id='word_1_167' title='bbox 1565 1919 1802 2019; x_wconf 28' lang='lat' dir='ltr'><strong>haberetnosti.</strong></span> <span class='ocrx_word' id='word_1_168' title='bbox 1848 1923 1961 2006; x_wconf 88' lang='lat' dir='ltr'><strong>Neque</strong></span> <span class='ocrx_word' id='word_1_169' title='bbox 1979 1944 2057 1990; x_wconf 84' lang='lat' dir='ltr'><strong>vero</strong></span> <span class='ocrx_word' id='word_1_170' title='bbox 2074 1924 2155 1990; x_wconf 91' lang='lat' dir='ltr'><strong>illud</strong></span> <span class='ocrx_word' id='word_1_171' title='bbox 2172 1947 2226 1996; x_wconf 84' lang='lat' dir='ltr'><strong>ma</strong></span> 
     </span>
     <span class='ocr_line' id='line_1_18' title="bbox 217 2000 2226 2119; baseline 0.002 -45"><span class='ocrx_word' id='word_1_172' title='bbox 217 2039 287 2119; x_wconf 60' lang='lat' dir='ltr'><strong>,qm</strong></span> <span class='ocrx_word' id='word_1_173' title='bbox 315 2055 425 2101; x_wconf 59' lang='lat' dir='ltr'><strong>,mnae</strong></span> <span class='ocrx_word' id='word_1_174' title='bbox 449 2035 648 2102; x_wconf 54' lang='lat' dir='ltr'><strong>celebranda,</strong></span> <span class='ocrx_word' id='word_1_175' title='bbox 676 2000 892 2117; x_wconf 47' lang='lat' dir='ltr'><strong>consessionem</strong></span> <span class='ocrx_word' id='word_1_176' title='bbox 926 2035 1082 2116; x_wconf 49' lang='lat' dir='ltr'><strong>aliquam,</strong></span> <span class='ocrx_word' id='word_1_177' title='bbox 1116 2053 1194 2099; x_wconf 60' lang='lat' dir='ltr'><strong>,ane</strong></span> <span class='ocrx_word' id='word_1_178' title='bbox 1248 2003 1355 2070; x_wconf 88' lang='lat' dir='ltr'><strong>solnm</strong></span> <span class='ocrx_word' id='word_1_179' title='bbox 1366 2013 1469 2070; x_wconf 88' lang='lat' dir='ltr'><strong>terret</strong></span> <span class='ocrx_word' id='word_1_180' title='bbox 1479 2003 1564 2088; x_wconf 91' lang='lat' dir='ltr'><strong>quod</strong></span> <span class='ocrx_word' id='word_1_181' title='bbox 1578 2016 1610 2070; x_wconf 88' lang='lat' dir='ltr'><strong>te</strong></span> <span class='ocrx_word' id='word_1_182' title='bbox 1621 2007 1833 2090; x_wconf 81' lang='lat' dir='ltr'><strong>pertrnoeitcr</strong></span> <span class='ocrx_word' id='word_1_183' title='bbox 1850 2017 2017 2074; x_wconf 84' lang='lat' dir='ltr'><strong>recusant:</strong></span> <span class='ocrx_word' id='word_1_184' title='bbox 2037 2031 2226 2095; x_wconf 88' lang='lat' dir='ltr'><strong>quanquam</strong></span> 
     </span>
    </p>
   </div>
   <div class='ocr_carea' id='block_1_6' title="bbox 217 2090 2226 2260">
    <p class='ocr_par' dir='ltr' id='par_1_6' title="bbox 217 2090 2226 2260">
     <span class='ocr_line' id='line_1_19' title="bbox 217 2090 2226 2205; baseline 0.009 -58"><span class='ocrx_word' id='word_1_185' title='bbox 217 2143 282 2189; x_wconf 64' lang='lat' dir='ltr'><strong><em>m</em></strong></span> <span class='ocrx_word' id='word_1_186' title='bbox 297 2123 497 2205; x_wconf 43' lang='lat' dir='ltr'><strong>papini-cam,</strong></span> <span class='ocrx_word' id='word_1_187' title='bbox 513 2123 713 2202; x_wconf 52' lang='lat' dir='ltr'><strong><em>Praemium</em></strong></span> <span class='ocrx_word' id='word_1_188' title='bbox 731 2123 906 2201; x_wconf 49' lang='lat' dir='ltr'><strong>instituerit,</strong></span> <span class='ocrx_word' id='word_1_189' title='bbox 928 2126 1012 2186; x_wconf 53' lang='lat' dir='ltr'><strong>,adq</strong></span> <span class='ocrx_word' id='word_1_190' title='bbox 1247 2090 1352 2156; x_wconf 85' lang='lat' dir='ltr'><strong>fateor</strong></span> <span class='ocrx_word' id='word_1_191' title='bbox 1373 2090 1456 2154; x_wconf 91' lang='lat' dir='ltr'><strong>mihi</strong></span> <span class='ocrx_word' id='word_1_192' title='bbox 1478 2111 1643 2156; x_wconf 88' lang='lat' dir='ltr'><strong>summum</strong></span> <span class='ocrx_word' id='word_1_193' title='bbox 1665 2113 1745 2158; x_wconf 80' lang='lat' dir='ltr'><strong>esse</strong></span> <span class='ocrx_word' id='word_1_194' title='bbox 1797 2091 1865 2160; x_wconf 82' lang='lat' dir='ltr'><strong>Sed</strong></span> <span class='ocrx_word' id='word_1_195' title='bbox 1885 2093 1990 2158; x_wconf 86' lang='lat' dir='ltr'><strong>multa</strong></span> <span class='ocrx_word' id='word_1_196' title='bbox 2013 2116 2139 2180; x_wconf 91' lang='lat' dir='ltr'><strong>quoque</strong></span> <span class='ocrx_word' id='word_1_197' title='bbox 2161 2097 2226 2197; x_wconf 76' lang='lat' dir='ltr'><strong>alia</strong></span> 
     </span>
     <span class='ocr_line' id='line_1_20' title="bbox 1247 2182 2225 2260; baseline 0.012 -20"><span class='ocrx_word' id='word_1_198' title='bbox 1247 2183 1326 2240; x_wconf 88' lang='lat' dir='ltr'><strong>sunt</strong></span> <span class='ocrx_word' id='word_1_199' title='bbox 1346 2196 1430 2258; x_wconf 87' lang='lat' dir='ltr'><strong>quae</strong></span> <span class='ocrx_word' id='word_1_200' title='bbox 1453 2195 1513 2241; x_wconf 89' lang='lat' dir='ltr'><strong>nee</strong></span> <span class='ocrx_word' id='word_1_201' title='bbox 1534 2197 1790 2244; x_wconf 85' lang='lat' dir='ltr'><strong>commemorare</strong></span> <span class='ocrx_word' id='word_1_202' title='bbox 1815 2199 1949 2245; x_wconf 90' lang='lat' dir='ltr'><strong>necesse</strong></span> <span class='ocrx_word' id='word_1_203' title='bbox 1970 2189 2029 2260; x_wconf 91' lang='lat' dir='ltr'><strong>cst,</strong></span> <span class='ocrx_word' id='word_1_204' title='bbox 2052 2194 2086 2246; x_wconf 86' lang='lat' dir='ltr'><strong>et</strong></span> <span class='ocrx_word' id='word_1_205' title='bbox 2106 2182 2225 2252; x_wconf 77' lang='lat' dir='ltr'><strong>molius</strong></span> 
     </span>
    </p>
   </div>
   <div class='ocr_carea' id='block_1_7' title="bbox 215 2261 2225 2484">
    <p class='ocr_par' dir='ltr' id='par_1_7' title="bbox 215 2261 2225 2484">
     <span class='ocr_line' id='line_1_21' title="bbox 217 2261 2225 2384; baseline 0.002 -38"><span class='ocrx_word' id='word_1_206' title='bbox 217 2293 276 2358; x_wconf 76' lang='lat' dir='ltr'><strong>(Ex</strong></span> <span class='ocrx_word' id='word_1_207' title='bbox 293 2293 462 2374; x_wconf 80' lang='lat' dir='ltr'><strong>autographo</strong></span> <span class='ocrx_word' id='word_1_208' title='bbox 480 2291 545 2346; x_wconf 87' lang='lat' dir='ltr'><strong>Ood.</strong></span> <span class='ocrx_word' id='word_1_209' title='bbox 565 2291 666 2346; x_wconf 79' lang='lat' dir='ltr'><strong>Gener.</strong></span> <span class='ocrx_word' id='word_1_210' title='bbox 684 2291 742 2354; x_wconf 87' lang='grc'><strong>106,</strong></span> <span class='ocrx_word' id='word_1_211' title='bbox 767 2292 813 2345; x_wconf 79' lang='lat' dir='ltr'><strong>iol.</strong></span> <span class='ocrx_word' id='word_1_212' title='bbox 830 2291 873 2356; x_wconf 83' lang='lat'><strong>39,</strong></span> <span class='ocrx_word' id='word_1_213' title='bbox 892 2293 952 2346; x_wconf 88' lang='lat' dir='ltr'><strong>ooll.</strong></span> <span class='ocrx_word' id='word_1_214' title='bbox 976 2307 1037 2345; x_wconf 93' lang='lat' dir='ltr'><strong>cnm</strong></span> <span class='ocrx_word' id='word_1_215' title='bbox 1055 2293 1193 2384; x_wconf 82' lang='lat' dir='ltr'><strong>exempla·</strong></span> <span class='ocrx_word' id='word_1_216' title='bbox 1247 2261 1283 2324; x_wconf 70' lang='lat' dir='ltr'><strong>ln</strong></span> <span class='ocrx_word' id='word_1_217' title='bbox 1312 2269 1405 2360; x_wconf 47' lang='lat' dir='ltr'><strong>lpum</strong></span> <span class='ocrx_word' id='word_1_218' title='bbox 1434 2261 1613 2362; x_wconf 51' lang='lat' dir='ltr'><strong>adlenlum</strong></span> <span class='ocrx_word' id='word_1_219' title='bbox 1641 2262 1843 2364; x_wconf 44' lang='lat' dir='ltr'><strong>dlffflfqnmf·</strong></span> <span class='ocrx_word' id='word_1_220' title='bbox 1889 2261 1963 2346; x_wconf 72' lang='lat' dir='ltr'><strong>Quo</strong></span> <span class='ocrx_word' id='word_1_221' title='bbox 1991 2265 2120 2366; x_wconf 55' lang='lat' dir='ltr'><strong>lqnglus</strong></span> <span class='ocrx_word' id='word_1_222' title='bbox 2148 2289 2225 2352; x_wconf 81' lang='lat' dir='ltr'><strong>pro·</strong></span> 
     </span>
     <span class='ocr_line' id='line_1_22' title="bbox 215 2345 2224 2484; baseline 0.001 -68"><span class='ocrx_word' id='word_1_223' title='bbox 215 2363 293 2416; x_wconf 74' lang='lat' dir='ltr'><strong>nens</strong></span> <span class='ocrx_word' id='word_1_224' title='bbox 311 2363 508 2416; x_wconf 67' lang='lat' dir='ltr'><strong>munoribus</strong></span> <span class='ocrx_word' id='word_1_225' title='bbox 526 2361 589 2416; x_wconf 80' lang='lat' dir='ltr'><strong>cod.</strong></span> <span class='ocrx_word' id='word_1_226' title='bbox 611 2361 711 2416; x_wconf 79' lang='lat' dir='ltr'><strong>Gener.</strong></span> <span class='ocrx_word' id='word_1_227' title='bbox 733 2360 791 2428; x_wconf 85' lang='lat'><strong>111,</strong></span> <span class='ocrx_word' id='word_1_228' title='bbox 810 2359 908 2424; x_wconf 80' lang='lat' dir='ltr'><strong>fol.33.</strong></span> <span class='ocrx_word' id='word_1_229' title='bbox 928 2362 1101 2416; x_wconf 71' lang='lat' dir='ltr'><strong>arannem.</strong></span> <span class='ocrx_word' id='word_1_230' title='bbox 1123 2362 1193 2484; x_wconf 72' lang='lat' dir='ltr'><strong>lapq.</strong></span> <span class='ocrx_word' id='word_1_231' title='bbox 1246 2345 1385 2430; x_wconf 79' lang='lat' dir='ltr'><strong>gradior,</strong></span> <span class='ocrx_word' id='word_1_232' title='bbox 1412 2368 1450 2414; x_wconf 96' lang='lat' dir='ltr'><strong>eo</strong></span> <span class='ocrx_word' id='word_1_233' title='bbox 1472 2347 1593 2414; x_wconf 79' lang='lat' dir='ltr'><strong>elarius</strong></span> <span class='ocrx_word' id='word_1_234' title='bbox 1615 2371 1777 2431; x_wconf 78' lang='lat' dir='ltr'><strong>conspicio</strong></span> <span class='ocrx_word' id='word_1_235' title='bbox 1800 2371 1818 2416; x_wconf 92' lang='lat' dir='ltr'><strong>e</strong></span> <span class='ocrx_word' id='word_1_236' title='bbox 1840 2371 1905 2433; x_wconf 90' lang='lat' dir='ltr'><strong>quo</strong></span> <span class='ocrx_word' id='word_1_237' title='bbox 1927 2361 2057 2436; x_wconf 74' lang='lat' dir='ltr'><strong>gurgite</strong></span> <span class='ocrx_word' id='word_1_238' title='bbox 2080 2374 2131 2418; x_wconf 88' lang='lat' dir='ltr'><strong>mo</strong></span> <span class='ocrx_word' id='word_1_239' title='bbox 2152 2355 2224 2420; x_wconf 91' lang='lat' dir='ltr'><strong>Do-</strong></span> 
     </span>
    </p>
   </div>
   <div class='ocr_carea' id='block_1_8' title="bbox 206 2429 2225 5092">
    <p class='ocr_par' dir='ltr' id='par_1_8' title="bbox 206 2429 2225 5092">
     <span class='ocr_line' id='line_1_23' title="bbox 217 2429 2224 2522; baseline 0.002 -22"><span class='ocrx_word' id='word_1_240' title='bbox 217 2431 277 2488; x_wconf 80' lang='lat' dir='ltr'><strong>Vfl·</strong></span> <span class='ocrx_word' id='word_1_241' title='bbox 295 2449 322 2500; x_wconf 79' lang='grc' dir='ltr'><strong>Ρ·</strong></span> <span class='ocrx_word' id='word_1_242' title='bbox 340 2429 399 2498; x_wconf 71' lang='lat'><strong>352,</strong></span> <span class='ocrx_word' id='word_1_243' title='bbox 419 2431 526 2486; x_wconf 57' lang='lat' dir='ltr'><strong>Simlff·</strong></span> <span class='ocrx_word' id='word_1_244' title='bbox 546 2430 608 2484; x_wconf 85' lang='lat' dir='ltr'><strong>Vol.</strong></span> <span class='ocrx_word' id='word_1_245' title='bbox 625 2429 674 2512; x_wconf 37' lang='lat'>48..</span> <span class='ocrx_word' id='word_1_246' title='bbox 689 2459 719 2512; x_wconf 79' lang='grc'><strong>-,</strong></span> <span class='ocrx_word' id='word_1_247' title='bbox 738 2431 852 2500; x_wconf 57' lang='lat' dir='ltr'><strong>Malim</strong></span> <span class='ocrx_word' id='word_1_248' title='bbox 869 2429 969 2500; x_wconf 80' lang='lat' dir='ltr'><strong>legitur</strong></span> <span class='ocrx_word' id='word_1_249' title='bbox 994 2432 1012 2484; x_wconf 85' lang='lat'><strong>¹·</strong></span> <span class='ocrx_word' id='word_1_250' title='bbox 1030 2432 1047 2484; x_wconf 88' lang='lat' dir='ltr'><strong>l.</strong></span> <span class='ocrx_word' id='word_1_251' title='bbox 1072 2432 1148 2486; x_wconf 81' lang='lat' dir='ltr'><strong>&#39;lom</strong></span> <span class='ocrx_word' id='word_1_252' title='bbox 1188 2471 1193 2484; x_wconf 93' lang='lat'><em>·</em></span> <span class='ocrx_word' id='word_1_253' title='bbox 1246 2433 1521 2500; x_wconf 87' lang='lat' dir='ltr'><strong>minusliberarit.</strong></span> <span class='ocrx_word' id='word_1_254' title='bbox 1664 2433 1765 2500; x_wconf 90' lang='lat' dir='ltr'><strong>Hune</strong></span> <span class='ocrx_word' id='word_1_255' title='bbox 1776 2435 1902 2500; x_wconf 79' lang='lat' dir='ltr'><strong>exitum</strong></span> <span class='ocrx_word' id='word_1_256' title='bbox 1914 2435 2028 2502; x_wconf 88' lang='lat' dir='ltr'><strong>habuit</strong></span> <span class='ocrx_word' id='word_1_257' title='bbox 2038 2439 2224 2522; x_wconf 86' lang='lat' dir='ltr'><strong>principum</strong></span> 
     </span>
     <span class='ocr_line' id='line_1_24' title="bbox 458 2497 2225 2608; baseline 0.006 -25"><span class='ocrx_word' id='word_1_258' title='bbox 458 2516 486 2568; x_wconf 79' lang='grc' dir='ltr'><strong>Ρ·</strong></span> <span class='ocrx_word' id='word_1_259' title='bbox 504 2497 562 2552; x_wconf 75' lang='lat'>¹⁵4·</span> <span class='ocrx_word' id='word_1_260' title='bbox 589 2499 735 2569; x_wconf 66' lang='lat' dir='ltr'><strong>1⁰⁸⁰¹¹Pl¹⁰</strong></span> <span class='ocrx_word' id='word_1_261' title='bbox 753 2499 827 2553; x_wconf 70' lang='lat'><strong>”⁰¹¹⁸</strong></span> <span class='ocrx_word' id='word_1_262' title='bbox 845 2499 944 2566; x_wconf 76' lang='lat' dir='ltr'><strong>adest.)</strong></span> <span class='ocrx_word' id='word_1_263' title='bbox 1247 2526 1280 2583; x_wconf 92' lang='lat' dir='ltr'><strong>et</strong></span> <span class='ocrx_word' id='word_1_264' title='bbox 1297 2519 1469 2584; x_wconf 88' lang='lat' dir='ltr'><strong>civitatum</strong></span> <span class='ocrx_word' id='word_1_265' title='bbox 1488 2528 1678 2586; x_wconf 85' lang='lat' dir='ltr'><strong>conventus.</strong></span> <span class='ocrx_word' id='word_1_266' title='bbox 1686 2523 1715 2600; x_wconf 84' lang='lat'><strong>⁴)</strong></span> <span class='ocrx_word' id='word_1_267' title='bbox 1756 2519 1867 2602; x_wconf 86' lang='lat' dir='ltr'><strong>Quum</strong></span> <span class='ocrx_word' id='word_1_268' title='bbox 1880 2542 1914 2588; x_wconf 90' lang='lat' dir='ltr'><strong>se</strong></span> <span class='ocrx_word' id='word_1_269' title='bbox 1927 2520 1968 2588; x_wconf 91' lang='lat' dir='ltr'><strong>ad</strong></span> <span class='ocrx_word' id='word_1_270' title='bbox 1979 2543 2093 2590; x_wconf 89' lang='lat' dir='ltr'><strong>omnes</strong></span> <span class='ocrx_word' id='word_1_271' title='bbox 2104 2545 2225 2608; x_wconf 87' lang='lat' dir='ltr'><strong>aequas</strong></span> 
     </span>
     <span class='ocr_line' id='line_1_25' title="bbox 1246 2603 2225 2694; baseline 0.008 -24"><span class='ocrx_word' id='word_1_272' title='bbox 1246 2603 1449 2672; x_wconf 86' lang='lat' dir='ltr'><strong>conditiones</strong></span> <span class='ocrx_word' id='word_1_273' title='bbox 1471 2605 1673 2683; x_wconf 88' lang='lat' dir='ltr'><strong>obtulissent,</strong></span> <span class='ocrx_word' id='word_1_274' title='bbox 1703 2606 1798 2672; x_wconf 90' lang='lat' dir='ltr'><strong>modo</strong></span> <span class='ocrx_word' id='word_1_275' title='bbox 1831 2605 1949 2672; x_wconf 83' lang='lat' dir='ltr'><strong>Cacsar</strong></span> <span class='ocrx_word' id='word_1_276' title='bbox 1971 2609 2073 2675; x_wconf 87' lang='lat' dir='ltr'><strong>totius</strong></span> <span class='ocrx_word' id='word_1_277' title='bbox 2095 2611 2225 2694; x_wconf 90' lang='lat' dir='ltr'><strong>imperii</strong></span> 
     </span>
     <span class='ocr_line' id='line_1_26' title="bbox 302 2686 2223 2780; baseline 0.005 -26"><span class='ocrx_word' id='word_1_278' title='bbox 302 2687 400 2770; x_wconf 86' lang='lat' dir='ltr'><strong>Quod</strong></span> <span class='ocrx_word' id='word_1_279' title='bbox 417 2689 477 2754; x_wconf 89' lang='lat' dir='ltr'><strong>tibi</strong></span> <span class='ocrx_word' id='word_1_280' title='bbox 494 2710 601 2773; x_wconf 91' lang='lat' dir='ltr'><strong>nuper</strong></span> <span class='ocrx_word' id='word_1_281' title='bbox 618 2689 744 2754; x_wconf 86' lang='lat' dir='ltr'><strong>fueram</strong></span> <span class='ocrx_word' id='word_1_282' title='bbox 761 2687 934 2771; x_wconf 88' lang='lat' dir='ltr'><strong>pollicitus,</strong></span> <span class='ocrx_word' id='word_1_283' title='bbox 958 2707 1011 2754; x_wconf 91' lang='lat' dir='ltr'><strong>me</strong></span> <span class='ocrx_word' id='word_1_284' title='bbox 1033 2686 1193 2754; x_wconf 87' lang='lat' dir='ltr'><strong>derebus</strong></span> <span class='ocrx_word' id='word_1_285' title='bbox 1246 2688 1410 2773; x_wconf 80' lang='lat' dir='ltr'><strong>synodum</strong></span> <span class='ocrx_word' id='word_1_286' title='bbox 1431 2699 1634 2770; x_wconf 81' lang='lat' dir='ltr'><strong>convocaret,</strong></span> <span class='ocrx_word' id='word_1_287' title='bbox 1665 2693 1855 2776; x_wconf 88' lang='lat' dir='ltr'><strong>ambiguum</strong></span> <span class='ocrx_word' id='word_1_288' title='bbox 1878 2713 2069 2774; x_wconf 88' lang='lat' dir='ltr'><strong>responsum</strong></span> <span class='ocrx_word' id='word_1_289' title='bbox 2091 2716 2223 2780; x_wconf 87' lang='lat' dir='ltr'><strong>accepe-</strong></span> 
     </span>
     <span class='ocr_line' id='line_1_27' title="bbox 213 2771 2224 2864; baseline 0.004 -22"><span class='ocrx_word' id='word_1_290' title='bbox 213 2773 369 2842; x_wconf 85' lang='lat' dir='ltr'><strong>omnibus</strong></span> <span class='ocrx_word' id='word_1_291' title='bbox 396 2775 524 2858; x_wconf 81' lang='lat' dir='ltr'><strong>prolixe</strong></span> <span class='ocrx_word' id='word_1_292' title='bbox 555 2773 613 2840; x_wconf 87' lang='lat' dir='ltr'><strong>tibi</strong></span> <span class='ocrx_word' id='word_1_293' title='bbox 645 2773 860 2858; x_wconf 89' lang='lat' dir='ltr'><strong>scripturum,</strong></span> <span class='ocrx_word' id='word_1_294' title='bbox 892 2775 927 2838; x_wconf 92' lang='lat' dir='ltr'><strong>in</strong></span> <span class='ocrx_word' id='word_1_295' title='bbox 958 2795 997 2838; x_wconf 89' lang='lat' dir='ltr'><strong>eo</strong></span> <span class='ocrx_word' id='word_1_296' title='bbox 1029 2781 1067 2836; x_wconf 89' lang='lat' dir='ltr'><strong>ut</strong></span> <span class='ocrx_word' id='word_1_297' title='bbox 1093 2771 1193 2838; x_wconf 83' lang='lat' dir='ltr'><strong>fldem</strong></span> <span class='ocrx_word' id='word_1_298' title='bbox 1245 2775 1370 2860; x_wconf 63' lang='lat' dir='ltr'><strong>ronst)</strong></span> <span class='ocrx_word' id='word_1_299' title='bbox 1409 2775 1550 2842; x_wconf 75' lang='lat' dir='ltr'><strong>Interim</strong></span> <span class='ocrx_word' id='word_1_300' title='bbox 1575 2775 1693 2843; x_wconf 78' lang='lat' dir='ltr'><strong>caesar</strong></span> <span class='ocrx_word' id='word_1_301' title='bbox 1714 2777 1755 2844; x_wconf 90' lang='lat' dir='ltr'><strong>ab</strong></span> <span class='ocrx_word' id='word_1_302' title='bbox 1774 2777 1970 2844; x_wconf 84' lang='lat' dir='ltr'><strong>adversariis</strong></span> <span class='ocrx_word' id='word_1_303' title='bbox 1993 2779 2147 2864; x_wconf 91' lang='lat' dir='ltr'><strong>intelligit</strong></span> <span class='ocrx_word' id='word_1_304' title='bbox 2168 2803 2224 2850; x_wconf 85' lang='lat' dir='ltr'><strong>eos</strong></span> 
     </span>
     <span class='ocr_line' id='line_1_28' title="bbox 213 2849 2223 2944; baseline 0.003 -17"><span class='ocrx_word' id='word_1_305' title='bbox 213 2882 324 2927; x_wconf 86' lang='lat' dir='ltr'><strong>meam</strong></span> <span class='ocrx_word' id='word_1_306' title='bbox 347 2849 457 2944; x_wconf 89' lang='lat' dir='ltr'><strong>aliqua</strong></span> <span class='ocrx_word' id='word_1_307' title='bbox 478 2861 595 2926; x_wconf 88' lang='lat' dir='ltr'><strong>saltem</strong></span> <span class='ocrx_word' id='word_1_308' title='bbox 616 2883 659 2926; x_wconf 82' lang='lat' dir='ltr'><strong>ex</strong></span> <span class='ocrx_word' id='word_1_309' title='bbox 681 2869 772 2942; x_wconf 85' lang='lat' dir='ltr'><strong>purte</strong></span> <span class='ocrx_word' id='word_1_310' title='bbox 794 2859 939 2938; x_wconf 90' lang='lat' dir='ltr'><strong>liberem,</strong></span> <span class='ocrx_word' id='word_1_311' title='bbox 971 2868 1076 2924; x_wconf 86' lang='lat' dir='ltr'><strong>totum</strong></span> <span class='ocrx_word' id='word_1_312' title='bbox 1104 2857 1192 2925; x_wconf 90' lang='lat' dir='ltr'><strong>hunc</strong></span> <span class='ocrx_word' id='word_1_313' title='bbox 1246 2883 1288 2925; x_wconf 91' lang='lat' dir='ltr'><strong>ne</strong></span> <span class='ocrx_word' id='word_1_314' title='bbox 1310 2859 1376 2943; x_wconf 95' lang='lat' dir='ltr'><strong>pilo</strong></span> <span class='ocrx_word' id='word_1_315' title='bbox 1398 2860 1528 2943; x_wconf 89' lang='lat' dir='ltr'><strong>quidum</strong></span> <span class='ocrx_word' id='word_1_316' title='bbox 1551 2883 1700 2928; x_wconf 89' lang='lat' dir='ltr'><strong>cessuros</strong></span> <span class='ocrx_word' id='word_1_317' title='bbox 1723 2863 1895 2944; x_wconf 86' lang='lat' dir='ltr'><strong>sententie,</strong></span> <span class='ocrx_word' id='word_1_318' title='bbox 1923 2863 1982 2930; x_wconf 94' lang='lat' dir='ltr'><strong>sed</strong></span> <span class='ocrx_word' id='word_1_319' title='bbox 2004 2873 2130 2932; x_wconf 89' lang='lat' dir='ltr'><strong>tentare</strong></span> <span class='ocrx_word' id='word_1_320' title='bbox 2152 2869 2223 2934; x_wconf 84' lang='lat' dir='ltr'><strong>vias</strong></span> 
     </span>
     <span class='ocr_line' id='line_1_29' title="bbox 216 2943 2222 3036; baseline 0.003 -23"><span class='ocrx_word' id='word_1_321' title='bbox 216 2945 305 3013; x_wconf 89' lang='lat' dir='ltr'><strong>diem</strong></span> <span class='ocrx_word' id='word_1_322' title='bbox 328 2947 388 3014; x_wconf 92' lang='lat' dir='ltr'><strong>tibi</strong></span> <span class='ocrx_word' id='word_1_323' title='bbox 421 2947 593 3014; x_wconf 76' lang='lat' dir='ltr'><strong>destinavi.</strong></span> <span class='ocrx_word' id='word_1_324' title='bbox 648 2943 795 3012; x_wconf 80' lang='lat' dir='ltr'><strong>Habebis</strong></span> <span class='ocrx_word' id='word_1_325' title='bbox 823 2947 925 3030; x_wconf 89' lang='lat' dir='ltr'><strong>igitur</strong></span> <span class='ocrx_word' id='word_1_326' title='bbox 951 2945 1066 3027; x_wconf 88' lang='lat' dir='ltr'><strong>plenas</strong></span> <span class='ocrx_word' id='word_1_327' title='bbox 1095 2952 1192 3026; x_wconf 90' lang='lat' dir='ltr'><strong>atque</strong></span> <span class='ocrx_word' id='word_1_328' title='bbox 1245 2968 1358 3012; x_wconf 90' lang='lat' dir='ltr'><strong>omnes</strong></span> <span class='ocrx_word' id='word_1_329' title='bbox 1380 2945 1497 3029; x_wconf 91' lang='lat' dir='ltr'><strong>quibus</strong></span> <span class='ocrx_word' id='word_1_330' title='bbox 1519 2947 1600 3012; x_wconf 86' lang='lat' dir='ltr'><strong>alios</strong></span> <span class='ocrx_word' id='word_1_331' title='bbox 1618 2949 1652 3012; x_wconf 92' lang='lat' dir='ltr'><strong>in</strong></span> <span class='ocrx_word' id='word_1_332' title='bbox 1670 2961 1781 3031; x_wconf 87' lang='lat' dir='ltr'><strong>partes</strong></span> <span class='ocrx_word' id='word_1_333' title='bbox 1801 2969 1877 3014; x_wconf 90' lang='lat' dir='ltr'><strong>suas</strong></span> <span class='ocrx_word' id='word_1_334' title='bbox 1895 2951 2096 3032; x_wconf 89' lang='lat' dir='ltr'><strong>pertrahant.</strong></span> <span class='ocrx_word' id='word_1_335' title='bbox 2130 2953 2222 3036; x_wconf 82' lang='lat' dir='ltr'><strong>Ergo</strong></span> 
     </span>
     <span class='ocr_line' id='line_1_30' title="bbox 212 3030 2223 3120; baseline 0.002 -20"><span class='ocrx_word' id='word_1_336' title='bbox 212 3033 417 3118; x_wconf 88' lang='lat' dir='ltr'><strong>ponderosas</strong></span> <span class='ocrx_word' id='word_1_337' title='bbox 434 3033 556 3112; x_wconf 88' lang='lat' dir='ltr'><strong>literas,</strong></span> <span class='ocrx_word' id='word_1_338' title='bbox 577 3033 643 3098; x_wconf 91' lang='lat' dir='ltr'><strong>nisi</strong></span> <span class='ocrx_word' id='word_1_339' title='bbox 660 3031 1192 3115; x_wconf 83' lang='lat' dir='ltr'><strong>qualortenegotiaexinsperate</strong></span> <span class='ocrx_word' id='word_1_340' title='bbox 1245 3034 1403 3098; x_wconf 87' lang='lat' dir='ltr'><strong>rationem</strong></span> <span class='ocrx_word' id='word_1_341' title='bbox 1426 3033 1590 3116; x_wconf 78' lang='lat' dir='ltr'><strong>excogitat</strong></span> <span class='ocrx_word' id='word_1_342' title='bbox 1619 3054 1683 3116; x_wconf 89' lang='lat' dir='ltr'><strong>qua</strong></span> <span class='ocrx_word' id='word_1_343' title='bbox 1705 3035 1852 3118; x_wconf 91' lang='lat' dir='ltr'><strong>utrisque</strong></span> <span class='ocrx_word' id='word_1_344' title='bbox 1874 3035 2062 3114; x_wconf 80' lang='lat' dir='ltr'><strong>satisfaciat,</strong></span> <span class='ocrx_word' id='word_1_345' title='bbox 2085 3030 2223 3120; x_wconf 86' lang='lat' dir='ltr'><strong>papistis</strong></span> 
     </span>
     <span class='ocr_line' id='line_1_31' title="bbox 212 3115 2223 3203; baseline 0.001 -17"><span class='ocrx_word' id='word_1_346' title='bbox 212 3139 269 3186; x_wconf 86' lang='lat' dir='ltr'><strong>me</strong></span> <span class='ocrx_word' id='word_1_347' title='bbox 297 3119 560 3203; x_wconf 88' lang='lat' dir='ltr'><strong>interpellabunt</strong></span> <span class='ocrx_word' id='word_1_348' title='bbox 603 3117 656 3184; x_wconf 92' lang='lat' dir='ltr'><strong>De</strong></span> <span class='ocrx_word' id='word_1_349' title='bbox 685 3125 774 3184; x_wconf 90' lang='lat' dir='ltr'><strong>statu</strong></span> <span class='ocrx_word' id='word_1_350' title='bbox 801 3117 955 3184; x_wconf 89' lang='lat' dir='ltr'><strong>ecelesiae</strong></span> <span class='ocrx_word' id='word_1_351' title='bbox 984 3115 1191 3183; x_wconf 80' lang='lat' dir='ltr'><strong>Genevensis</strong></span> <span class='ocrx_word' id='word_1_352' title='bbox 1244 3118 1368 3186; x_wconf 90' lang='lat' dir='ltr'><strong>scilieet</strong></span> <span class='ocrx_word' id='word_1_353' title='bbox 1389 3140 1427 3185; x_wconf 92' lang='lat' dir='ltr'><strong>ac</strong></span> <span class='ocrx_word' id='word_1_354' title='bbox 1449 3119 1578 3184; x_wconf 85' lang='lat' dir='ltr'><strong>nostris.</strong></span> <span class='ocrx_word' id='word_1_355' title='bbox 1624 3117 1792 3184; x_wconf 85' lang='lat' dir='ltr'><strong>Subornat</strong></span> <span class='ocrx_word' id='word_1_356' title='bbox 1821 3119 2067 3186; x_wconf 61' lang='lat' dir='ltr'><strong>&amp;ancillatam</strong></span> <span class='ocrx_word' id='word_1_357' title='bbox 2094 3123 2223 3190; x_wconf 88' lang='lat' dir='ltr'><strong>cancel·</strong></span> 
     </span>
     <span class='ocr_line' id='line_1_32' title="bbox 212 3201 2222 3290; baseline 0.002 -20"><span class='ocrx_word' id='word_1_358' title='bbox 212 3205 319 3271; x_wconf 88' lang='lat' dir='ltr'><strong>fnsins</strong></span> <span class='ocrx_word' id='word_1_359' title='bbox 340 3225 451 3272; x_wconf 89' lang='lat' dir='ltr'><strong>coram</strong></span> <span class='ocrx_word' id='word_1_360' title='bbox 470 3206 667 3271; x_wconf 87' lang='lat' dir='ltr'><strong>disseremus</strong></span> <span class='ocrx_word' id='word_1_361' title='bbox 684 3204 741 3269; x_wconf 92' lang='lat' dir='ltr'><strong>ubi</strong></span> <span class='ocrx_word' id='word_1_362' title='bbox 758 3203 823 3269; x_wconf 92' lang='lat' dir='ltr'><strong>huc</strong></span> <span class='ocrx_word' id='word_1_363' title='bbox 840 3203 984 3269; x_wconf 85' lang='lat' dir='ltr'><strong>veneris:</strong></span> <span class='ocrx_word' id='word_1_364' title='bbox 1007 3201 1090 3266; x_wconf 87' lang='lat' dir='ltr'><strong>mihi</strong></span> <span class='ocrx_word' id='word_1_365' title='bbox 1112 3223 1191 3268; x_wconf 88' lang='lat' dir='ltr'><strong>sane</strong></span> <span class='ocrx_word' id='word_1_366' title='bbox 1243 3205 1364 3270; x_wconf 90' lang='lat' dir='ltr'><strong>larium</strong></span> <span class='ocrx_word' id='word_1_367' title='bbox 1386 3213 1421 3271; x_wconf 91' lang='lat' dir='ltr'><strong>et</strong></span> <span class='ocrx_word' id='word_1_368' title='bbox 1442 3203 1522 3270; x_wconf 91' lang='lat' dir='ltr'><strong>duos</strong></span> <span class='ocrx_word' id='word_1_369' title='bbox 1550 3203 1683 3270; x_wconf 83' lang='lat' dir='ltr'><strong>comites</strong></span> <span class='ocrx_word' id='word_1_370' title='bbox 1693 3206 1721 3285; x_wconf 83' lang='lat'><strong>⁸)</strong></span> <span class='ocrx_word' id='word_1_371' title='bbox 1750 3205 1807 3285; x_wconf 88' lang='lat' dir='ltr'><strong>qui</strong></span> <span class='ocrx_word' id='word_1_372' title='bbox 1834 3226 1906 3272; x_wconf 90' lang='lat' dir='ltr'><strong>sese</strong></span> <span class='ocrx_word' id='word_1_373' title='bbox 1934 3215 2091 3290; x_wconf 89' lang='lat' dir='ltr'><strong>tanquam</strong></span> <span class='ocrx_word' id='word_1_374' title='bbox 2119 3210 2222 3274; x_wconf 84' lang='lat' dir='ltr'><strong>inter·</strong></span> 
     </span>
     <span class='ocr_line' id='line_1_33' title="bbox 212 3287 2220 3375; baseline 0.001 -19"><span class='ocrx_word' id='word_1_375' title='bbox 212 3291 440 3374; x_wconf 83' lang='lat' dir='ltr'><strong>periucundus</strong></span> <span class='ocrx_word' id='word_1_376' title='bbox 449 3292 512 3358; x_wconf 84' lang='lat' dir='ltr'><strong>fuit</strong></span> <span class='ocrx_word' id='word_1_377' title='bbox 521 3291 578 3356; x_wconf 92' lang='lat' dir='ltr'><strong>ille</strong></span> <span class='ocrx_word' id='word_1_378' title='bbox 593 3290 743 3369; x_wconf 90' lang='lat' dir='ltr'><strong>nuncius,</strong></span> <span class='ocrx_word' id='word_1_379' title='bbox 761 3310 863 3372; x_wconf 92' lang='lat' dir='ltr'><strong>quum</strong></span> <span class='ocrx_word' id='word_1_380' title='bbox 881 3288 1029 3356; x_wconf 79' lang='lat' dir='ltr'><strong>audirem</strong></span> <span class='ocrx_word' id='word_1_381' title='bbox 1045 3287 1191 3371; x_wconf 90' lang='lat' dir='ltr'><strong>qualem·</strong></span> <span class='ocrx_word' id='word_1_382' title='bbox 1227 3311 1388 3370; x_wconf 62' lang='lat' dir='ltr'><strong>vcessores</strong></span> <span class='ocrx_word' id='word_1_383' title='bbox 1411 3293 1572 3375; x_wconf 86' lang='lat' dir='ltr'><strong>ingerant,</strong></span> <span class='ocrx_word' id='word_1_384' title='bbox 1606 3311 1644 3356; x_wconf 89' lang='lat' dir='ltr'><strong>ae</strong></span> <span class='ocrx_word' id='word_1_385' title='bbox 1666 3299 1852 3354; x_wconf 89' lang='lat' dir='ltr'><strong>nostrorum</strong></span> <span class='ocrx_word' id='word_1_386' title='bbox 1876 3292 2001 3356; x_wconf 91' lang='lat' dir='ltr'><strong>animos</strong></span> <span class='ocrx_word' id='word_1_387' title='bbox 2023 3301 2220 3375; x_wconf 82' lang='lat' dir='ltr'><strong>pertentent,</strong></span> 
     </span>
     <span class='ocr_line' id='line_1_34' title="bbox 212 3373 2222 3462; baseline 0.001 -18"><span class='ocrx_word' id='word_1_388' title='bbox 212 3398 343 3459; x_wconf 90' lang='lat' dir='ltr'><strong>cnnquc</strong></span> <span class='ocrx_word' id='word_1_389' title='bbox 364 3379 465 3444; x_wconf 89' lang='lat' dir='ltr'><strong>finem</strong></span> <span class='ocrx_word' id='word_1_390' title='bbox 486 3375 657 3444; x_wconf 89' lang='lat' dir='ltr'><strong>discordiis</strong></span> <span class='ocrx_word' id='word_1_391' title='bbox 677 3395 715 3440; x_wconf 91' lang='lat' dir='ltr'><strong>ac</strong></span> <span class='ocrx_word' id='word_1_392' title='bbox 736 3375 998 3442; x_wconf 86' lang='lat' dir='ltr'><strong>contentionibus</strong></span> <span class='ocrx_word' id='word_1_393' title='bbox 1028 3396 1099 3442; x_wconf 87' lang='lat' dir='ltr'><strong>esse</strong></span> <span class='ocrx_word' id='word_1_394' title='bbox 1128 3375 1190 3440; x_wconf 88' lang='lat' dir='ltr'><strong>im·</strong></span> <span class='ocrx_word' id='word_1_395' title='bbox 1244 3399 1309 3461; x_wconf 90' lang='lat' dir='ltr'><strong>quo</strong></span> <span class='ocrx_word' id='word_1_396' title='bbox 1335 3377 1464 3460; x_wconf 83' lang='lat' dir='ltr'><strong>possint</strong></span> <span class='ocrx_word' id='word_1_397' title='bbox 1487 3375 1606 3442; x_wconf 90' lang='lat' dir='ltr'><strong>melius</strong></span> <span class='ocrx_word' id='word_1_398' title='bbox 1630 3373 1760 3442; x_wconf 85' lang='lat' dir='ltr'><strong>Gcescri</strong></span> <span class='ocrx_word' id='word_1_399' title='bbox 1788 3373 1953 3460; x_wconf 83' lang='lat' dir='ltr'><strong>explicare</strong></span> <span class='ocrx_word' id='word_1_400' title='bbox 1982 3385 2016 3442; x_wconf 90' lang='lat' dir='ltr'><strong>et</strong></span> <span class='ocrx_word' id='word_1_401' title='bbox 2043 3379 2222 3462; x_wconf 87' lang='lat' dir='ltr'><strong>impetrare</strong></span> 
     </span>
     <span class='ocr_line' id='line_1_35' title="bbox 212 3458 2219 3550; baseline 0.001 -24"><span class='ocrx_word' id='word_1_402' title='bbox 212 3464 367 3545; x_wconf 87' lang='lat' dir='ltr'><strong>positum.</strong></span> <span class='ocrx_word' id='word_1_403' title='bbox 427 3463 522 3530; x_wconf 89' lang='lat' dir='ltr'><strong>Nihil</strong></span> <span class='ocrx_word' id='word_1_404' title='bbox 559 3463 648 3528; x_wconf 86' lang='lat' dir='ltr'><strong>enim</strong></span> <span class='ocrx_word' id='word_1_405' title='bbox 680 3462 758 3528; x_wconf 91' lang='lat' dir='ltr'><strong>boni</strong></span> <span class='ocrx_word' id='word_1_406' title='bbox 787 3458 827 3526; x_wconf 91' lang='lat' dir='ltr'><strong>de</strong></span> <span class='ocrx_word' id='word_1_407' title='bbox 863 3461 985 3526; x_wconf 88' lang='lat' dir='ltr'><strong>misera</strong></span> <span class='ocrx_word' id='word_1_408' title='bbox 1018 3459 1078 3526; x_wconf 90' lang='lat' dir='ltr'><strong>illa</strong></span> <span class='ocrx_word' id='word_1_409' title='bbox 1108 3461 1191 3526; x_wconf 90' lang='lat' dir='ltr'><strong>urbe</strong></span> <span class='ocrx_word' id='word_1_410' title='bbox 1243 3461 1330 3547; x_wconf 94' lang='lat' dir='ltr'><strong>qued</strong></span> <span class='ocrx_word' id='word_1_411' title='bbox 1360 3484 1499 3548; x_wconf 88' lang='lat' dir='ltr'><strong>aequum</strong></span> <span class='ocrx_word' id='word_1_412' title='bbox 1533 3463 1605 3528; x_wconf 88' lang='lat' dir='ltr'><strong>erit.</strong></span> <span class='ocrx_word' id='word_1_413' title='bbox 1664 3459 1703 3528; x_wconf 79' lang='lat' dir='ltr'><strong>Si</strong></span> <span class='ocrx_word' id='word_1_414' title='bbox 1736 3469 1841 3526; x_wconf 88' lang='lat' dir='ltr'><strong>artem</strong></span> <span class='ocrx_word' id='word_1_415' title='bbox 1873 3461 2020 3528; x_wconf 90' lang='lat' dir='ltr'><strong>nondum</strong></span> <span class='ocrx_word' id='word_1_416' title='bbox 2052 3464 2219 3550; x_wconf 89' lang='lat' dir='ltr'><strong>intelligis,</strong></span> 
     </span>
     <span class='ocr_line' id='line_1_36' title="bbox 212 3545 2219 3632; baseline 0.002 -18"><span class='ocrx_word' id='word_1_417' title='bbox 212 3549 343 3631; x_wconf 87' lang='lat' dir='ltr'><strong>sperari</strong></span> <span class='ocrx_word' id='word_1_418' title='bbox 369 3570 463 3632; x_wconf 88' lang='lat' dir='ltr'><strong>posse</strong></span> <span class='ocrx_word' id='word_1_419' title='bbox 496 3569 626 3632; x_wconf 88' lang='lat' dir='ltr'><strong>semper</strong></span> <span class='ocrx_word' id='word_1_420' title='bbox 656 3547 787 3631; x_wconf 84' lang='lat' dir='ltr'><strong>putavi,</strong></span> <span class='ocrx_word' id='word_1_421' title='bbox 821 3546 978 3630; x_wconf 86' lang='lat' dir='ltr'><strong>quamdiu</strong></span> <span class='ocrx_word' id='word_1_422' title='bbox 1010 3545 1066 3611; x_wconf 91' lang='lat' dir='ltr'><strong>illo</strong></span> <span class='ocrx_word' id='word_1_423' title='bbox 1099 3547 1191 3612; x_wconf 84' lang='lat' dir='ltr'><strong>fatali</strong></span> <span class='ocrx_word' id='word_1_424' title='bbox 1242 3551 1557 3616; x_wconf 85' lang='lat' dir='ltr'><strong>nestricenventum</strong></span> <span class='ocrx_word' id='word_1_425' title='bbox 1571 3547 1634 3613; x_wconf 93' lang='lat' dir='ltr'><strong>sibi</strong></span> <span class='ocrx_word' id='word_1_426' title='bbox 1651 3547 1847 3630; x_wconf 88' lang='lat' dir='ltr'><strong>promissum</strong></span> <span class='ocrx_word' id='word_1_427' title='bbox 1866 3569 1994 3613; x_wconf 88' lang='lat' dir='ltr'><strong>summa</strong></span> <span class='ocrx_word' id='word_1_428' title='bbox 2011 3552 2219 3618; x_wconf 88' lang='lat' dir='ltr'><strong>contentione</strong></span> 
     </span>
     <span class='ocr_line' id='line_1_37' title="bbox 211 3631 2218 3721; baseline 0.003 -23"><span class='ocrx_word' id='word_1_429' title='bbox 211 3633 305 3698; x_wconf 90' lang='lat' dir='ltr'><strong>malo</strong></span> <span class='ocrx_word' id='word_1_430' title='bbox 325 3633 493 3700; x_wconf 77' lang='lat' dir='ltr'><strong>laboraret</strong></span> <span class='ocrx_word' id='word_1_431' title='bbox 539 3636 684 3700; x_wconf 73' lang='lat' dir='ltr'><strong>Tantum</strong></span> <span class='ocrx_word' id='word_1_432' title='bbox 706 3641 854 3716; x_wconf 87' lang='lat' dir='ltr'><strong>optarem</strong></span> <span class='ocrx_word' id='word_1_433' title='bbox 875 3633 912 3696; x_wconf 93' lang='lat' dir='ltr'><strong>in</strong></span> <span class='ocrx_word' id='word_1_434' title='bbox 933 3631 1079 3698; x_wconf 89' lang='lat' dir='ltr'><strong>Domino</strong></span> <span class='ocrx_word' id='word_1_435' title='bbox 1100 3634 1190 3716; x_wconf 85' lang='lat' dir='ltr'><strong>ipsos</strong></span> <span class='ocrx_word' id='word_1_436' title='bbox 1243 3635 1420 3721; x_wconf 77' lang='lat' dir='ltr'><strong>urgebant:</strong></span> <span class='ocrx_word' id='word_1_437' title='bbox 1449 3635 1597 3718; x_wconf 80' lang='lat' dir='ltr'><strong>papistae</strong></span> <span class='ocrx_word' id='word_1_438' title='bbox 1624 3633 1727 3698; x_wconf 86' lang='lat' dir='ltr'><strong>altera</strong></span> <span class='ocrx_word' id='word_1_439' title='bbox 1748 3655 1790 3698; x_wconf 85' lang='lat' dir='ltr'><strong>ex</strong></span> <span class='ocrx_word' id='word_1_440' title='bbox 1812 3641 1905 3716; x_wconf 87' lang='lat' dir='ltr'><strong>parte</strong></span> <span class='ocrx_word' id='word_1_441' title='bbox 1927 3633 2098 3702; x_wconf 84' lang='lat' dir='ltr'><strong>classicum</strong></span> <span class='ocrx_word' id='word_1_442' title='bbox 2121 3658 2218 3704; x_wconf 87' lang='lat' dir='ltr'><strong>eane·</strong></span> 
     </span>
     <span class='ocr_line' id='line_1_38' title="bbox 210 3716 2218 3804; baseline 0 -16"><span class='ocrx_word' id='word_1_443' title='bbox 210 3719 387 3788; x_wconf 86' lang='lat' dir='ltr'><strong>coaluisse:</strong></span> <span class='ocrx_word' id='word_1_444' title='bbox 409 3741 496 3799; x_wconf 90' lang='lat' dir='ltr'><strong>nam,</strong></span> <span class='ocrx_word' id='word_1_445' title='bbox 519 3719 793 3803; x_wconf 88' lang='lat' dir='ltr'><strong>quemadmodum</strong></span> <span class='ocrx_word' id='word_1_446' title='bbox 811 3727 849 3783; x_wconf 90' lang='lat' dir='ltr'><strong>tu</strong></span> <span class='ocrx_word' id='word_1_447' title='bbox 866 3739 993 3801; x_wconf 89' lang='lat' dir='ltr'><strong>quoque</strong></span> <span class='ocrx_word' id='word_1_448' title='bbox 1011 3716 1101 3796; x_wconf 89' lang='lat' dir='ltr'><strong>dieis,</strong></span> <span class='ocrx_word' id='word_1_449' title='bbox 1124 3719 1190 3784; x_wconf 91' lang='lat' dir='ltr'><strong>nisi</strong></span> <span class='ocrx_word' id='word_1_450' title='bbox 1241 3721 1329 3800; x_wconf 89' lang='lat' dir='ltr'><strong>bant,</strong></span> <span class='ocrx_word' id='word_1_451' title='bbox 1363 3743 1431 3786; x_wconf 90' lang='lat' dir='ltr'><strong>rem</strong></span> <span class='ocrx_word' id='word_1_452' title='bbox 1464 3720 1634 3804; x_wconf 86' lang='lat' dir='ltr'><strong>indignam</strong></span> <span class='ocrx_word' id='word_1_453' title='bbox 1666 3741 1738 3784; x_wconf 87' lang='lat' dir='ltr'><strong>esse</strong></span> <span class='ocrx_word' id='word_1_454' title='bbox 1770 3717 1994 3800; x_wconf 80' lang='lat' dir='ltr'><strong>clamitantes,</strong></span> <span class='ocrx_word' id='word_1_455' title='bbox 2028 3729 2065 3786; x_wconf 88' lang='lat' dir='ltr'><strong>ut</strong></span> <span class='ocrx_word' id='word_1_456' title='bbox 2101 3721 2218 3790; x_wconf 79' lang='lat' dir='ltr'><strong>Caesar</strong></span> 
     </span>
     <span class='ocr_line' id='line_1_39' title="bbox 209 3803 2217 3888; baseline 0 -16"><span class='ocrx_word' id='word_1_457' title='bbox 209 3805 384 3872; x_wconf 80' lang='lat' dir='ltr'><strong>vinculum</strong></span> <span class='ocrx_word' id='word_1_458' title='bbox 396 3815 526 3872; x_wconf 87' lang='lat' dir='ltr'><strong>nestrae</strong></span> <span class='ocrx_word' id='word_1_459' title='bbox 537 3805 761 3872; x_wconf 86' lang='lat' dir='ltr'><strong>consensionis</strong></span> <span class='ocrx_word' id='word_1_460' title='bbox 778 3806 822 3870; x_wconf 91' lang='lat' dir='ltr'><strong>sit</strong></span> <span class='ocrx_word' id='word_1_461' title='bbox 834 3803 997 3882; x_wconf 77' lang='lat' dir='ltr'><strong>Christus,</strong></span> <span class='ocrx_word' id='word_1_462' title='bbox 1016 3803 1189 3868; x_wconf 90' lang='lat' dir='ltr'><strong>maledieta</strong></span> <span class='ocrx_word' id='word_1_463' title='bbox 1240 3807 1362 3873; x_wconf 89' lang='lat' dir='ltr'><strong>diutius</strong></span> <span class='ocrx_word' id='word_1_464' title='bbox 1390 3817 1575 3872; x_wconf 90' lang='lat' dir='ltr'><strong>nostrorum</strong></span> <span class='ocrx_word' id='word_1_465' title='bbox 1604 3805 1892 3888; x_wconf 86' lang='lat' dir='ltr'><strong>tergiversationes</strong></span> <span class='ocrx_word' id='word_1_466' title='bbox 1920 3805 2028 3872; x_wconf 79' lang='lat' dir='ltr'><strong>ferret.</strong></span> <span class='ocrx_word' id='word_1_467' title='bbox 2077 3807 2146 3882; x_wconf 91' lang='lat' dir='ltr'><strong>Ille,</strong></span> <span class='ocrx_word' id='word_1_468' title='bbox 2179 3817 2217 3872; x_wconf 91' lang='lat' dir='ltr'><strong>nt</strong></span> 
     </span>
     <span class='ocr_line' id='line_1_40' title="bbox 209 3889 2216 3976; baseline 0.001 -19"><span class='ocrx_word' id='word_1_469' title='bbox 209 3893 287 3957; x_wconf 86' lang='lat' dir='ltr'><strong>erit</strong></span> <span class='ocrx_word' id='word_1_470' title='bbox 336 3890 505 3972; x_wconf 83' lang='lat' dir='ltr'><strong>Quorsum</strong></span> <span class='ocrx_word' id='word_1_471' title='bbox 527 3892 616 3958; x_wconf 92' lang='lat' dir='ltr'><strong>enim</strong></span> <span class='ocrx_word' id='word_1_472' title='bbox 637 3893 786 3974; x_wconf 87' lang='lat' dir='ltr'><strong>proficiet</strong></span> <span class='ocrx_word' id='word_1_473' title='bbox 804 3899 899 3956; x_wconf 85' lang='lat' dir='ltr'><strong>extra</strong></span> <span class='ocrx_word' id='word_1_474' title='bbox 920 3889 1091 3956; x_wconf 73' lang='lat' dir='ltr'><strong>Christum</strong></span> <span class='ocrx_word' id='word_1_475' title='bbox 1113 3910 1188 3956; x_wconf 91' lang='lat' dir='ltr'><strong>oon·</strong></span> <span class='ocrx_word' id='word_1_476' title='bbox 1240 3915 1329 3959; x_wconf 93' lang='lat' dir='ltr'><strong>nunc</strong></span> <span class='ocrx_word' id='word_1_477' title='bbox 1361 3913 1414 3958; x_wconf 91' lang='lat' dir='ltr'><strong>res</strong></span> <span class='ocrx_word' id='word_1_478' title='bbox 1442 3891 1513 3958; x_wconf 91' lang='lat' dir='ltr'><strong>eius</strong></span> <span class='ocrx_word' id='word_1_479' title='bbox 1545 3889 1721 3974; x_wconf 83' lang='lat' dir='ltr'><strong>impeditae</strong></span> <span class='ocrx_word' id='word_1_480' title='bbox 1754 3899 1846 3968; x_wconf 88' lang='lat' dir='ltr'><strong>sunt,</strong></span> <span class='ocrx_word' id='word_1_481' title='bbox 1880 3893 1957 3976; x_wconf 87' lang='lat' dir='ltr'><strong>quia</strong></span> <span class='ocrx_word' id='word_1_482' title='bbox 1988 3913 2091 3975; x_wconf 90' lang='lat' dir='ltr'><strong>neque</strong></span> <span class='ocrx_word' id='word_1_483' title='bbox 2124 3913 2216 3960; x_wconf 85' lang='lat' dir='ltr'><strong>erma</strong></span> 
     </span>
     <span class='ocr_line' id='line_1_41' title="bbox 207 3973 2216 4060; baseline -0.001 -16"><span class='ocrx_word' id='word_1_484' title='bbox 207 3979 345 4060; x_wconf 87' lang='lat' dir='ltr'><strong>spirare,</strong></span> <span class='ocrx_word' id='word_1_485' title='bbox 376 3999 477 4060; x_wconf 89' lang='lat' dir='ltr'><strong>quum</strong></span> <span class='ocrx_word' id='word_1_486' title='bbox 504 3977 675 4044; x_wconf 86' lang='lat' dir='ltr'><strong>audiamus</strong></span> <span class='ocrx_word' id='word_1_487' title='bbox 704 3977 898 4060; x_wconf 89' lang='lat' dir='ltr'><strong>dissipatum</strong></span> <span class='ocrx_word' id='word_1_488' title='bbox 927 3975 970 4040; x_wconf 92' lang='lat' dir='ltr'><strong>iri</strong></span> <span class='ocrx_word' id='word_1_489' title='bbox 997 3997 1015 4040; x_wconf 89' lang='lat' dir='ltr'><strong>e</strong></span> <span class='ocrx_word' id='word_1_490' title='bbox 1043 3973 1188 4042; x_wconf 89' lang='lat' dir='ltr'><strong>Domino</strong></span> <span class='ocrx_word' id='word_1_491' title='bbox 1239 3999 1373 4044; x_wconf 85' lang='lat' dir='ltr'><strong>morere</strong></span> <span class='ocrx_word' id='word_1_492' title='bbox 1395 3977 1502 4054; x_wconf 90' lang='lat' dir='ltr'><strong>audet,</strong></span> <span class='ocrx_word' id='word_1_493' title='bbox 1527 3997 1589 4042; x_wconf 91' lang='lat' dir='ltr'><strong>nec</strong></span> <span class='ocrx_word' id='word_1_494' title='bbox 1611 3975 1773 4060; x_wconf 83' lang='lat' dir='ltr'><strong>synodum</strong></span> <span class='ocrx_word' id='word_1_495' title='bbox 1797 3977 1911 4042; x_wconf 90' lang='lat' dir='ltr'><strong>haberi</strong></span> <span class='ocrx_word' id='word_1_496' title='bbox 1933 3997 2028 4060; x_wconf 88' lang='lat' dir='ltr'><strong>posse</strong></span> <span class='ocrx_word' id='word_1_497' title='bbox 2050 3979 2216 4042; x_wconf 85' lang='lat' dir='ltr'><strong>existimat</strong></span> 
     </span>
     <span class='ocr_line' id='line_1_42' title="bbox 207 4059 2214 4148; baseline -0.001 -18"><span class='ocrx_word' id='word_1_498' title='bbox 207 4084 326 4130; x_wconf 88' lang='lat' dir='ltr'><strong>omnes</strong></span> <span class='ocrx_word' id='word_1_499' title='bbox 348 4062 507 4130; x_wconf 89' lang='lat' dir='ltr'><strong>eiusmodi</strong></span> <span class='ocrx_word' id='word_1_500' title='bbox 529 4065 783 4148; x_wconf 81' lang='lat' dir='ltr'><strong>syneretismcs?</strong></span> <span class='ocrx_word' id='word_1_501' title='bbox 832 4063 905 4146; x_wconf 83' lang='lat' dir='ltr'><strong>Ego</strong></span> <span class='ocrx_word' id='word_1_502' title='bbox 934 4081 1012 4127; x_wconf 89' lang='lat' dir='ltr'><strong>vero</strong></span> <span class='ocrx_word' id='word_1_503' title='bbox 1041 4059 1188 4126; x_wconf 90' lang='lat' dir='ltr'><strong>nondum</strong></span> <span class='ocrx_word' id='word_1_504' title='bbox 1239 4065 1310 4130; x_wconf 91' lang='lat' dir='ltr'><strong>siue</strong></span> <span class='ocrx_word' id='word_1_505' title='bbox 1331 4064 1542 4130; x_wconf 88' lang='lat' dir='ltr'><strong>concussione</strong></span> <span class='ocrx_word' id='word_1_506' title='bbox 1564 4062 1665 4126; x_wconf 90' lang='lat' dir='ltr'><strong>totius</strong></span> <span class='ocrx_word' id='word_1_507' title='bbox 1695 4061 1905 4140; x_wconf 84' lang='lat' dir='ltr'><strong>Germaniae,</strong></span> <span class='ocrx_word' id='word_1_508' title='bbox 1934 4063 2135 4144; x_wconf 89' lang='lat' dir='ltr'><strong>papistarum</strong></span> <span class='ocrx_word' id='word_1_509' title='bbox 2162 4062 2214 4128; x_wconf 83' lang='lat' dir='ltr'><strong>fu·</strong></span> 
     </span>
     <span class='ocr_line' id='line_1_43' title="bbox 207 4146 2215 4231; baseline -0 -15"><span class='ocrx_word' id='word_1_510' title='bbox 207 4149 306 4216; x_wconf 82' lang='lat' dir='ltr'><strong>video</strong></span> <span class='ocrx_word' id='word_1_511' title='bbox 339 4149 412 4214; x_wconf 91' lang='lat' dir='ltr'><strong>illos</strong></span> <span class='ocrx_word' id='word_1_512' title='bbox 443 4150 480 4213; x_wconf 88' lang='lat' dir='ltr'><strong>in</strong></span> <span class='ocrx_word' id='word_1_513' title='bbox 510 4150 693 4215; x_wconf 90' lang='lat' dir='ltr'><strong>Dominum</strong></span> <span class='ocrx_word' id='word_1_514' title='bbox 724 4149 886 4231; x_wconf 86' lang='lat' dir='ltr'><strong>respicere</strong></span> <span class='ocrx_word' id='word_1_515' title='bbox 918 4155 956 4212; x_wconf 88' lang='lat' dir='ltr'><strong>ut</strong></span> <span class='ocrx_word' id='word_1_516' title='bbox 988 4153 1187 4231; x_wconf 83' lang='lat' dir='ltr'><strong>oportuerat,</strong></span> <span class='ocrx_word' id='word_1_517' title='bbox 1240 4172 1348 4216; x_wconf 90' lang='lat' dir='ltr'><strong>rorem</strong></span> <span class='ocrx_word' id='word_1_518' title='bbox 1365 4148 1510 4214; x_wconf 88' lang='lat' dir='ltr'><strong>retardat</strong></span> <span class='ocrx_word' id='word_1_519' title='bbox 1527 4168 1628 4229; x_wconf 90' lang='lat' dir='ltr'><strong>quum</strong></span> <span class='ocrx_word' id='word_1_520' title='bbox 1646 4146 1726 4212; x_wconf 89' lang='lat' dir='ltr'><strong>dicit</strong></span> <span class='ocrx_word' id='word_1_521' title='bbox 1747 4167 1782 4212; x_wconf 91' lang='lat' dir='ltr'><strong>se</strong></span> <span class='ocrx_word' id='word_1_522' title='bbox 1800 4147 1884 4212; x_wconf 89' lang='lat' dir='ltr'><strong>velle</strong></span> <span class='ocrx_word' id='word_1_523' title='bbox 1902 4146 2059 4229; x_wconf 84' lang='lat' dir='ltr'><strong>dispicere</strong></span> <span class='ocrx_word' id='word_1_524' title='bbox 2077 4147 2215 4230; x_wconf 92' lang='lat' dir='ltr'><strong>nequid</strong></span> 
     </span>
     <span class='ocr_line' id='line_1_44' title="bbox 208 4231 2215 4319; baseline 0 -19"><span class='ocrx_word' id='word_1_525' title='bbox 208 4233 374 4317; x_wconf 90' lang='lat' dir='ltr'><strong>siquidem</strong></span> <span class='ocrx_word' id='word_1_526' title='bbox 406 4255 466 4300; x_wconf 90' lang='lat' dir='ltr'><strong>nee</strong></span> <span class='ocrx_word' id='word_1_527' title='bbox 498 4235 578 4318; x_wconf 91' lang='lat' dir='ltr'><strong>quid</strong></span> <span class='ocrx_word' id='word_1_528' title='bbox 609 4235 738 4319; x_wconf 85' lang='lat' dir='ltr'><strong>egerint</strong></span> <span class='ocrx_word' id='word_1_529' title='bbox 764 4235 844 4300; x_wconf 88' lang='lat' dir='ltr'><strong>satis</strong></span> <span class='ocrx_word' id='word_1_530' title='bbox 871 4234 1025 4317; x_wconf 87' lang='lat' dir='ltr'><strong>cogitant,</strong></span> <span class='ocrx_word' id='word_1_531' title='bbox 1057 4253 1117 4298; x_wconf 92' lang='lat' dir='ltr'><strong>nec</strong></span> <span class='ocrx_word' id='word_1_532' title='bbox 1145 4231 1187 4298; x_wconf 89' lang='lat' dir='ltr'><strong>ad</strong></span> <span class='ocrx_word' id='word_1_533' title='bbox 1239 4244 1362 4302; x_wconf 86' lang='lat' dir='ltr'><strong>temere</strong></span> <span class='ocrx_word' id='word_1_534' title='bbox 1385 4257 1421 4300; x_wconf 88' lang='lat' dir='ltr'><strong>ac</strong></span> <span class='ocrx_word' id='word_1_535' title='bbox 1443 4232 1674 4316; x_wconf 85' lang='lat' dir='ltr'><strong>intempestive</strong></span> <span class='ocrx_word' id='word_1_536' title='bbox 1703 4231 1830 4316; x_wconf 86' lang='lat' dir='ltr'><strong>egendo</strong></span> <span class='ocrx_word' id='word_1_537' title='bbox 1858 4253 1932 4296; x_wconf 90' lang='lat' dir='ltr'><strong>eum</strong></span> <span class='ocrx_word' id='word_1_538' title='bbox 1954 4252 2081 4314; x_wconf 91' lang='lat' dir='ltr'><strong>quoque</strong></span> <span class='ocrx_word' id='word_1_539' title='bbox 2103 4254 2215 4302; x_wconf 89' lang='lat' dir='ltr'><strong>seeum</strong></span> 
     </span>
     <span class='ocr_line' id='line_1_45' title="bbox 207 4315 2213 4405; baseline 0 -18"><span class='ocrx_word' id='word_1_540' title='bbox 207 4319 441 4404; x_wconf 86' lang='lat' dir='ltr'><strong>corrigendum</strong></span> <span class='ocrx_word' id='word_1_541' title='bbox 458 4320 492 4385; x_wconf 92' lang='lat' dir='ltr'><strong>id</strong></span> <span class='ocrx_word' id='word_1_542' title='bbox 509 4323 619 4403; x_wconf 89' lang='lat' dir='ltr'><strong>ipsum</strong></span> <span class='ocrx_word' id='word_1_543' title='bbox 636 4320 720 4405; x_wconf 91' lang='lat' dir='ltr'><strong>qnod</strong></span> <span class='ocrx_word' id='word_1_544' title='bbox 737 4327 914 4403; x_wconf 88' lang='lat' dir='ltr'><strong>peccarunt</strong></span> <span class='ocrx_word' id='word_1_545' title='bbox 935 4320 1062 4386; x_wconf 90' lang='lat' dir='ltr'><strong>animos</strong></span> <span class='ocrx_word' id='word_1_546' title='bbox 1083 4318 1187 4401; x_wconf 87' lang='lat' dir='ltr'><strong>appli·</strong></span> <span class='ocrx_word' id='word_1_547' title='bbox 1239 4323 1325 4388; x_wconf 90' lang='lat' dir='ltr'><strong>bello</strong></span> <span class='ocrx_word' id='word_1_548' title='bbox 1341 4319 1518 4402; x_wconf 87' lang='lat' dir='ltr'><strong>implicent,</strong></span> <span class='ocrx_word' id='word_1_549' title='bbox 1537 4327 1571 4384; x_wconf 90' lang='grc' dir='ltr'><strong>ιι</strong></span> <span class='ocrx_word' id='word_1_550' title='bbox 1587 4317 1709 4384; x_wconf 87' lang='lat' dir='ltr'><strong>nostris</strong></span> <span class='ocrx_word' id='word_1_551' title='bbox 1727 4317 1810 4382; x_wconf 93' lang='lat' dir='ltr'><strong>nihil</strong></span> <span class='ocrx_word' id='word_1_552' title='bbox 1828 4315 1983 4382; x_wconf 90' lang='lat' dir='ltr'><strong>concedit.</strong></span> <span class='ocrx_word' id='word_1_553' title='bbox 2016 4315 2213 4402; x_wconf 80' lang='lat' dir='ltr'><strong>Quanquam</strong></span> 
     </span>
     <span class='ocr_line' id='line_1_46' title="bbox 207 4399 2214 4491; baseline -0 -17"><span class='ocrx_word' id='word_1_554' title='bbox 207 4413 299 4474; x_wconf 85' lang='lat' dir='ltr'><strong>cant.</strong></span> <span class='ocrx_word' id='word_1_555' title='bbox 342 4406 534 4472; x_wconf 88' lang='lat' dir='ltr'><strong>Periculum</strong></span> <span class='ocrx_word' id='word_1_556' title='bbox 555 4427 633 4491; x_wconf 87' lang='lat' dir='ltr'><strong>ergo</strong></span> <span class='ocrx_word' id='word_1_557' title='bbox 654 4415 706 4474; x_wconf 89' lang='lat' dir='ltr'><strong>est</strong></span> <span class='ocrx_word' id='word_1_558' title='bbox 725 4428 768 4472; x_wconf 90' lang='lat' dir='ltr'><strong>nc</strong></span> <span class='ocrx_word' id='word_1_559' title='bbox 789 4406 853 4472; x_wconf 84' lang='lat' dir='ltr'><strong>hac</strong></span> <span class='ocrx_word' id='word_1_560' title='bbox 870 4427 931 4471; x_wconf 90' lang='lat' dir='ltr'><strong>sua</strong></span> <span class='ocrx_word' id='word_1_561' title='bbox 948 4406 1037 4472; x_wconf 90' lang='lat' dir='ltr'><strong>inter</strong></span> <span class='ocrx_word' id='word_1_562' title='bbox 1052 4425 1087 4470; x_wconf 92' lang='lat' dir='ltr'><strong>se</strong></span> <span class='ocrx_word' id='word_1_563' title='bbox 1104 4404 1189 4468; x_wconf 88' lang='lat' dir='ltr'><strong>inita</strong></span> <span class='ocrx_word' id='word_1_564' title='bbox 1240 4416 1349 4474; x_wconf 85' lang='lat' dir='ltr'><strong>autem</strong></span> <span class='ocrx_word' id='word_1_565' title='bbox 1371 4405 1527 4473; x_wconf 86' lang='lat' dir='ltr'><strong>videbant</strong></span> <span class='ocrx_word' id='word_1_566' title='bbox 1543 4425 1578 4470; x_wconf 92' lang='lat' dir='ltr'><strong>se</strong></span> <span class='ocrx_word' id='word_1_567' title='bbox 1596 4405 1659 4470; x_wconf 85' lang='lat' dir='ltr'><strong>hac</strong></span> <span class='ocrx_word' id='word_1_568' title='bbox 1676 4403 1884 4469; x_wconf 87' lang='lat' dir='ltr'><strong>simulatione</strong></span> <span class='ocrx_word' id='word_1_569' title='bbox 1901 4399 1978 4480; x_wconf 90' lang='lat' dir='ltr'><strong>ludi,</strong></span> <span class='ocrx_word' id='word_1_570' title='bbox 2002 4401 2085 4467; x_wconf 91' lang='lat' dir='ltr'><strong>nihil</strong></span> <span class='ocrx_word' id='word_1_571' title='bbox 2103 4413 2214 4472; x_wconf 89' lang='lat' dir='ltr'><strong>tamen</strong></span> 
     </span>
     <span class='ocr_line' id='line_1_47' title="bbox 206 4486 2213 4578; baseline 0 -20"><span class='ocrx_word' id='word_1_572' title='bbox 206 4491 475 4560; x_wconf 86' lang='lat' dir='ltr'><strong>reconciliatione</strong></span> <span class='ocrx_word' id='word_1_573' title='bbox 488 4493 512 4577; x_wconf 86' lang='lat'><strong>¹)</strong></span> <span class='ocrx_word' id='word_1_574' title='bbox 543 4493 642 4558; x_wconf 89' lang='lat' dir='ltr'><strong>nimis</strong></span> <span class='ocrx_word' id='word_1_575' title='bbox 671 4493 793 4570; x_wconf 86' lang='lat' dir='ltr'><strong>securi,</strong></span> <span class='ocrx_word' id='word_1_576' title='bbox 827 4490 868 4558; x_wconf 91' lang='lat' dir='ltr'><strong>de</strong></span> <span class='ocrx_word' id='word_1_577' title='bbox 900 4490 1049 4558; x_wconf 88' lang='lat' dir='ltr'><strong>facienda</strong></span> <span class='ocrx_word' id='word_1_578' title='bbox 1076 4497 1187 4556; x_wconf 88' lang='lat' dir='ltr'><strong>autem</strong></span> <span class='ocrx_word' id='word_1_579' title='bbox 1240 4491 1326 4578; x_wconf 93' lang='lat' dir='ltr'><strong>qnod</strong></span> <span class='ocrx_word' id='word_1_580' title='bbox 1355 4493 1397 4558; x_wconf 88' lang='lat' dir='ltr'><strong>ad</strong></span> <span class='ocrx_word' id='word_1_581' title='bbox 1423 4509 1535 4574; x_wconf 80' lang='lat' dir='ltr'><strong>pacem</strong></span> <span class='ocrx_word' id='word_1_582' title='bbox 1564 4489 1899 4574; x_wconf 86' lang='lat' dir='ltr'><strong>tranquillitatemque</strong></span> <span class='ocrx_word' id='word_1_583' title='bbox 1926 4486 2079 4554; x_wconf 88' lang='lat' dir='ltr'><strong>eeclesiae</strong></span> <span class='ocrx_word' id='word_1_584' title='bbox 2107 4491 2213 4558; x_wconf 87' lang='lat' dir='ltr'><strong>faeere</strong></span> 
     </span>
     <span class='ocr_line' id='line_1_48' title="bbox 206 4573 2213 4661; baseline -0.002 -15"><span class='ocrx_word' id='word_1_585' title='bbox 206 4598 291 4646; x_wconf 89' lang='lat' dir='ltr'><strong>oum</strong></span> <span class='ocrx_word' id='word_1_586' title='bbox 318 4577 462 4644; x_wconf 90' lang='lat' dir='ltr'><strong>Domino</strong></span> <span class='ocrx_word' id='word_1_587' title='bbox 493 4597 572 4661; x_wconf 85' lang='lat' dir='ltr'><strong>pace</strong></span> <span class='ocrx_word' id='word_1_588' title='bbox 604 4599 721 4661; x_wconf 90' lang='lat' dir='ltr'><strong>parum</strong></span> <span class='ocrx_word' id='word_1_589' title='bbox 752 4578 897 4654; x_wconf 88' lang='lat' dir='ltr'><strong>solliciti,</strong></span> <span class='ocrx_word' id='word_1_590' title='bbox 928 4577 1023 4644; x_wconf 89' lang='lat' dir='ltr'><strong>luant</strong></span> <span class='ocrx_word' id='word_1_591' title='bbox 1053 4573 1188 4642; x_wconf 75' lang='lat' dir='ltr'><strong>undem</strong></span> <span class='ocrx_word' id='word_1_592' title='bbox 1239 4580 1409 4648; x_wconf 83' lang='lat' dir='ltr'><strong>videretur</strong></span> <span class='ocrx_word' id='word_1_593' title='bbox 1440 4575 1657 4644; x_wconf 89' lang='lat' dir='ltr'><strong>recusandum</strong></span> <span class='ocrx_word' id='word_1_594' title='bbox 1689 4579 1897 4640; x_wconf 88' lang='lat' dir='ltr'><strong>censuerunt.</strong></span> <span class='ocrx_word' id='word_1_595' title='bbox 1951 4573 2213 4658; x_wconf 90' lang='lat' dir='ltr'><strong>Responsionem</strong></span> 
     </span>
     <span class='ocr_line' id='line_1_49' title="bbox 207 4658 2212 4752; baseline -0.002 -22"><span class='ocrx_word' id='word_1_596' title='bbox 207 4685 333 4750; x_wconf 82' lang='lat' dir='ltr'><strong>graves</strong></span> <span class='ocrx_word' id='word_1_597' title='bbox 360 4685 481 4747; x_wconf 70' lang='lat' dir='ltr'><strong>pesum</strong></span> <span class='ocrx_word' id='word_1_598' title='bbox 509 4664 608 4730; x_wconf 89' lang='lat' dir='ltr'><strong>huius</strong></span> <span class='ocrx_word' id='word_1_599' title='bbox 635 4663 827 4731; x_wconf 84' lang='lat' dir='ltr'><strong>securitatis</strong></span> <span class='ocrx_word' id='word_1_600' title='bbox 872 4663 1026 4741; x_wconf 91' lang='lat' dir='ltr'><strong>Proinde,</strong></span> <span class='ocrx_word' id='word_1_601' title='bbox 1056 4663 1187 4728; x_wconf 87' lang='lat' dir='ltr'><strong>tametsi</strong></span> <span class='ocrx_word' id='word_1_602' title='bbox 1239 4687 1317 4752; x_wconf 89' lang='lat' dir='ltr'><strong>orgo</strong></span> <span class='ocrx_word' id='word_1_603' title='bbox 1339 4663 1603 4744; x_wconf 85' lang='lat' dir='ltr'><strong>conscripserunt</strong></span> <span class='ocrx_word' id='word_1_604' title='bbox 1627 4658 1853 4736; x_wconf 71' lang='lat' dir='ltr'><strong>arenceium,</strong></span> <span class='ocrx_word' id='word_1_605' title='bbox 1883 4678 1924 4722; x_wconf 86' lang='lat' dir='ltr'><strong>ex</strong></span> <span class='ocrx_word' id='word_1_606' title='bbox 1953 4680 2017 4741; x_wconf 91' lang='lat' dir='ltr'><strong>qua</strong></span> <span class='ocrx_word' id='word_1_607' title='bbox 2046 4660 2212 4746; x_wconf 80' lang='lat' dir='ltr'><strong>intelliges</strong></span> 
     </span>
     <span class='ocr_line' id='line_1_50' title="bbox 208 4739 2213 4836; baseline -0.001 -20"><span class='ocrx_word' id='word_1_608' title='bbox 208 4750 365 4816; x_wconf 89' lang='lat' dir='ltr'><strong>nonnihil</strong></span> <span class='ocrx_word' id='word_1_609' title='bbox 392 4751 608 4833; x_wconf 87' lang='lat' dir='ltr'><strong>resipuerunt,</strong></span> <span class='ocrx_word' id='word_1_610' title='bbox 636 4770 740 4833; x_wconf 92' lang='lat' dir='ltr'><strong>quum</strong></span> <span class='ocrx_word' id='word_1_611' title='bbox 767 4770 808 4814; x_wconf 86' lang='lat' dir='ltr'><strong>cx</strong></span> <span class='ocrx_word' id='word_1_612' title='bbox 835 4750 937 4814; x_wconf 78' lang='lat' dir='ltr'><strong>tanes</strong></span> <span class='ocrx_word' id='word_1_613' title='bbox 964 4747 1187 4814; x_wconf 90' lang='lat' dir='ltr'><strong>simultatibus</strong></span> <span class='ocrx_word' id='word_1_614' title='bbox 1239 4752 1316 4836; x_wconf 92' lang='lat' dir='ltr'><strong>quid</strong></span> <span class='ocrx_word' id='word_1_615' title='bbox 1338 4752 1481 4816; x_wconf 87' lang='lat' dir='ltr'><strong>habeant</strong></span> <span class='ocrx_word' id='word_1_616' title='bbox 1502 4747 1611 4812; x_wconf 92' lang='lat' dir='ltr'><strong>animi.</strong></span> <span class='ocrx_word' id='word_1_617' title='bbox 1657 4744 1821 4827; x_wconf 88' lang='lat' dir='ltr'><strong>Quoniam</strong></span> <span class='ocrx_word' id='word_1_618' title='bbox 1848 4739 1967 4810; x_wconf 74' lang='lat' dir='ltr'><strong>onear</strong></span> <span class='ocrx_word' id='word_1_619' title='bbox 1989 4767 2049 4812; x_wconf 91' lang='lat' dir='ltr'><strong>nec</strong></span> <span class='ocrx_word' id='word_1_620' title='bbox 2071 4745 2213 4814; x_wconf 86' lang='lat' dir='ltr'><strong>latinam</strong></span> 
     </span>
     <span class='ocr_line' id='line_1_51' title="bbox 207 4832 1444 4920; baseline -0.002 -18"><span class='ocrx_word' id='word_1_621' title='bbox 207 4835 381 4902; x_wconf 85' lang='lat' dir='ltr'><strong>redierunt</strong></span> <span class='ocrx_word' id='word_1_622' title='bbox 402 4836 500 4902; x_wconf 91' lang='lat' dir='ltr'><strong>simul</strong></span> <span class='ocrx_word' id='word_1_623' title='bbox 521 4837 557 4900; x_wconf 93' lang='lat' dir='ltr'><strong>in</strong></span> <span class='ocrx_word' id='word_1_624' title='bbox 578 4837 728 4920; x_wconf 82' lang='lat' dir='ltr'><strong>gratiam,</strong></span> <span class='ocrx_word' id='word_1_625' title='bbox 758 4856 825 4900; x_wconf 91' lang='lat' dir='ltr'><strong>non</strong></span> <span class='ocrx_word' id='word_1_626' title='bbox 854 4843 963 4900; x_wconf 75' lang='lat' dir='ltr'><strong>tamma</strong></span> <span class='ocrx_word' id='word_1_627' title='bbox 985 4832 1092 4902; x_wconf 90' lang='lat' dir='ltr'><strong>adhue</strong></span> <span class='ocrx_word' id='word_1_628' title='bbox 1114 4855 1187 4900; x_wconf 87' lang='lat' dir='ltr'><strong>eam</strong></span> <span class='ocrx_word' id='word_1_629' title='bbox 1247 4905 1268 4910; x_wconf 52' lang='lat'><em>„</em></span> <span class='ocrx_word' id='word_1_630' title='bbox 1290 4901 1444 4912; x_wconf 43' lang='grc' dir='ltr'><strong>Η,-</strong></span> 
     </span>
     <span class='ocr_line' id='line_1_52' title="bbox 207 4917 1186 5005; baseline -0.002 -17"><span class='ocrx_word' id='word_1_631' title='bbox 207 4931 358 4988; x_wconf 89' lang='lat' dir='ltr'><strong>mentem</strong></span> <span class='ocrx_word' id='word_1_632' title='bbox 379 4921 560 4987; x_wconf 89' lang='lat' dir='ltr'><strong>induerunt</strong></span> <span class='ocrx_word' id='word_1_633' title='bbox 580 4943 662 5005; x_wconf 91' lang='lat' dir='ltr'><strong>quae</strong></span> <span class='ocrx_word' id='word_1_634' title='bbox 682 4917 824 5004; x_wconf 90' lang='lat' dir='ltr'><strong>optanda</strong></span> <span class='ocrx_word' id='word_1_635' title='bbox 844 4919 911 4986; x_wconf 90' lang='lat' dir='ltr'><strong>illis</strong></span> <span class='ocrx_word' id='word_1_636' title='bbox 930 4927 1025 4984; x_wconf 86' lang='lat' dir='ltr'><strong>esset</strong></span> <span class='ocrx_word' id='word_1_637' title='bbox 1060 4919 1186 4986; x_wconf 86' lang='lat' dir='ltr'><strong>Verum</strong></span> 
     </span>
     <span class='ocr_line' id='line_1_53' title="bbox 206 4997 1960 5092; baseline -0.003 -18"><span class='ocrx_word' id='word_1_638' title='bbox 206 5017 263 5075; x_wconf 84' lang='lat' dir='ltr'><strong>eat</strong></span> <span class='ocrx_word' id='word_1_639' title='bbox 294 5007 329 5073; x_wconf 92' lang='lat' dir='ltr'><strong>id</strong></span> <span class='ocrx_word' id='word_1_640' title='bbox 361 5006 483 5090; x_wconf 84' lang='lat' dir='ltr'><strong>aliquid</strong></span> <span class='ocrx_word' id='word_1_641' title='bbox 516 5007 605 5092; x_wconf 88' lang='lat' dir='ltr'><strong>quod</strong></span> <span class='ocrx_word' id='word_1_642' title='bbox 636 5015 813 5092; x_wconf 87' lang='lat' dir='ltr'><strong>coeperunt</strong></span> <span class='ocrx_word' id='word_1_643' title='bbox 844 5025 916 5072; x_wconf 85' lang='lat' dir='ltr'><strong>esse</strong></span> <span class='ocrx_word' id='word_1_644' title='bbox 947 5005 1187 5088; x_wconf 87' lang='lat' dir='ltr'><strong>aliquantulum</strong></span> <span class='ocrx_word' id='word_1_645' title='bbox 1342 5001 1373 5062; x_wconf 74' lang='lat' dir='ltr'><strong>²l</strong></span> <span class='ocrx_word' id='word_1_646' title='bbox 1395 5001 1427 5055; x_wconf 82' lang='lat' dir='ltr'><strong>V·</strong></span> <span class='ocrx_word' id='word_1_647' title='bbox 1447 5001 1572 5069; x_wconf 65' lang='lat' dir='ltr'><strong>mace.</strong></span> <span class='ocrx_word' id='word_1_648' title='bbox 1590 5005 1686 5054; x_wconf 64' lang='lat' dir='ltr'><strong>&#39;⁸⁰⁸⁶&#39;ss</strong></span> <span class='ocrx_word' id='word_1_649' title='bbox 1707 4999 1732 5052; x_wconf 85' lang='lat' dir='ltr'><em>T</em></span> <span class='ocrx_word' id='word_1_650' title='bbox 1730 5039 1736 5050; x_wconf 92' lang='lat'><strong>·</strong></span> <span class='ocrx_word' id='word_1_651' title='bbox 1761 4997 1792 5052; x_wconf 83' lang='lat' dir='ltr'><strong>V·</strong></span> <span class='ocrx_word' id='word_1_652' title='bbox 1810 5015 1837 5066; x_wconf 75' lang='lat' dir='ltr'><strong>a·</strong></span> <span class='ocrx_word' id='word_1_653' title='bbox 1855 5001 1889 5052; x_wconf 79' lang='lat'><strong>45</strong></span> <span class='ocrx_word' id='word_1_654' title='bbox 1906 5013 1960 5068; x_wconf 66' lang='grc' dir='ltr'>ιιι·</span> 
     </span>
    </p>
   </div>
   <div class='ocr_carea' id='block_1_9' title="bbox 207 5067 2168 5208">
    <p class='ocr_par' dir='ltr' id='par_1_9' title="bbox 207 5067 2168 5208">
     <span class='ocr_line' id='line_1_54' title="bbox 207 5067 2168 5208; baseline -0.002 -48"><span class='ocrx_word' id='word_1_655' title='bbox 207 5094 385 5172; x_wconf 86' lang='lat' dir='ltr'><strong>sanabiles,</strong></span> <span class='ocrx_word' id='word_1_656' title='bbox 409 5093 537 5159; x_wconf 87' lang='lat' dir='ltr'><strong>etiamsi</strong></span> <span class='ocrx_word' id='word_1_657' title='bbox 558 5093 704 5159; x_wconf 91' lang='lat' dir='ltr'><strong>nondum</strong></span> <span class='ocrx_word' id='word_1_658' title='bbox 727 5091 860 5158; x_wconf 61' lang='lat' dir='ltr'><strong>unitati</strong></span> <span class='ocrx_word' id='word_1_659' title='bbox 883 5093 951 5157; x_wconf 89' lang='lat' dir='ltr'><strong>sint</strong></span> <span class='ocrx_word' id='word_1_660' title='bbox 972 5091 1125 5158; x_wconf 83' lang='lat' dir='ltr'><strong>restituti.</strong></span> <span class='ocrx_word' id='word_1_661' title='bbox 1343 5069 1374 5208; x_wconf 45' lang='grc' dir='ltr'><strong>ἕξ</strong></span> <span class='ocrx_word' id='word_1_662' title='bbox 1391 5071 1678 5196; x_wconf 41' lang='lat' dir='ltr'><strong>&amp;mmmm</strong></span> <span class='ocrx_word' id='word_1_663' title='bbox 1698 5069 1758 5121; x_wconf 63' lang='lat'><strong>“¹¹⁰</strong></span> <span class='ocrx_word' id='word_1_664' title='bbox 1776 5069 1895 5137; x_wconf 72' lang='lat' dir='ltr'><strong>opposed</strong></span> <span class='ocrx_word' id='word_1_665' title='bbox 1914 5072 1936 5122; x_wconf 83' lang='lat' dir='ltr'><strong>it</strong></span> <span class='ocrx_word' id='word_1_666' title='bbox 1954 5067 2031 5122; x_wconf 76' lang='lat' dir='ltr'><strong>made</strong></span> <span class='ocrx_word' id='word_1_667' title='bbox 2048 5071 2168 5126; x_wconf 55' lang='lat' dir='ltr'><strong>‘mm&#39;</strong></span> 
     </span>
    </p>
   </div>
   <div class='ocr_carea' id='block_1_10' title="bbox 216 5201 2177 5411">
    <p class='ocr_par' dir='ltr' id='par_1_10' title="bbox 216 5201 2177 5411">
     <span class='ocr_line' id='line_1_55' title="bbox 216 5201 2059 5268; baseline -0.008 4"><span class='ocrx_word' id='word_1_668' title='bbox 216 5220 246 5226; x_wconf 81' lang='grc'><strong>““</strong></span> <span class='ocrx_word' id='word_1_669' title='bbox 269 5219 406 5226; x_wconf 63' lang='grc'><strong>“““““’</strong></span> <span class='ocrx_word' id='word_1_670' title='bbox 1343 5209 1373 5268; x_wconf 79' lang='lat' dir='ltr'><strong>bl</strong></span> <span class='ocrx_word' id='word_1_671' title='bbox 1393 5207 1515 5264; x_wconf 65' lang='grc' dir='ltr'>Μαι.</span> <span class='ocrx_word' id='word_1_672' title='bbox 1533 5207 1578 5260; x_wconf 91' lang='grc' dir='ltr'><strong>ΙΙ.</strong></span> <span class='ocrx_word' id='word_1_673' title='bbox 1598 5203 1645 5258; x_wconf 83' lang='grc'><strong>177</strong></span> <span class='ocrx_word' id='word_1_674' title='bbox 1664 5220 1700 5258; x_wconf 84' lang='lat' dir='ltr'><strong>aa.</strong></span> <span class='ocrx_word' id='word_1_675' title='bbox 1736 5203 1883 5262; x_wconf 71' lang='lat' dir='ltr'><strong>Hoetledcr</strong></span> <span class='ocrx_word' id='word_1_676' title='bbox 1910 5203 1937 5258; x_wconf 91' lang='lat' dir='ltr'><strong>I.</strong></span> <span class='ocrx_word' id='word_1_677' title='bbox 1956 5201 2007 5258; x_wconf 81' lang='lat'><strong>1³0</strong></span> <span class='ocrx_word' id='word_1_678' title='bbox 2022 5217 2059 5258; x_wconf 83' lang='grc' dir='ltr'><strong>ιι.</strong></span> 
     </span>
     <span class='ocr_line' id='line_1_56' title="bbox 234 5245 2177 5411; baseline -0.009 -69"><span class='ocrx_word' id='word_1_679' title='bbox 234 5282 300 5344; x_wconf 81' lang='lat' dir='ltr'><strong>are.</strong></span> <span class='ocrx_word' id='word_1_680' title='bbox 319 5283 348 5346; x_wconf 88' lang='lat'><strong>1)</strong></span> <span class='ocrx_word' id='word_1_681' title='bbox 368 5283 402 5334; x_wconf 70' lang='lat' dir='ltr'><strong>a</strong></span> <span class='ocrx_word' id='word_1_682' title='bbox 419 5280 524 5336; x_wconf 66' lang='lat' dir='ltr'><strong>num</strong></span> <span class='ocrx_word' id='word_1_683' title='bbox 541 5280 644 5336; x_wconf 65' lang='lat' dir='ltr'><strong>aare</strong></span> <span class='ocrx_word' id='word_1_684' title='bbox 661 5286 796 5336; x_wconf 68' lang='lat' dir='ltr'><strong>eam</strong></span> <span class='ocrx_word' id='word_1_685' title='bbox 815 5280 871 5334; x_wconf 78' lang='lat' dir='ltr'><strong>cn.</strong></span> <span class='ocrx_word' id='word_1_686' title='bbox 890 5279 973 5336; x_wconf 71' lang='grc' dir='ltr'>ιιι.</span> <span class='ocrx_word' id='word_1_687' title='bbox 991 5283 1165 5348; x_wconf 64' lang='lat' dir='ltr'><strong>mmm.</strong></span> <span class='ocrx_word' id='word_1_688' title='bbox 1343 5277 1374 5340; x_wconf 76' lang='lat' dir='ltr'><strong>a&gt;</strong></span> <span class='ocrx_word' id='word_1_689' title='bbox 1393 5277 1512 5332; x_wconf 69' lang='lat' dir='ltr'><strong>um</strong></span> <span class='ocrx_word' id='word_1_690' title='bbox 1527 5281 1553 5330; x_wconf 73' lang='lat' dir='ltr'><strong>a</strong></span> <span class='ocrx_word' id='word_1_691' title='bbox 1571 5272 1783 5329; x_wconf 58' lang='lat' dir='ltr'><strong>nemanso</strong></span> <span class='ocrx_word' id='word_1_692' title='bbox 1800 5245 1923 5340; x_wconf 54' lang='lat' dir='ltr'><strong>(aad,</strong></span> <span class='ocrx_word' id='word_1_693' title='bbox 1942 5271 1991 5411; x_wconf 59' lang='lat' dir='ltr'><strong>iq.</strong></span> <span class='ocrx_word' id='word_1_694' title='bbox 2010 5271 2082 5337; x_wconf 83' lang='lat' dir='ltr'><strong>re).</strong></span> <span class='ocrx_word' id='word_1_695' title='bbox 2173 5265 2177 5276; x_wconf 87' lang='lat'><em>·</em></span> 
     </span>
    </p>
   </div>
   <div class='ocr_carea' id='block_1_11' title="bbox 839 761 1110 832">
    <p class='ocr_par' dir='ltr' id='par_1_11' title="bbox 839 761 1110 832">
     <span class='ocr_line' id='line_1_57' title="bbox 839 761 1110 832; baseline 0.015 -4"><span class='ocrx_word' id='word_1_696' title='bbox 839 761 999 832; x_wconf 73' lang='lat' dir='ltr'><strong>Calvinus</strong></span> <span class='ocrx_word' id='word_1_697' title='bbox 1023 774 1110 832; x_wconf 86' lang='lat' dir='ltr'><strong>tuus.</strong></span> 
     </span>
    </p>
   </div>
   <div class='ocr_carea' id='block_1_12' title="bbox 0 0 2476 5979">
    <p class='ocr_par' dir='ltr' id='par_1_12' title="bbox 0 0 2476 5979">
     <span class='ocr_line' id='line_1_58' title="bbox 0 0 2476 5979; baseline 0 0"><span class='ocrx_word' id='word_1_698' title='bbox 0 0 2476 5979; x_wconf 95' lang='lat' dir='ltr'><strong> </strong></span> 
     </span>
    </p>
   </div>
  </div>
 </body>
</html>
