4846 5962
294 303 355 364 175
1111 287 1372 356 uplsuonau
1401 292 1463 354 290
2222 291 2281 352 lte

292 487 370 574 quid
392 493 450 552 tun
475 483 626 549 lectione:
656 488 690 545 et
716 501 777 565 ego
803 478 861 546 abs
889 487 921 544 te
947 477 1060 543 literas
1086 479 1176 561 prius
1202 497 1259 544 ex·
1311 480 1441 562 sequrui
1469 485 1547 545 sunt
1574 500 1617 543 ex
1644 477 1868 561 Principibus,
1898 477 2089 544 Famulus
2109 477 2279 544 Palatinus

292 563 1260 739 ttttttttu„tntttttttttt‘tdttss
1309 563 1927 736 lttntttatbttltt
1941 563 2279 731 mam,

294 742 462 810 Claudiam
490 747 638 805 nostrum
667 757 764 820 quem
792 737 886 801 unice
915 734 1103 818 diligebam,
1131 741 1222 818 peste
1230 736 1259 818 ²)
1311 734 1472 820 Princeps
1494 735 1534 801 ab
1557 733 1684 814 Aalalt,
1708 732 1846 800 Saxonis
1867 733 2010 820 legatus:
2033 735 2165 802 Elector
2176 733 2280 800 Brac-

292 828 500 911 absumptum
523 847 603 902 esse,
627 821 852 906 henaim)
874 820 1011 887 danem
1024 820 1129 886 Caroli
1152 819 1259 884 triduo
1310 821 1512 904 deturpas-sis
1544 819 1638 886 brevi
1672 827 1831 886 venturus
1859 827 1924 897 est,
1954 819 2034 887 alios
2061 841 2126 886 non
2153 819 2280 887 desmct

291 923 366 999 post
397 919 586 996 sequutum,
621 909 753 974 domum
781 927 888 972 meam
920 907 1037 971 misere
1069 904 1260 990 dissipatam
1312 906 1487 973 sollicitare
1512 905 1641 986 Caesar,
1672 905 1773 972 donec
1799 907 2016 988 pertrahat.⁶)
2062 905 2148 972 Sacc
2170 907 2280 972 iustis·

292 1021 373 1078 esse,
403 1000 537 1063 fratrem
560 1015 670 1060 meum
692 1013 765 1060 cum
790 990 891 1058 Cardo
912 992 948 1056 in
969 991 1116 1057 vicinum
1137 1011 1259 1076 pagum
1311 992 1404 1058 simis
1425 992 1532 1059 causis
1553 990 1734 1057 absentiam
1761 1011 1855 1056 suam
1876 991 2046 1057 exossavit
2066 1011 2126 1074 per
2146 992 2277 1076 legatos.

292 1085 505 1152 concessisse:
539 1101 675 1146 uxorem
697 1099 732 1144 se
754 1077 795 1144 ad
817 1079 951 1142 fratrem
973 1078 1140 1161 recepisse,
1162 1077 1260 1140 mini·
1312 1079 1408 1144 Duae
1430 1085 1507 1144 sunt
1528 1076 1626 1142 nrbes
1657 1077 1693 1142 in
1720 1076 1863 1156 foedere,
1890 1077 2037 1143 Coslaria
2065 1087 2098 1142 et
2119 1078 2279 1144 Brunsvi·

292 1193 384 1238 mum
417 1191 459 1234 ex
494 1167 623 1233 Claudii
651 1163 818 1247 discipulis
847 1163 1046 1228 decumbere.
1101 1163 1191 1246 Ergo
1219 1161 1260 1226 ad
1312 1185 1401 1244 oum,
1432 1184 1513 1246 quas
1542 1163 1720 1229 chriclac
1749 1163 1809 1228 sub
1835 1171 2009 1246 praetextu
2036 1163 2136 1228 banni
2168 1163 2279 1230 multis

294 1255 415 1322 doloris
436 1252 643 1320 acerbitatem
670 1249 806 1316 accessit
835 1248 1047 1314 vehementer
1074 1249 1173 1313 anxia
1198 1267 1259 1332 pro
1311 1248 1579 1332 praedationibus
1607 1256 1641 1313 et
1668 1249 1845 1314 latrociniis
1874 1246 2073 1331 aliquamdiu
2105 1249 2278 1314 infestavit.

293 1343 334 1408 iis
361 1341 417 1425 qui
444 1346 618 1422 supersunt
645 1334 835 1401 sollicitudo.
885 1334 972 1399 Mihi
998 1331 1067 1399 dies
1088 1355 1126 1400 ae
1148 1341 1259 1399 noctes
1311 1336 1426 1418 Nuper
1443 1334 1548 1399 nostri
1565 1333 1784 1413 decreverant,
1807 1342 1845 1398 ut
1861 1336 1961 1399 armis
1978 1333 2205 1401 communibus
2225 1335 2279 1400 de-

293 1427 402 1493 animo
424 1426 618 1491 obversatur
638 1442 721 1486 uxor
746 1419 873 1486 consilii
892 1421 1003 1504 inops,
1033 1420 1186 1502 quoniam
1208 1439 1259 1484 aa·
1311 1421 1532 1486 foederentur.
1580 1417 1697 1486 Cacsar
1713 1421 1839 1486 interea
1861 1441 1903 1484 ne
1923 1419 2159 1503 impedirentur
2181 1422 2278 1486 comi-

292 1513 360 1598 pite
381 1533 439 1577 suc
461 1516 557 1576 caret
601 1507 735 1573 Cruciat
759 1525 813 1571 me
841 1507 964 1570 mirum
989 1506 1024 1570 in
1050 1505 1183 1569 modum
1202 1526 1258 1587 op·
1311 1507 1365 1586 tia,
1389 1506 1498 1571 omnia
1515 1505 1636 1571 iudicia
1653 1507 1688 1570 in
1705 1527 1765 1572 nos
1782 1506 1944 1570 intentata
1965 1504 2147 1589 suspendit:
2161 1505 2189 1591 ⁷)
2212 1527 2279 1571 cm-

292 1599 365 1664 timi
398 1595 503 1662 Caroli
534 1593 668 1670 orbitae,
708 1592 762 1675 qui
794 1592 884 1656 intra
917 1589 1125 1673 quatriduum
1158 1591 1259 1655 fratre
1310 1613 1370 1656 nes
1399 1591 1497 1656 etiam
1525 1592 1702 1658 sententias
1735 1599 1847 1657 contra
1875 1612 1935 1656 nos
1961 1591 2046 1656 latas
2072 1591 2182 1656 irritas
2210 1613 2278 1658 esse

293 1684 405 1762 unico,
434 1689 467 1746 et
493 1689 701 1764 praeceptore
728 1697 824 1760 quem
852 1677 955 1762 patris
976 1677 1048 1742 vice
1070 1676 1171 1742 coluit
1192 1677 1259 1759 pri-
1310 1677 1424 1757 voluit,
1448 1674 1549 1742 donec
1571 1676 1610 1742 de
1633 1684 1700 1742 tota
1721 1697 1851 1742 summa
1868 1677 1921 1741 hio
1938 1687 2196 1760 cognosceretur.
2229 1679 2278 1743 Ec

292 1779 390 1836 vatus
408 1776 467 1833 est.
501 1765 586 1830 Novi
604 1771 712 1828 autem
729 1763 838 1845 ipsum
855 1763 1030 1827 tenerrimo
1052 1783 1122 1828 esse
1139 1761 1257 1826 animo.
1311 1763 1416 1828 edicto
1437 1763 1646 1848 promulgato
1666 1760 1836 1828 mandavit
1853 1763 1952 1826 etiam
1973 1761 2201 1828 Braasm'ccact'
2221 1784 2278 1828 no-

292 1855 345 1922 De
373 1851 586 1926 Malloeam)
616 1849 757 1933 cogitare
782 1868 848 1912 non
877 1869 1023 1930 possum,
1052 1849 1132 1930 quin
1161 1846 1259 1912 simul
1310 1848 1478 1928 minatim,
1508 1855 1547 1913 ut
1567 1869 1651 1932 quae
1672 1855 1826 1931 rapuerat
1847 1849 2041 1926 restitueret,
2063 1855 2097 1913 ct
2118 1849 2153 1914 in
2174 1855 2276 1932 poste·

293 1941 328 2006 in
347 1947 489 2004 mentem
518 1936 655 2002 veniant
680 1933 795 2016 optimi
822 1935 955 2000 iuvenes
977 1934 1033 2016 qui
1055 1953 1131 1998 eum
1153 1939 1258 1997 custo-
1310 1955 1386 1998 rum
1409 1955 1428 1998 a
1450 1935 1483 1999 vi
1505 1933 1691 2000 abstineret.
1736 1931 1931 2016 Quanquam
1959 1933 2122 1998 facturum
2151 1955 2186 2000 se
2208 1955 2276 1998 orn-

293 2025 396 2092 diunt.
440 2023 636 2104 Quanquam
664 2028 773 2084 autem
798 2018 878 2085 hmc
911 2019 992 2084 mihi
1026 2027 1153 2082 tantum
1180 2017 1259 2082 affe·
1311 2021 1367 2084 nia
1388 2021 1520 2103 recepit,
1543 2019 1651 2104 pergit
1672 2027 1783 2084 tamen
1803 2027 1840 2084 ut
1861 2031 2026 2170 coeperat:
2055 2017 2142 2086 dicas
2169 2021 2277 2104 ipsum

292 2119 372 2176 runt
388 2128 578 2185 moerorem,
596 2115 635 2170 ut
651 2113 795 2170 mentem
813 2125 948 2188 prorsus
965 2105 1102 2170 obruere
1119 2111 1153 2169 et
1170 2104 1259 2168 fran-
1311 2125 1387 2169 cum
1407 2101 1543 2171 Caesare
1562 2104 1731 2171 colludere.
1766 2103 1911 2188 Quidqui
1951 2106 2003 2186 sit,
2025 2106 2175 2171 intanta
2191 2113 2278 2172 certe

334 2217 369 2261 re
391 2195 536 2259 animum
557 2191 696 2276 possint,
724 2188 913 2256 incredibile
934 2197 1044 2255 tamen
1066 2197 1116 2255 est
1138 2196 1259 2272 quanto
1311 2191 1505 2258 necessitate
1527 2191 1674 2257 deserere
1696 2192 1798 2256 socios
1819 2212 1886 2256 uon
1908 2197 2013 2274 potest
2037 2189 2134 2256 Saea:
2169 2192 2278 2274 itaqua

304 2289 382 2348 uetu
404 2281 444 2344 ob
468 2277 596 2344 Claudii
622 2277 688 2341 mei
708 2284 847 2340 mortem
868 2276 1034 2341 conficiar:
1063 2295 1170 2358 neque
1198 2274 1260 2338 mi·
1310 2278 1479 2342 manatio
1501 2276 1646 2361 specula,
1673 2285 1711 2341 nt
1738 2277 1869 2360 siquid
1897 2279 1959 2342 iste
1987 2278 2140 2356 moverit,
2168 2277 2278 2342 statim

291 2389 366 2436 rum
388 2364 492 2431 videri
513 2362 573 2428 tibi
595 2361 698 2428 debet
742 2361 805 2426 His
827 2359 953 2426 duobus
980 2361 1073 2426 annis
1100 2368 1260 2442 quantum
1311 2385 1347 2428 se
1375 2361 1512 2429 obiiciat.
1563 2362 1692 2428 Deinde
1720 2383 1763 2426 ex
1797 2382 1861 2446 qno
1888 2369 2033 2446 tempore
2065 2361 2277 2430 denunciatus

292 2452 376 2518 mihi
397 2470 477 2533 opus
498 2449 596 2515 fuerit
615 2455 703 2513 certo
725 2455 758 2510 et
774 2446 863 2511 fideli
882 2447 994 2523 amico,
1016 2446 1070 2528 qui
1088 2467 1141 2511 mc
1158 2447 1193 2510 in
1211 2451 1260 2508 tot
1310 2455 1406 2514 erant
1432 2448 1509 2513 illae
1530 2450 1767 2532 suspensiones,
1797 2448 1915 2514 citatus
1936 2449 1999 2513 fuit
2021 2447 2061 2513 ad
2084 2447 2276 2514 audiendam

294 2545 425 2620 tamque
446 2535 545 2601 variis
567 2532 722 2598 molestiis
740 2551 778 2596 ao
799 2531 1096 2614 perturbationibus
1118 2531 1259 2596 sustine-
1311 2534 1421 2614 banni,
1448 2533 1509 2599 hoc
1531 2543 1581 2600 est
1609 2533 1829 2618 clarigationis
1857 2535 1911 2601 vel
1933 2535 2186 2618 proscriptionis,
2209 2556 2278 2600 sen·

292 2632 354 2701 ret,
375 2633 466 2707 potes
487 2619 639 2704 cogitare.
676 2617 744 2682 ¹Ille
772 2638 849 2682 vero
871 2637 906 2682 se
934 2639 1000 2682 non
1022 2616 1116 2682 modo
1138 2615 1259 2682 fidelis·
1311 2621 1458 2685 tentiam.
1490 2620 1610 2686 Paucis
1632 2628 1705 2703 post
1721 2619 1835 2685 diebus
1852 2619 1886 2684 id
1908 2619 2014 2703 ipsum
2037 2618 2129 2686 nobis
2151 2619 2201 2687 est
2217 2621 2279 2686 fac·

293 2709 412 2774 simum
433 2705 490 2772 sed
511 2725 570 2787 per
591 2703 702 2768 omnia
718 2702 1041 2786 obsequentissimum
1063 2702 1144 2766 mihi
1166 2702 1259 2767 exhi·
1311 2713 1392 2770 tum.
1439 2703 1557 2771 Caesar
1585 2706 1693 2771 nescio
1723 2726 1787 2789 qua
1816 2705 1987 2790 religione,
2021 2727 2141 2790 magna
2170 2713 2278 2771 tamen

292 2794 376 2872 buit,
405 2789 484 2856 adeo
512 2799 551 2854 ut
577 2789 648 2871 ipso
674 2809 775 2870 aeque
803 2786 1035 2872 propemodum
1055 2788 1260 2853 familiariter
1311 2792 1564 2870 asseveratione,
1596 2799 1734 2857 testatur
1763 2791 1844 2856 haec
1865 2790 1926 2856 sibi
1950 2812 2146 2876 magnopere
2168 2791 2278 2876 displi-

294 2900 332 2945 ac
353 2879 452 2944 bane
473 2897 546 2940 meo
567 2883 685 2940 uterer.
730 2872 842 2954 Quum
871 2875 971 2938 animi
998 2894 1190 2957 suspensus,
1221 2881 1259 2938 ut
1311 2899 1400 2944 cere:
1435 2899 1473 2943 ac
1505 2877 1658 2943 daturum
1687 2897 1819 2960 operam
1851 2883 1890 2941 ιιι
1922 2878 1957 2941 iu
1992 2877 2119 2943 fumum
2146 2879 2276 2944 abeant:

293 2965 366 3042 scie,
388 2982 492 3044 nuper
514 2959 750 3038 discessissem,
783 2961 986 3026 sanctissima
1007 2959 1071 3024 fide
1093 2967 1260 3042 receperat
1310 2964 1397 3028 fiunt
1419 2971 1531 3028 tamen
1553 2983 1618 3028 non
1641 2963 1710 3028 sine
1731 2983 1850 3048 magno
1872 2968 1983 3028 nostro
2005 2963 2158 3048 periculo.
2192 2963 2279 3046 Quid

293 3071 329 3116 se
346 3068 537 3132 quocunque
552 3045 738 3111 annuissem
755 3055 949 3121 venturum,
970 3066 1077 3127 neque
1098 3045 1179 3110 mihi
1196 3067 1259 3110 un-
1311 3049 1399 3114 enim
1433 3050 1461 3115 si
1493 3069 1565 3114 oras
1598 3047 1878 3132 pronuntiarent?
1910 3049 2025 3132 pedem
2057 3049 2135 3114 hinc
2164 3051 2279 3115 efferre

293 3155 390 3219 quam
412 3132 608 3199 defuturum.
652 3131 743 3214 Ergo
772 3151 835 3214 quo
857 3130 962 3214 magis
984 3139 1099 3215 reputo
1122 3143 1259 3214 quanto·
1310 3157 1378 3200 non
1398 3156 1586 3218 possumus,
1615 3135 1695 3218 quin
1723 3141 1823 3218 caput
1843 3135 1937 3200 nobis
1962 3136 2137 3200 auferatur.
2180 3136 2279 3202 leci-

292 3241 369 3306 pere
395 3218 559 3302 indigeam
588 3215 670 3281 bono
698 3215 895 3294 consiliario,
926 3217 982 3297 qui
1009 3237 1029 3280 a
1057 3215 1160 3282 latere
1186 3238 1259 3282 meo
1312 3218 1406 3286 derat
1428 3220 1508 3284 mihi
1531 3219 1735 3306 Sobaaduofl)
1766 3221 1821 3303 qui
1850 3221 1913 3287 huc
1940 3242 1975 3286 se
2005 3222 2090 3286 sistit
2117 3221 2159 3286 ad
2182 3221 2279 3288 fidem

292 3326 460 3388 nunquam
482 3301 636 3379 discedat,
664 3302 704 3366 ab
725 3302 828 3366 altera
848 3309 941 3384 parte
963 3322 1061 3383 quam
1084 3323 1194 3367 rarum
1217 3303 1261 3366 sit
1310 3306 1448 3390 imperio
1475 3305 1696 3390 obligandam,
1732 3327 1795 3390 quc
1823 3307 1943 3372 nostris
1971 3307 2087 3390 opibus
2111 3315 2280 3391 recuperet

291 3392 354 3458 hoc
376 3403 520 3473 tempore
541 3387 727 3470 exemplum
755 3387 829 3452 talis
858 3384 1101 3452 benevolentiae
1122 3397 1156 3451 ct
1174 3386 1259 3466 fidei,
1311 3391 1544 3476 possessiones,
1572 3413 1774 3476 quaequam
1796 3399 1931 3471 teneret,
1953 3391 2097 3476 Imperio
2117 3393 2279 3460 accenseri

291 3499 358 3543 non
390 3475 483 3541 aliter
514 3493 645 3558 possum
677 3471 819 3538 iudicare
849 3491 946 3554 quam
972 3473 1151 3537 Dominum
1178 3472 1261 3537 mihi
1312 3498 1480 3560 nunquam
1508 3477 1620 3542 voluit.
1665 3475 1748 3543 Sero
1775 3478 1892 3562 igitur,
1923 3478 1979 3544 scd
2007 3479 2127 3546 missus
2157 3501 2177 3544 a
2203 3501 2279 3565 rege

292 3563 381 3628 bunc
408 3557 582 3625 auferendo
617 3557 758 3624 voluisse
784 3559 820 3622 in
848 3566 981 3640 peccata
1009 3579 1083 3624 mea
1116 3559 1260 3642 graviter
1313 3563 1442 3630 Galliae
1463 3563 1606 3647 legatus,
1635 3561 1811 3630 advocatus
1834 3563 2047 3639 Raimandaa
2088 3565 2122 3630 ui
2140 3586 2200 3649 pro
2220 3565 2280 3631 dn·

293 3645 562 3714 animadvertere.
606 3642 673 3709 Sed
685 3641 764 3708 dum
782 3643 885 3708 obiter
907 3643 980 3708 volo
1001 3664 1091 3710 meas
1113 3645 1260 3710 miserias
1313 3657 1389 3715 catu
1411 3647 1594 3714 Sabaudiae
1623 3650 1658 3712 in
1684 3649 1783 3714 fidem
1805 3671 1844 3714 ac
1867 3649 2051 3716 clientelam
2067 3585 2211 3733 qImperii
2231 3653 2280 3734 ip-

293 3731 470 3816 attingere,
503 3729 590 3794 ultra
621 3728 754 3794 modum
786 3727 908 3793 diffluo.
950 3729 1024 3794 Hoc
1053 3729 1132 3796 facit
1159 3751 1261 3814 quum
1313 3756 1385 3800 sum
1407 3735 1508 3818 recipi
1529 3743 1662 3818 peteret.
1707 3735 1905 3818 Legationes
1924 3743 2109 3800 exterarum
2132 3737 2282 3821 gentium

293 3817 408 3901 optimi
430 3815 494 3883 viri
515 3815 670 3879 memoria
692 3820 789 3898 (quae
808 3815 935 3878 utinam
958 3823 1025 3878 tam
1047 3817 1158 3881 suavis
1179 3815 1261 3880 mihi
1313 3818 1434 3886 adsunt
1455 3819 1578 3885 multae
1600 3828 1633 3885 et
1654 3823 1855 3904 magnificae.
1888 3820 2078 3886 Coatareaao
2096 3821 2282 3887 Cardinalis

294 3899 470 3988 aliquando
497 3901 555 3977 sit,
583 3921 681 3981 quam
709 3906 822 3965 sancta
848 3919 976 3982 semper
1003 3899 1079 3983 erit)
1107 3907 1180 3966 tum
1207 3901 1262 3986 pia
1313 3927 1372 3990 pro
1394 3907 1632 3984 sucPontifioe,
1655 3907 1709 3988 qui
1727 3906 1821 3972 nobis
1843 3906 1947 3989 primo
1968 3907 2119 3992 ingressu
2141 3916 2189 3973 tot
2204 3929 2283 3973 cru-

295 3988 336 4054 de
357 3986 491 4070 reliquis
513 3983 702 4052 sollicitudo.
1314 4013 1366 4057 ces
1388 3993 1535 4076 aspersit,
1559 4001 1596 4056 ιιι
1623 3991 1722 4056 biduo
1746 4001 1819 4074 post
1838 3991 2008 4057 brachium
2029 3993 2077 4057 illi
2099 4015 2140 4058 ex
2162 3993 2285 4076 fatiga

381 4073 499 4139 Cacsar
516 4069 674 4136 hactenus
692 4069 892 4154 exspectavit
909 4071 986 4136 dum
1003 4072 1157 4137 venirent
1167 4073 1262 4138 Prin-
1313 4079 1402 4142 tione
1433 4077 1596 4143 laborasse
1635 4078 1783 4143 arbitrer.
1838 4078 2036 4142 Mutinensis
2074 4079 2283 4162 episcopus⁹l

295 4159 396 4310 ppos:
429 4156 620 4305 adinerupp0
636 4153 692 4303 aba
705 4154 890 4304 inititpiodlno
916 4155 1092 4307 Baoaglii)t
1111 4159 1260 4308 otgatrc
1312 4161 1401 4263 filius
1422 4162 1756 4312 ΗὶοξοιιγθιιιὶἰΜονοιιι
1773 4163 1833 4264 sub
1856 4163 2286 4315 nunciiUtitulobseparatim

328 4261 544 4318 manucensis,
621 4261 670 4304 rm
692 4261 766 4305 niae
850 4261 925 4307 cons
943 4263 1005 4307 arm
1059 4265 1077 4308 e
1108 4265 1161 4308 exr
1189 4265 1259 4308 um:
1312 4268 1432 4314 missus
1454 4269 1511 4313 es.
1584 4270 1620 4312 on
1635 4269 1751 4313 arenas
1773 4269 1843 4314 sine
1865 4269 2025 4333 sangurne
2047 4271 2087 4314 su
2144 4272 2198 4316 cre
2221 4273 2286 4318 nos

295 4331 417 4396 sensim
438 4332 600 4394 venerunt
621 4325 730 4409 legati,
760 4325 842 4391 alius
866 4333 940 4410 post
962 4328 1070 4394 alium.
1114 4329 1260 4394 'Pandam
1312 4335 1416 4416 cupit:
1439 4334 1573 4416 proinde
1595 4339 1700 4399 tentat
1721 4355 1834 4400 omncs
1857 4335 1927 4400 vias
1948 4271 2143 4402 conficienffi
2161 4357 2204 4402 ex
2223 4358 2288 4402 sua

1311 4505 1551 4588 sangrunarius,
1570 4513 1604 4571 et
1621 4507 1744 4571 bellum
1762 4504 1898 4573 subinde
1916 4508 1951 4570 in
1969 4527 2023 4572 ore
2041 4506 2147 4573 habet
2181 4507 2289 4575 Uter·

397 4583 428 4644 2)
449 4579 529 4635 Pau
550 4595 625 4635 acac
650 4579 713 4634 1541
738 4580 918 4649 Ανροιιιοταιι·
941 4589 1088 4652 praeamata
1114 4601 1201 4656 asqroe
1222 4584 1261 4640 ad

297 4651 415 4723 cymas
429 4653 541 4718 practer
555 4651 715 4704 laamas
731 4651 802 4705 alica
818 4651 957 4720 abacmpts'
973 4659 1039 4708 aaut
1055 4655 1137 4709 σιίαιιι
1153 4655 1258 4712 Badra·

296 4725 343 4804 tas
358 4718 510 4858 zssaffl’
529 4723 555 4772 ct
571 4734 604 4774 cu
621 4717 752 4774 audietis
766 4718 980 4790 chlampadii,
997 4722 1136 4792 Zetnqttt,
1153 4725 1259 4781 Hodio-
1414 4725 1443 4793 6)
1462 4729 1490 4782 in
1508 4729 1554 4782 the
1572 4731 1717 4784 meantime
1735 4731 1854 4798 hospius
1872 4735 1920 4782 out
1937 4729 1983 4782 tho
2001 4730 2067 4784 time
2084 4729 2127 4783 ior
2144 4730 2220 4784 their
2239 4751 2290 4802 ap-

295 4805 342 4844 tas
387 4805 417 4842 a.
1332 4811 1452 4850 cunnos.

398 4851 693 4936 tchBs‘ctcbotaq,
718 4855 752 4910 dc
774 4870 827 4924 aaa
849 4871 913 4912 aaa
934 4857 1125 4927 leucadam·
1146 4862 1259 4931 epona
1312 4812 1330 4864 p
1416 4863 1777 4930 ltMartec'mthV.66.

296 4925 411 4982 dicatum
448 4923 489 4990 Cl-
509 4923 677 5004 &adcensa
693 4925 805 4992 Dalm.
820 4943 849 4994 p.
867 4925 926 4980 360.
1415 4931 1445 4996 8)
1464 4933 1534 4988 Dua
1555 4933 1744 4999 caroloque·
1765 4935 1799 4988 ia
1821 4933 2221 5002 meermannianam
2240 4951 2290 4990 aa·

398 4993 429 5058 4)
448 4993 506 5047 Hic
520 4992 630 5048 adcor
684 4993 732 5048 ‘sa
747 4994 890 5050 Gallonoa
906 4993 1008 5064 aliquas
1024 4996 1260 5066 qatdrqeatcrati
1312 4999 1735 5070 commmemoratione
1751 5004 2015 5058 cthasotcraarm
2042 5019 2077 5057 aa
2092 5003 2123 5058 bl
2139 5011 2200 5059 tam
2220 5013 2290 5064 taa-

299 5061 400 5116 aaa
415 5061 613 5142 maenaa,
681 5063 779 5131 asoa
793 5065 878 5132 para
894 5065 1257 5146 praememoratis
1308 5071 1388 5136 aaa
1416 5071 1469 5124 scs
1490 5071 1607 5126 amam
1630 5070 1811 5138 samaeas
1833 5078 1858 5128 a
1874 5072 1970 5128 aeae
1986 5043 2067 5128 etiae
2084 5071 2163 5129 aaa
2183 5071 2292 5134 oasa

300 5129 335 5183 60
351 5134 376 5185 et
393 5130 523 5198 Scltmtdt,
543 5129 638 5186 Stram
654 5149 679 5194 a
698 5130 730 5184 75
748 5147 781 5186 aa
798 5148 837 5203 cp.
857 5132 976 5188 &armas
992 5133 1030 5188 ad
1046 5134 1167 5190 Zaaam.
1310 5144 1433 5206 unciales
1453 5139 1539 5194 mai
1554 5145 1649 5194 ceum.

402 5203 431 5265 5)
449 5213 613 5270 thcpapac
623 5198 803 5268 stipendiatus
819 5201 1135 5273 appellatumque.
1146 5223 1173 5275 p.
1186 5203 1257 5273 672.)
1413 5207 1441 5274 9)
1463 5207 1588 5264 litemus.

1311 4419 1454 4484 utilitate
1483 4421 1606 4504 negotii
1634 4422 1717 4487 citra
1744 4441 1842 4485 arma
1893 4420 2086 4486 Mutinensis
2112 4431 2200 4487 ιοιιιε
2233 4433 2288 4488 eet
2415 4417 2416 4460 l
