4910 5974
1028 285 1108 348 1542
1131 281 1291 350 OOTOB.

611 521 685 592 tat.

420 673 634 743 BUGDRUS
656 673 868 744 cnnvmo.

249 844 301 911 Dc
326 848 531 913 wntoocrsio
557 867 658 928 nuper
683 845 808 913 Boreae
835 851 902 912 orto
930 847 1026 914 otiis
1049 867 1131 928 quoe

161 936 307 1014 aequatae
329 937 402 998 eant
421 937 549 1000 sendus
569 933 827 998 amoenorum
851 933 1022 1000 anantes
1050 933 1132 998 &em

161 1019 254 1084 sectr
273 1037 311 1082 oe
330 1015 487 1084 Calanae.
524 1018 605 1083 Tam
623 1017 744 1084 Foroili
765 1024 835 1084 aeto
856 1019 1011 1085 Meteneic
1026 1018 1132 1100 plari-

161 1103 220 1170 bue
239 1104 372 1184 seponit.

163 1274 307 1344 (Impresea
324 1273 425 1328 eonon
443 1291 470 1344 p.
488 1271 553 1338 365,
577 1273 657 1328 Daue.
675 1291 701 1344 p.
719 1271 753 1327 '10
789 1273 892 1330 Houor.
910 1291 936 1344 p.
956 1273 1003 1341 ta,
1027 1273 1131 1328 (iheum

477 1359 503 1412 p.
521 1339 580 1408 sor,
599 1343 687 1395 ems.
705 1359 731 1410 p.
748 1313 822 1409 lea.)

247 1545 301 1612 De
317 1555 408 1612 motu
424 1545 481 1611 illo
495 1549 520 1630 ¹)
541 1545 629 1612 idom
646 1546 779 1611 omnino
796 1544 882 1628 quod
896 1553 933 1611 tu
954 1565 1130 1625 suaseram,

162 1651 347 1716 quenquam
368 1653 434 1697 non
455 1633 642 1716 templana
663 1633 866 1714 scripseram.
909 1631 1131 1698 Circumstan-

162 1719 225 1783 tias
246 1737 362 1783 causae
383 1725 523 1800 questu
541 1717 636 1782 modo
652 1717 735 1782 mibi
756 1718 944 1799 exposuisti,
966 1717 1130 1800 ignoravi:

162 1803 235 1868 ideo
267 1823 340 1868 eam
372 1825 462 1870 nuno
494 1802 668 1886 petendam
706 1801 894 1867 dilationem
932 1811 1131 1885 optaveram,

163 1888 242 1953 dum
270 1888 450 1954 remisisset
476 1909 548 1954 sese
574 1887 634 1953 illa
660 1889 843 1953 animorum
871 1889 1042 1954 concitatio
1065 1895 1132 1951 tam

161 1974 261 2056 impio
282 1974 432 2052 excitata,
456 1983 488 2040 et
509 1975 707 2056 recepissent
727 1994 797 2038 sese
819 1974 937 2038 fratres
959 1973 1001 2038 ad
1022 1971 1132 2038 defen·

161 2060 287 2126 donem
308 2058 492 2144 ventatis2)
514 2079 649 2142 manem
667 2067 700 2122 et
720 2059 851 2124 claram.
895 2059 1005 2124 Huius
1026 2060 1133 2143 capita

161 2145 269 2230 prima
289 2145 434 2224 fuissent,
457 2143 707 2227 disputationem
717 2145 746 2222 8)
768 2143 852 2208 nihil
869 2165 968 2226 quam
990 2164 1132 2210 erassem

161 2231 253 2296 illam
274 2231 492 2314 praesentiam
513 2229 678 2309 damnare,
708 2237 742 2294 et
762 2231 943 2296 necessario
964 2229 1133 2294 fatendum

162 2337 275 2382 veram
303 2315 427 2398 percipi
454 2316 491 2380 in
518 2314 717 2382 eucharistia
745 2315 888 2399 eorporis
910 2322 944 2380 et
965 2315 1133 2398 sanguinis

162 2400 299 2467 Domini
315 2401 589 2468 communionem:
611 2409 682 2466 tum
698 2409 828 2466 caetera
844 2421 926 2483 quac
943 2399 1133 2482 discipliuae

162 2496 249 2566 sunt,
277 2487 364 2553 olore
385 2507 405 2552 a
426 2486 568 2552 Domino
590 2493 763 2568 praecepta
784 2505 855 2551 esse
877 2493 915 2550 ut
936 2483 1133 2551 dissimulari

163 2572 345 2655 meamque,
372 2572 437 2637 uisi
462 2570 595 2638 Obristo
618 2571 789 2656 abnegato,
817 2572 1038 2653 nonpossint
1083 2571 1134 2634 Tu

162 2679 216 2723 mo
248 2658 315 2724 tuis
347 2657 450 2723 literis
482 2657 688 2739 perturbasti.
744 2656 912 2739 Expertus
944 2656 1033 2720 enim
1061 2675 1135 2719 sum

162 2743 277 2809 multis
305 2744 342 2808 in
368 2743 447 2808 locis
475 2750 634 2826 quantum
663 2761 780 2807 causae
808 2741 956 2807 veritatis
987 2741 1135 2805 nocuerit

162 2827 490 2907 insinceradelousio,
509 2837 544 2892 et
561 2826 727 2911 neglectus
743 2826 988 2892 communionis.
1021 2825 1136 2890 Chris·

162 2923 218 2980 tus
240 2913 362 2998 gaudet
378 2914 538 2979 virtutem
555 2931 649 2978 suom
666 2912 714 2977 sie
730 2911 904 2995 explicare,
927 2933 968 2977 ue
985 2910 1136 2978 videntur

162 3000 326 3066 malorum
358 2999 536 3066 affectuum
566 3003 738 3081 patronus,
776 3005 810 3062 et
840 3003 939 3080 caput
974 2997 1133 3062 factionis.

161 3087 298 3152 Literna
319 3105 420 3164 meae,
442 3092 480 3150 ut
497 3105 587 3149 nuno
602 3084 750 3166 queritur
766 3082 817 3161 N,
828 3085 857 3166 ⁴)
875 3103 941 3148 non
959 3089 1039 3147 sunt
1055 3082 1135 3166 ipsis

162 3172 292 3237 allatae.
336 3169 519 3236 Oonsilium
547 3189 567 3234 a
588 3189 640 3234 me
658 3169 749 3253 petit.
794 3166 943 3235 Scribam
964 3169 1067 3252 igitur
1087 3167 1135 3232 illi

162 3257 204 3322 de
225 3257 413 3322 sinceritate
435 3255 581 3334 notionis,
610 3253 650 3319 de
672 3255 865 3320 necessitate
886 3253 1134 3332 communionis,

162 3343 204 3408 de
231 3343 288 3426 pia
315 3341 464 3408 cautione
492 3361 534 3404 ne
569 3340 647 3424 quid
681 3338 898 3406 admiscemur
929 3339 972 3406 ad
1003 3359 1135 3404 eausam

162 3426 308 3506 Christi,
331 3425 371 3492 de
393 3426 610 3508 explicatione
630 3425 728 3503 clara,
750 3433 785 3490 ot
805 3447 848 3490 ex
865 3423 1036 3508 seripturis
1056 3425 1135 3506 ipsis

160 3513 336 3580 manifeste
357 3511 557 3595 deprompta
579 3511 684 3594 qualis
704 3519 836 3590 tuaest,
855 3531 953 3594 quam
975 3531 1017 3575 ne
1038 3510 1135 3575 inferi

161 3599 298 3684 quidem
318 3597 512 3664 calumniari
540 3605 670 3680 queant
715 3595 866 3680 Denique
888 3595 928 3660 do
949 3595 1059 3678 probis
1077 3616 1134 3678 pa·

161 3685 284 3761 tronis,
314 3683 370 3768 qui
397 3689 431 3748 et
451 3681 577 3748 Obristi
605 3701 683 3749 vere
705 3683 786 3761 sint,
816 3689 849 3746 et
877 3681 983 3746 nostri
1005 3687 1134 3745 tantum

161 3776 299 3855 propter
315 3767 495 3834 Obristum.
527 3767 591 3832 Illa
610 3775 678 3831 tam
698 3787 849 3833 exsecror
866 3765 906 3831 de
928 3767 1133 3850 imaginibus,

155 3856 205 3932 ¹de
226 3853 456 3920 adservatione
481 3852 717 3936 symbolorum,
746 3863 783 3918 ut
810 3852 950 3918 libenter
976 3853 1135 3934 fingerem

161 3941 247 4007 mihi
280 3941 419 4006 conficta
450 3959 521 4004 esse
552 3959 612 4021 per
642 3937 846 4003 calumniam.
902 3936 987 4001 Nam
1018 3937 1135 4002 vidosa

162 4027 247 4092 bueo
269 4033 361 4103 sunt,
390 4029 425 4090 ot
450 4022 689 4102 submovenda,
716 4024 773 4089 ubi
801 4028 1037 4088 romanserunt
1082 4020 1135 4086 De

161 4113 372 4178 infirmorum
389 4107 713 4194 communicatiow)
734 4116 862 4174 motum
878 4106 1001 4190 aliquid
1022 4105 1134 4172 audio-

161 4219 246 4276 ram,
270 4203 303 4262 et
323 4215 390 4260 nou
411 4195 641 4277 improbabam.
674 4194 814 4260 'levero
835 4195 931 4276 pieet
951 4192 1148 4258 necessario-

161 4283 255 4362 faeis,
278 4279 365 4365 quod
380 4280 472 4346 facis:
493 4281 592 4345 etiam
603 4281 638 4344 in
649 4279 789 4345 infirmis
799 4288 833 4344 et
842 4277 968 4344 vitiosis
978 4275 1134 4343 fratribus

162 4365 371 4436 defendenda
382 4375 434 4432 est
446 4387 544 4432 eausa
557 4364 691 4432 (ibristi.
715 4361 783 4431 Sed
793 4365 890 4430 simul
903 4362 1010 4428 dendo
1027 4382 1133 4445 opera,

160 4462 201 4520 ut
223 4453 347 4518 infirmi
369 4450 541 4534 aliquando
563 4452 765 4526 roborentur,
787 4457 822 4514 et
841 4449 949 4516 vitiosi
970 4447 1135 4533 corrigun-

159 4549 230 4607 tur.
273 4539 321 4603 At
342 4535 420 4602 dum
441 4538 488 4601 ita
507 4537 629 4620 partim
649 4536 662 4600 i
686 4535 714 4601 si
742 4535 901 4620 fugimus,
930 4534 1050 4618 partim
1073 4533 1135 4601 Sa·

159 4635 263 4692 tunae
284 4619 453 4707 prodimus
478 4622 549 4706 pias
576 4557 730 4707 synodos,
759 4619 955 4706 quidnobis
983 4620 1134 4704 pollicea-

178 4915 250 4979 ffl.
269 4915 298 4976 1)
316 4913 500 4969 aneiam
517 4913 591 4970 droa
608 4928 718 4968 coeam
734 4911 905 4970 ὼπιίιιίωιι.

271 4981 299 5050 2)
317 4989 414 5038 coma
430 4983 627 5052 Zwiaylicnoe.

271 5051 298 5120 3)
314 5053 483 5107 Berncreeem
499 5069 527 5106 a.
546 5051 621 5106 1527.

272 5121 302 5188 4)
320 5121 459 5176 deborae.

272 5187 302 5256 b)
320 5195 493 5260 ecqrotonm
508 5189 702 5244 mamacas.

277 5273 387 5331 Oetam
401 5291 494 5345 opero.
536 5275 593 5331 Vol.
612 5273 667 5327 xi.

2088 286 2153 351 tto

1183 469 1291 536 morl,
1318 469 1471 536 Christus
1497 477 1596 554 eaput
1623 491 1694 536 esse
1722 471 1794 537 vult
1818 471 1964 538 omnium
1990 471 2153 539 membro-

1183 577 1257 705 rurln
1283 577 1431 638 suorum,
1458 561 1492 622 et
1518 577 1615 642 agore
1640 577 1700 640 per
1721 558 1890 638 universa,
1918 579 1983 622 uon
2004 579 2063 642 per
2084 560 2153 624 sin-

1184 661 1228 724 gu
1242 663 1269 706 a.

1268 725 1474 792 Exhilarasti
1491 747 1553 804 me,
1575 727 1660 793 facta
1681 727 1776 810 spe⁶)
1795 728 1911 811 plenae
1928 727 2152 794 interBerna·

1184 818 1233 876 tes
1254 819 1288 876 et
1308 821 1452 876 vestram
1473 813 1723 895 Rempublioam
1751 813 1993 879 conciliationis.
2037 813 2152 894 Quan-

1183 916 1281 979 quam
1303 896 1332 961 si
1352 917 1418 961 uon
1437 899 1652 964 contrahatur
1669 907 1702 962 et
1723 899 1931 966 eeclesiarum
1954 901 2097 978 societas,
2119 905 2154 965 et

1183 983 1375 1046 restituatur
1396 1004 1462 1047 une
1491 1005 1544 1048 res
1565 984 1798 1050 ecclesiasticas
1819 983 1979 1049 tractandi
2006 985 2152 1066 facultas,

1184 1067 1269 1132 nibil
1290 1069 1471 1150 praestabis
1498 1070 1553 1134 via
1580 1069 1823 1136 conciliationis.
1868 1069 2027 1135 Videmus
2049 1069 2153 1153 quoti-

1184 1153 1245 1230 die,
1267 1161 1305 1217 ut
1323 1153 1486 1219 Dominus
1507 1175 1562 1220 eos
1584 1156 1640 1237 qui
1662 1155 1763 1238 ipsius
1782 1175 1902 1220 nomeu
1923 1155 2055 1233 iactant,
2078 1175 2154 1222 oon·

1184 1238 1277 1322 iungi
1310 1239 1344 1304 iu
1384 1261 1419 1305 se
1459 1260 1526 1304 non
1561 1239 1713 1324 patiatur.
1786 1239 1929 1306 Instabis
1966 1242 2082 1324 igitur,
2122 1248 2156 1306 et

1183 1324 1311 1389 instabo
1333 1345 1392 1407 ego
1414 1333 1531 1402 tecum,
1561 1335 1598 1389 ut
1618 1346 1751 1392 oausam
1772 1323 1897 1392 Christi
1918 1327 2035 1392 fratres
2058 1347 2157 1409 quam

1184 1409 1436 1490 simplicissime,
1465 1417 1636 1488 ettotam,
1667 1418 1700 1476 et
1726 1431 1767 1476 ex
1795 1410 1893 1476 verbo
1916 1412 1978 1476 Dei
2008 1413 2094 1495 ipso,
2123 1417 2157 1478 et

1183 1494 1352 1574 συμμάχοις
1380 1515 1461 1577 pure
1488 1495 1676 1562 christianis
1698 1503 1806 1580 agant.
1851 1497 1917 1562 Per
1938 1497 2157 1563 ministerium

1184 1581 1313 1644 restitui
1337 1581 1445 1645 omnia
1467 1601 1600 1648 necesso
1621 1590 1684 1646 est:
1707 1602 1785 1664 ergo
1807 1581 2025 1646 ministerium
2048 1583 2157 1665 ipsum

1183 1664 1321 1747 prius.⁷)
1360 1663 1400 1730 ld
1432 1687 1511 1731 vcro
1539 1688 1605 1732 non
1637 1669 1710 1746 fiet,
1742 1667 1805 1730 nisi
1833 1668 2096 1750 conspirantibus
2123 1673 2157 1734 et

1183 1750 1401 1815 communitor
1423 1751 1592 1836 agentibus
1614 1761 1772 1836 quotquot
1799 1753 1885 1818 iuter
1913 1774 1948 1818 ee
1975 1754 2156 1818 communi·

1184 1855 1259 1900 care
1281 1845 1443 1918 poterunt.

1270 1921 1353 1986 Moti
1366 1919 1513 1988 Forellas
1530 1942 1630 1986 unam
1648 1921 1809 1988 duntaxat
1826 1923 2014 1989 concionem
2031 1923 2156 2004 babuit,

1184 2005 1271 2088 quod
1293 2007 1410 2086 sciam,
1443 2008 1531 2072 etin
1553 2009 1745 2074 coemeterio
1765 2007 2071 2074 Dominioanorum:
2101 2009 2157 2092 qui

1185 2113 1285 2174 quum
1312 2091 1400 2156 aliud
1432 2113 1497 2158 non
1531 2102 1677 2176 possent,
1710 2095 1849 2177 strepitu
1875 2115 2051 2176 campanae
2079 2115 2158 2160 suae

1185 2177 1324 2242 verbum
1346 2175 1481 2242 Domini
1503 2179 1621 2260 populo
1648 2189 1797 2244 avertere
1825 2181 1931 2245 conati
1960 2187 2044 2244 sunt
2089 2177 2158 2246 Sed

1186 2261 1335 2328 Forellae
1357 2271 1467 2328 nostor
1499 2283 1579 2329 voce
1611 2264 1747 2344 intenta,
1780 2285 1881 2346 usque
1913 2263 1955 2329 ad
1994 2285 2157 2330 summam

1185 2348 1403 2425 raucedinem,
1425 2368 1600 2431 campanae
1618 2350 1761 2415 sonitum
1779 2351 1866 2416 vicit.
1910 2350 2072 2416 Postridie
2094 2351 2159 2414 tria

1185 2433 1289 2497 millia
1316 2431 1453 2498 adorant
1479 2433 1677 2519 audituriz⁸)
1709 2436 1766 2501 scd
1795 2435 1960 2518 praecipui
1987 2435 2075 2500 inter
2102 2455 2158 2500 eos

1185 2519 1240 2600 qni
1263 2517 1472 2600 evangelium
1499 2527 1631 2602 potunt,
1661 2529 1695 2585 ot
1721 2521 1792 2604 ipse
1817 2521 1968 2605 consul0)
1990 2540 2010 2584 a
2032 2519 2159 2587 Fareldr

1185 2603 1415 2685 impetrarunt,
1438 2611 1475 2668 ut
1496 2605 1677 2687 quiesceret
1698 2605 1778 2670 dum
1800 2625 1929 2671 remeo
1951 2605 2157 2686 deducerent,

1186 2695 1225 2752 ut
1252 2689 1323 2753 siue
1349 2699 1439 2754 metu
1473 2699 1581 2756 motus
1613 2691 1717 2756 civilis
1744 2693 1855 2758 concio
1888 2691 2000 2757 baberi
2032 2699 2158 2774 posset:

1186 2771 1272 2855 quod
1304 2773 1397 2838 brevi
1433 2775 1501 2838 fore
1533 2775 1779 2858 pollicebantur.
1833 2777 1978 2843 Vocatus
2011 2775 2160 2844 Fortiter

1186 2857 1300 2922 eodem
1328 2857 1381 2922 die
1407 2858 1448 2923 ad
1477 2880 1640 2924 summum
1667 2861 1856 2939 eonsilium,
1883 2871 1917 2926 et
1942 2869 2159 2946 rogatusque

1187 2943 1321 3008 iubente
1352 2942 1586 3026 praedicasset,
1624 2951 1658 3010 et
1699 2967 1761 3031 quo
1793 2955 1939 3029 petente,
1972 2947 2158 3031 rospondit:

1187 3027 1321 3094 (ibristo
1343 3027 1476 3095 iubente
1497 3039 1530 3094 et
1550 3031 1737 3112 petentibus
1759 3030 1926 3097 membris:
1959 3053 2019 3097 nec
2047 3041 2159 3099 temen

1187 3115 1291 3180 voluit
1311 3135 1496 3198 quenquam
1518 3116 1710 3180 nominatim
1729 3115 1882 3182 iudicare.
1915 3117 1962 3182 nt
1982 3117 2061 3182 satis
2082 3138 2159 3200 gra·

1187 3200 1273 3264 viter
1294 3221 1332 3266 ao
1353 3201 1405 3283 pie
1427 3221 1536 3266 eoram
1558 3201 1623 3265 illis
1645 3199 1685 3267 de
1707 3223 1766 3266 suo
1783 3221 1920 3268 munere
1937 3209 1972 3266 et
1993 3201 2159 3284 praediea-

1187 3285 1274 3350 tione
1295 3286 1457 3372 evangelii
1475 3285 1636 3363 disseruit,
1659 3307 1776 3368 eosque
1798 3287 1895 3352 officii
1912 3287 1961 3352 sui
1980 3286 2158 3352 admonuit

1187 3369 1277 3436 Dum
1300 3391 1379 3436 vero
1406 3371 1456 3436 illi
1485 3371 1705 3438 deliberarent
1731 3370 1810 3455 quid
1838 3371 1878 3438 de
1905 3393 1943 3438 eo
1964 3379 2156 3453 statuerent,

1186 3457 1304 3522 fratres
1347 3455 1555 3522 deduxerunt
1595 3478 1670 3522 eum
1708 3457 1856 3523 domum:
1900 3465 1934 3522 et
1969 3457 2158 3540 impositum

1187 3545 1339 3626 equo,¹⁰)
1367 3541 1422 3624 qui
1448 3541 1673 3626 magnitudine
1699 3551 1732 3608 et
1760 3543 1874 3609 babitu
1902 3563 1968 3608 non
2000 3543 2158 3610 absimilis

1187 3647 1257 3692 esse
1270 3625 1396 3694 Foreilo
1414 3625 1594 3708 videbatur,
1617 3629 1817 3694 simularunt
1834 3649 1869 3694 se
1890 3628 2007 3694 fratros
2025 3627 2157 3712 quidam

1186 3711 1323 3778 educere
1341 3711 1511 3778 Foroilum.
1547 3714 1687 3778 iuterim
1704 3715 1828 3797 quievit
1845 3713 2000 3791 Forcllue,
2023 3734 2157 3798 exspoc-

1186 3805 1260 3864 taus
1282 3797 1478 3882 legationem
1500 3819 1597 3880 quam
1615 3799 1777 3884 evangelii
1798 3799 1901 3877 initio,
1923 3801 2034 3864 statim
2056 3821 2157 3882 quum

1186 3883 1255 3965 ipse
1281 3883 1400 3948 Metim
1427 3884 1588 3963 venisset,
1621 3885 1779 3950 miserant
1806 3883 1848 3950 ad
1875 3894 2019 3964 nostros,
2052 3885 2108 3967 qui
2136 3905 2157 3948 a

1186 3967 1308 4036 nostris
1336 3969 1495 4034 auxilium
1523 3977 1557 4034 et
1585 3969 1625 4034 ab
1655 3971 1808 4036 universo
1840 3969 1968 4035 foedere
1998 3976 2153 4052 peterent

1186 4054 1305 4119 Visum
1338 4054 1425 4119 enim
1457 4054 1520 4118 fuit
1551 4063 1589 4119 ut
1617 4053 1717 4138 legati
1745 4077 1788 4120 ex
1819 4057 1940 4121 nostris
1972 4055 2155 4120 Electorem

1189 4137 1346 4206 Saronico
1367 4147 1400 4204 et
1420 4139 1659 4224 Londprooicm
1680 4140 1823 4220 adirent,
1850 4148 1884 4206 et
1905 4141 1945 4206 ab
1966 4139 2033 4204 illis
2055 4139 2155 4224 recipi

1289 4428 1321 4560 ii
1335 4445 1499 4552 blan.
1514 4500 1694 4568 nannum
1711 4497 1954 4566 sereremus·
1969 4498 2028 4554 see
2043 4499 2075 4554 a
2085 4497 2153 4554 na

1187 4567 1280 4634 ectio,
1303 4567 1453 4622 Benenate
1475 4569 1558 4622 aiom
1579 4568 1769 4662 utnusquam
1787 4565 1901 4634 meri,
1923 4567 2033 4636 primae
2050 4583 2153 4638 acquu-

1188 4651 1277 4786 ΨΜ,
1287 4635 1737 4784 οὸἢπῖξιξῖᾙῶισιξωῖιξιιῗέιᾲι
1754 4704 1883 4772 presobor
1900 4722 1934 4758 au
1951 4705 2088 4784 cimetiere
2105 4705 2154 4786 dos

1188 4773 1312 4841 loeoprns
1329 4775 1454 4826 osbranle
1476 4775 1616 4828 tellement
1638 4776 1665 4827 le
1688 4773 1821 4842 velleque
1843 4789 1911 4826 ceux
1934 4773 1969 4826 de
1991 4774 2018 4826 la
2041 4773 2154 4852 rclrpmu

1188 4841 1616 4978 lidiilddliillmmdssssm
1623 4849 1684 4895 tout
1700 4842 1758 4896 leur
1775 4841 1896 4895 adortae
1913 4843 2047 4896 coutrmro
2065 4839 2154 4907 (Han.

1289 4979 1320 5044 9)
1338 4979 1459 5048 Gaspard
1482 4979 1515 5032 de
1534 4978 1593 5031 Heu
1618 4978 1660 5030 Sr.
1683 4976 1717 5029 de
1742 4977 1818 5047 Dry,
1841 4977 1947 5031 homme
1970 4977 2004 5030 de
2027 4977 2108 5030 bauto
2125 4983 2154 5032 et

1189 5048 1317 5128 ancienne
1335 5048 1436 5101 maison
1460 5054 1489 5166 ot
1511 5048 1558 5168 qui
1573 5046 1853 5168 gffiogdmpsdgm
1870 5045 1904 5098 de
1927 5046 1954 5098 la
1971 5045 2056 5098 verite
2074 5043 2154 5114 (eta.

1188 5111 1425 5252 Knefdjrffi
1434 5113 1616 5240 Ῑὶέοιιῗιιιιιιιὶι
1632 5182 1713 5239 vortit
1729 5179 1772 5236 Κ
1819 5151 1826 5168 ’
1852 5179 1963 5320 [mat
1979 5179 1997 5234 t.
