4846 5962
308 283 370 346 315
1074 273 1335 343 EPISTOLAE
1359 281 1522 344 ate-371
2235 279 2292 342 316

308 468 406 544 audit,
429 467 539 548 etqui
561 488 618 532 vos
640 467 766 548 spernit
787 488 840 530 me
861 465 999 547 spernit;
1022 464 1204 545 quiantem
1222 485 1274 526 me
1325 463 1452 528 Verum
1475 473 1601 529 tantam
1622 465 1685 530 Dei
1707 465 1962 529 misericordiam
1989 463 2024 528 in
2051 465 2222 547 scripturis
2246 465 2292 528 vi·

308 553 441 636 spernit,
461 552 587 633 spernit
610 573 684 616 curn
713 551 769 634 qui
793 551 884 614 misit
911 571 971 614 me.
1022 549 1112 613 Haec
1143 549 1273 613 Domini
1327 547 1446 614 derunt
1483 549 1717 632 praedicatam.
1757 559 1795 613 ιιι
1834 552 1903 613 eius
1941 549 2131 634 magnitudo
2165 559 2293 632 peccata

307 639 415 714 verba,
439 637 575 702 subinde
597 637 735 719 repetita
757 637 942 700 ministrum
965 634 1097 712 chrisa,
1125 635 1179 716 qui
1197 655 1275 698 vere
1326 635 1460 717 quaevis
1482 636 1692 710 atrocissima,
1714 637 1793 699 item
1815 644 1849 699 et
1869 635 2042 718 lapsorum,
2070 643 2179 718 posset
2206 635 2292 699 obte-

307 723 455 788 minister
476 731 533 801 est,
555 725 700 788 efficiunt
711 731 842 806 gratum
854 718 939 804 apud
951 719 1077 786 fideles:
1100 727 1166 784 tam
1186 718 1276 783 abest
1326 741 1405 784 rore.
1451 721 1527 785 Huc
1548 731 1580 784 ct
1599 721 1751 803 exempla
1770 721 1918 786 fecerunt
1946 721 2125 798 bianaseae,
2149 721 2241 784 Petri
2263 729 2293 785 et

307 818 344 874 ut
356 809 395 874 ab
409 809 792 890 unoatquealteroverbo
804 804 1273 871 severioreodiosumreddant.
1327 806 1478 882 aliorum,
1509 813 1546 870 ut
1573 807 1792 871 concluserint
1818 809 1903 870 sicut
1929 807 2078 871 auditum
2100 817 2157 871 est.
2202 804 2292 885 Quae

392 894 561 959 Hactenus
583 905 691 958 etitem
710 891 931 957 intelleximus
948 901 1111 973 pastorem
1130 904 1274 955 vestrum
1327 891 1496 956 adiicimus
1524 899 1562 955 ut
1590 893 1618 955 si
1647 891 1702 974 qui
1731 901 1807 956 eunt
1835 891 1926 976 (nam
1955 901 2112 974 perpetuo
2141 913 2214 973 spes
2236 901 2292 972 est,

307 979 355 1043 ita
383 978 577 1062 perdurasse
606 979 640 1042 in
670 979 816 1042 doctrina
848 999 928 1041 sana
957 998 1053 1058 quam
1083 997 1140 1041 vos
1172 978 1274 1056 impo-
1327 975 1412 1058 quod
1439 987 1472 1041 et
1500 976 1596 1041 modo
1618 997 1731 1041 sumus
1759 979 1885 1054 testati,
1915 999 1985 1041 rem
2008 998 2100 1043 secus
2128 999 2225 1059 quam
2255 975 2292 1042 ad

308 1065 429 1139 cuiatis,
452 1075 491 1128 ut
513 1087 554 1130 ne
575 1065 678 1128 latum
700 1062 828 1146 quidem
858 1062 996 1144 digitum
1030 1061 1070 1126 ab
1098 1083 1135 1126 ea
1157 1061 1275 1126 disces·
1327 1081 1386 1126 nos
1416 1061 1547 1128 devenit
1577 1062 1818 1144 habero)'qnos
1846 1064 1936 1128 Deus
1964 1063 2011 1126 ita
2040 1063 2104 1126 labi
2137 1062 2292 1144 permisit,

308 1151 396 1230 serit,
418 1151 482 1214 imo
504 1160 542 1214 ut
562 1151 615 1214 vel
637 1150 693 1232 qui
716 1157 873 1232 putantur
894 1148 1015 1213 inimici
1039 1148 1145 1212 virum
1166 1157 1276 1209 tamen
1327 1147 1368 1211 ad
1396 1169 1430 1211 se
1458 1145 1593 1212 redeant
1622 1147 1717 1212 etad
1740 1149 1928 1224 Dominum,
1956 1156 1989 1212 et
2009 1148 2038 1211 is
2060 1169 2171 1212 eorum
2198 1147 2292 1211 mise·

309 1247 342 1300 et
364 1257 384 1300 a
404 1235 469 1300 vitu
491 1245 524 1298 et
545 1257 565 1300 a
586 1235 734 1300 doctrina
760 1233 996 1298 commendent.
1046 1233 1136 1316 Ergo
1164 1231 1192 1295 si
1222 1251 1276 1296 vo·
1326 1232 1459 1297 rebitur.
1504 1233 1576 1298 Hoc
1594 1241 1705 1298 autem
1722 1235 1751 1297 si
1769 1235 1873 1298 faeere
1891 1232 2152 1310 detrectaverint,
2175 1234 2293 1316 magis·

309 1323 392 1387 catio
414 1320 560 1404 legn'tima
580 1333 637 1398 est,
660 1329 693 1384 et
716 1319 863 1384 Farelluc
879 1318 1115 1402 egithactenus
1132 1317 1274 1384 officium
1327 1339 1389 1400 que
1415 1317 1575 1400 placuerit
1601 1318 1777 1400 perdurare
1805 1321 1840 1382 in
1867 1317 2025 1397 tenebris,
2053 1331 2184 1401 praeter
2212 1319 2294 1383 iram

309 1406 395 1490 quod
419 1428 476 1472 vos
498 1407 560 1488 ipsi
582 1406 796 1482 commisistis,
819 1405 895 1486 quid
919 1425 997 1482 osse,
1015 1419 1073 1486 per
1084 1403 1275 1479 Dominum,
1326 1403 1389 1468 Dei
1408 1424 1506 1486 quam
1526 1405 1710 1487 graviorem
1733 1404 1912 1469 cervicibus
1930 1405 1999 1470 suis
2021 1403 2061 1468 ob
2084 1405 2293 1487 pertinaciam

308 1501 416 1575 potest
444 1489 529 1573 quod
558 1491 726 1557 ecclesiam
755 1492 851 1554 istam
878 1489 1069 1572 perturbat?
1124 1487 1277 1554 Severior
1327 1489 1431 1572 magis
1453 1509 1490 1553 ae
1513 1489 1617 1572 magis
1635 1492 1811 1571 imponent,
1833 1490 1927 1554 facile
1945 1489 2093 1554 videmus
2111 1509 2192 1572 quae
2211 1489 2295 1552 mala

309 1589 359 1642 est
385 1578 522 1642 forsitan
551 1598 647 1659 quam
677 1585 714 1641 ιιι
742 1576 841 1658 aliqui
870 1574 1008 1639 libenter
1043 1575 1156 1638 ferant.
1209 1570 1276 1638 sed
1328 1575 1394 1638 sint
1415 1584 1663 1657 consequutura.
1700 1575 1865 1658 Principio
1883 1596 1948 1640 non
1973 1575 2122 1639 desinent
2139 1596 2159 1638 a
2175 1574 2294 1638 tumul·

309 1661 371 1727 hoe
403 1663 443 1727 de
476 1661 611 1727 ecclesia
643 1671 753 1726 vestra
791 1683 855 1725 non
889 1660 968 1724 libet
1006 1659 1146 1727 credere.
1209 1657 1276 1738 Qui
1328 1651 1451 1724 tuendo
1474 1659 1577 1724 donec
1598 1671 1760 1741 compotes
1782 1661 1847 1725 voti
1870 1661 1991 1725 fuerint
2016 1661 2130 1736 effecti,
2153 1660 2214 1724 hee
2237 1667 2294 1737 est,

308 1769 447 1831 namque
474 1747 528 1812 vel
556 1748 721 1812 hominem
750 1747 834 1830 agit,
862 1755 953 1812 taceo
979 1747 1210 1822 christianum,
1243 1745 1276 1807 in
1329 1743 1430 1810 donec
1442 1743 1604 1810 Feraliam
1616 1744 1758 1810 viderint
1777 1747 1913 1810 eiectum
1936 1756 1970 1810 et
1992 1745 2091 1810 alium
2112 1747 2296 1829 quempiam

308 1832 405 1900 eorde
426 1854 485 1900 suo
506 1835 598 1898 nevit
619 1853 690 1900 osse
707 1842 856 1915 oportere
878 1831 933 1914 qui
952 1841 1083 1912 peccata
1100 1830 1277 1912 corripiant
1329 1830 1547 1914 subrogatum,
1571 1831 1627 1914 qui
1649 1831 1754 1896 dicere
1776 1831 1989 1914 compelletur
2011 1831 2180 1912 placentia
2227 1831 2295 1896 Imo

308 1915 350 1983 ed
372 1919 640 1984 emendationem.
676 1917 772 1998 Quod
794 1918 822 1982 si
843 1917 903 1983 hoe
925 1920 1026 1995 nevit,
1048 1917 1173 1980 invitus
1194 1915 1276 1980 acci·
1328 1937 1394 1980 non
1411 1915 1631 1998 compelletur,
1654 1915 1712 1981 sed
1729 1927 1844 2000 sponte
1861 1939 1919 1982 sua
1937 1916 2091 1981 mulcebit
2109 1916 2294 1981 auditorum

308 2025 385 2088 pere
406 2027 472 2068 non
493 2013 598 2087 potest
620 2003 698 2067 dum
720 2003 800 2068 vitia
817 2013 981 2078 taxantur,
1004 2004 1067 2066 nisi
1089 2001 1159 2066 Deo
1185 2007 1278 2066 vacet
1328 2021 1431 2066 aures.
1477 1999 1615 2067 Oavebit
1642 2004 1730 2066 enim
1759 2025 1800 2066 ne
1826 2003 1870 2066 sit
1892 2003 2049 2078 Furellas,
2079 2003 2142 2066 nisi
2169 2016 2205 2066 et
2227 2003 2294 2084 ipse

308 2110 365 2156 eor
387 2091 464 2154 eius.
510 2088 576 2154 Sed
598 2094 676 2164 esto,
699 2088 842 2154 severior
863 2089 915 2167 sit,
938 2087 1016 2154 dum
1037 2087 1127 2152 videt
1153 2089 1277 2170 flagitia
1328 2087 1409 2151 velit
1435 2087 1563 2170 expelli.
1615 2085 1711 2168 Quod
1739 2089 1767 2152 si
1794 2089 1894 2152 fuerit
1921 2089 1957 2152 in
1979 2090 2096 2165 animo,
2128 2107 2295 2170 nunqnam

308 2177 461 2260 graviora
483 2195 541 2257 per
561 2173 812 2258 impudentiam,
839 2195 882 2238 ne
911 2173 1056 2239 dicamus
1083 2195 1142 2256 per
1162 2172 1277 2254 impie·
1329 2193 1363 2237 se
1390 2172 1557 2255 praebebit
1584 2194 1810 2238 successorem.
1861 2173 1973 2256 Neque
2003 2173 2105 2256 igitur
2135 2173 2295 2239 habebitis

308 2267 426 2338 tatem,
460 2260 584 2342 patrari
616 2260 657 2324 ad
680 2259 958 2324 dehonestandum
983 2268 1132 2325 sanetum
1160 2279 1275 2322 nomen
1328 2259 1504 2336 meliorem,
1523 2279 1627 2340 neque
1645 2259 1811 2340 aequalem
1824 2261 1850 2324 si
1863 2259 1957 2324 illum
1968 2259 2135 2324 eieceritis.
2170 2259 2296 2339 Quam·

308 2343 383 2422 Dei,
407 2343 448 2410 ad
470 2345 756 2410 contaminandam
779 2345 961 2421 ecclesiam,
992 2345 1033 2411 ad
1057 2343 1180 2408 malum
1209 2364 1277 2407 om·
1328 2345 1439 2408 obrem
1461 2351 1494 2408 et
1514 2344 1616 2410 fames
1638 2345 1700 2408 erit
1721 2345 1812 2409 verbi
1834 2345 1869 2409 in
1891 2345 2026 2410 ecclesia
2048 2353 2170 2424 vestra,
2199 2365 2296 2427 quam

309 2431 402 2496 nium
425 2431 625 2512 exemplum:
647 2431 713 2494 iam
736 2439 805 2495 tum
826 2431 860 2495 iu
883 2431 988 2496 officio
1017 2431 1163 2514 delegato
1190 2443 1277 2493 reete
1328 2429 1446 2494 famem
1479 2449 1646 2511 nunquam
1679 2431 1817 2494 immisit
1850 2429 1941 2495 Deus
1981 2429 2060 2494 olim
2087 2451 2186 2510 quam
2220 2431 2297 2494 dnm

309 2523 468 2582 versatur.
519 2515 662 2598 Spiritus
697 2527 828 2582 sanctus
857 2517 946 2582 enim
978 2517 1087 2600 arguit
1118 2513 1277 2579 mundum
1328 2525 1473 2580 extreme
1495 2515 1556 2578 fuit
1577 2521 1753 2597 peccatum,
1777 2516 1917 2598 dumque
1942 2515 2058 2599 grandi
2085 2516 2193 2598 aliquo
2221 2536 2297 2598 sup·

310 2599 351 2666 de
373 2611 505 2684 peceato
531 2611 564 2665 et
593 2601 633 2666 de
661 2601 786 2666 iustitia
814 2609 848 2666 et
876 2600 915 2666 de
942 2602 1078 2679 iudicio,
1106 2611 1139 2665 et
1167 2609 1278 2684 pastor
1329 2600 1423 2682 plioie
1449 2599 1604 2683 populum
1632 2623 1727 2666 sunm
1756 2603 1888 2666 visitare
1917 2601 2028 2665 voluit.
2077 2601 2122 2665 Ει
2154 2601 2297 2683 proiecto

309 2685 415 2753 fidelis
441 2705 600 2770 organum
625 2695 675 2752 est
700 2707 759 2769 per
791 2685 877 2769 quod
909 2690 977 2772 agit
1009 2688 1151 2770 spiritus.
1205 2685 1277 2750 Iam
1328 2685 1400 2750 fieri
1421 2685 1540 2770 poterit
1557 2684 1654 2770 (quod
1677 2708 1771 2751 omen
1793 2688 1884 2751 Deus
1902 2687 2063 2769 avertatl)
2084 2698 2120 2750 ut
2141 2687 2299 2768 paulatim

309 2777 383 2837 tum
404 2773 472 2856 agit
497 2793 612 2837 verum
640 2782 821 2854 pastorem,
848 2772 962 2856 lupum
991 2774 1126 2856 abigens
1146 2793 1205 2855 pro
1226 2769 1277 2836 vi·
1329 2769 1450 2850 Satan,
1483 2779 1520 2836 ut
1551 2781 1601 2836 est
1632 2772 1720 2836 mille
1753 2773 1885 2850 artilex,
1918 2793 2030 2837 semen
2056 2781 2207 2856 spargat,
2236 2792 2299 2854 quo

309 2857 417 2936 ribus,
445 2877 488 2921 ne
516 2858 569 2922 vel
598 2879 676 2923 oves
697 2857 832 2922 invadat
853 2859 904 2922 vel
922 2859 990 2924 iam
1011 2859 1199 2924 vulneratas
1222 2877 1278 2939 pe·
1329 2856 1461 2922 tandem
1490 2857 1600 2940 gravis
1628 2857 1737 2939 aliqua
1763 2859 1858 2922 factio
1880 2858 2065 2924 suboriatur
2092 2859 2179 2921 inter
2201 2859 2299 2923 cives

309 2943 401 3009 nitus
430 2941 592 3008 dilaceret.
641 2941 713 3007 Iam
742 2951 830 3009 certe
858 2953 983 3027 patrem
1013 2945 1082 3030 agit
1110 2944 1166 3028 qui
1193 2944 1278 3008 ferre
1329 2941 1421 3023 Quae
1443 2962 1496 3008 res
1517 2953 1554 3006 ut
1575 2943 1721 3008 cavenda
1742 2945 1794 3020 sit,
1817 2941 1991 3026 prudentia
2013 2953 2123 3008 vestra
2150 2965 2216 3008 non
2239 2941 2299 3006 dif-

309 3030 422 3112 nequit
442 3038 480 3093 ut
499 3027 593 3094 liberi
614 3029 666 3092 sui
687 3030 828 3112 peccatis
849 3039 1105 3114 conspurcentur
1127 3049 1164 3095 ac
1186 3049 1278 3112 pere·
1328 3028 1456 3093 ficulter
1486 3027 1656 3177 &revidere
1688 3039 1802 3112 potest.
1858 3027 1946 3093 Illud
1978 3041 2126 3094 constare
2157 3029 2300 3106 videtur,

309 3124 381 3180 ant:
421 3114 488 3178 imo
527 3116 592 3178 iam
624 3115 661 3178 in
692 3116 882 3179 memoriam
914 3127 1044 3182 revocat
1076 3114 1154 3198 quid
1186 3113 1278 3180 Deus
1329 3135 1372 3178 ox
1393 3135 1490 3196 paroc
1528 3115 1662 3178 stotius
1685 3115 1855 3179 comitatus
1877 3115 1976 3179 vestri
1998 3115 2126 3179 nullum
2148 3135 2223 3180 esse
2245 3113 2300 3196 qui

308 3199 528 3268 comminatur
548 3199 718 3283 prophetis
739 3201 807 3266 suis
829 3221 886 3282 per
906 3200 1072 3268 Ezechiel:
1096 3199 1182 3284 qued
1203 3219 1277 3264 san·
1330 3199 1409 3264 velit
1432 3199 1533 3264 alium
1560 3201 1600 3265 ob
1628 3198 1808 3266 doctrinam
1833 3207 1865 3265 et
1893 3200 2056 3282 pietatem,
2079 3221 2145 3264 non
2167 3199 2208 3265 ob
2233 3199 2300 3264 sin·

308 3285 442 3370 guinem
471 3285 728 3368 delinquentium
757 3285 973 3369 requisiturus
994 3287 1038 3352 sit
1059 3285 1100 3351 de
1127 3285 1278 3351 manibus
1329 3285 1477 3368 gularem
1499 3284 1637 3368 aliquem
1660 3284 1831 3364 adfectum,
1853 3296 1983 3368 praeter
2001 3285 2171 3350 Forellam.
2208 3285 2302 3369 Ergo

308 3391 438 3448 eorum,
477 3372 505 3435 si
537 3381 688 3454 peccator
722 3391 780 3454 per
812 3371 1102 3437 dissimulationem
1133 3371 1277 3454 ipsorum
1330 3369 1499 3436 dissidium
1520 3391 1606 3436 nunc
1628 3379 1686 3449 est,
1709 3371 1897 3454 priusquam
1916 3372 1956 3435 de
1978 3371 2132 3436 electione
2156 3371 2200 3436 sit
2223 3392 2301 3436 con·

309 3457 450 3540 perierit.
502 3457 558 3520 An
589 3477 659 3521 csse
695 3463 816 3539 potest,
850 3459 1042 3539 praesertim
1074 3459 1110 3522 in
1143 3457 1278 3524 ecclesia
1329 3455 1472 3535 elusum,
1501 3465 1534 3521 et
1562 3455 1602 3520 de
1629 3477 1812 3522 successore
1841 3457 1962 3539 aliquid
1984 3467 2151 3522 statutum.
2197 3457 2301 3522 Prae-

309 3550 435 3618 vestra‚
463 3543 499 3604 in
526 3562 591 3624 qua
620 3540 772 3607 Christus
800 3563 859 3625 per
888 3544 1023 3608 verbum
1057 3547 1152 3609 suuin
1185 3551 1277 3607 tanto
1329 3551 1445 3606 caveat
1481 3541 1573 3606 Deus
1606 3540 1775 3607 dissidium
1807 3545 1944 3607 fratrum
1979 3543 2013 3606 in
2047 3544 2113 3606 suis
2145 3543 2300 3607 ecclesiis.

309 3632 456 3708 tempore
477 3625 654 3705 habitavit,
684 3628 739 3709 qui
757 3627 798 3692 ad
820 3627 1054 3711 correptionem
1071 3637 1278 3712 peecatorum
1329 3627 1415 3692 Nam
1437 3627 1498 3692 hoc
1519 3625 1691 3692 adfirmare
1713 3628 1879 3706 audemus,
1902 3639 2086 3693 extremum
2107 3627 2230 3694 diaboli
2249 3649 2303 3694 ee·

309 3711 364 3779 vel
385 3731 481 3777 aures
499 3734 563 3776 non
587 3711 694 3791 habet,
716 3712 771 3778 vel
792 3714 969 3780 teneriores
997 3714 1094 3779 habet
1122 3735 1220 3798 quam
1243 3722 1280 3779 ιιι
1329 3721 1443 3778 natum
1464 3714 1563 3776 istum
1583 3713 1691 3794 ipsum
1713 3735 1792 3779 esse.

309 3795 344 3864 id
355 3797 421 3880 pati
439 3795 591 3862 valeant?
625 3799 680 3862 An
702 3800 828 3881 estqui
850 3799 1278 3883 oblituspasteraliscurac
1415 3797 1503 3879 Quid
1526 3819 1603 3863 vero
1625 3799 1665 3862 de
1690 3799 1842 3864 seandalo
1872 3799 2015 3864 dicemus
2043 3799 2126 3880 qumi
2156 3797 2305 3864 ecclesiis

309 3889 344 3950 et
370 3883 467 3948 officii
491 3903 605 3948 vocem
631 3883 728 3966 paulo
757 3885 953 3950 severiorem
982 3895 1049 3949 tam
1076 3885 1188 3968 iniquo
1215 3885 1280 3949 fert
1329 3884 1393 3967 piis
1414 3895 1448 3947 et
1468 3884 1635 3966 papisticis
1660 3883 1735 3948 inde
1748 3883 1976 3968 praeberetur?
2012 3885 2203 3948 Horrebant
2214 3884 2303 3960 illas,

309 3967 419 4034 auimo
440 3975 479 4033 ut
501 3977 671 4051 pmpterea
687 3977 850 4052 pastorem
871 3968 992 4036 benum
1014 3993 1052 4036 ae
1073 3970 1203 4035 fidelem
1223 3991 1278 4036 eu·
1329 3969 1551 4034 turbabuntur
1584 3980 1617 4034 et
1649 3971 1766 4034 misere
1800 3981 1896 4034 erunt
1928 3970 2080 4036 adfectae.
2133 3969 2304 4047 Neocemi,

309 4053 380 4138 piat
401 4053 564 4120 eiectum?
1330 4053 1454 4133 dicent,
1482 4055 1689 4138 evangelium
1713 4056 1832 4120 habere
1855 4055 1984 4134 volunt,
2010 4067 2044 4119 et
2068 4077 2134 4120 nen
2160 4062 2306 4137 pessunt

396 4137 435 4205 Si
456 4139 539 4205 telos
561 4147 646 4218 sunt,
668 4139 731 4206 viri
753 4141 878 4223 optimi,
905 4141 1065 4221 dolemus,
1094 4142 1187 4206 nobis
1209 4163 1278 4207 ore·
1330 4141 1468 4217 tolerare
1495 4139 1658 4205 Fureilum
1684 4150 1819 4224 patrem.
1870 4141 1976 4220 Qtrule
2002 4149 2129 4222 oportet
2156 4161 2304 4223 evange-

312 4223 394 4304 dite,
421 4247 520 4308 supra
546 4245 644 4308 quam
673 4224 736 4292 diei
762 4233 884 4308 potest,
907 4227 1012 4292 vicem
1036 4228 1278 4306 vestram,i1no
1330 4225 1411 4290 lium
1443 4225 1524 4291 illud
1557 4247 1627 4290 esse
1666 4225 1751 4308 qnod
1788 4225 1948 4309 placebit?
2009 4226 2174 4291 Nimirum
2215 4223 2306 4309 quod

311 4307 443 4374 illorum
475 4321 509 4374 et
540 4319 692 4376 vestram.
746 4311 860 4389 Hane,
896 4311 981 4396 quod
1013 4314 1133 4379 seimus
1169 4313 1279 4379 oculos
1330 4311 1432 4388 docet,
1456 4311 1625 4376 Christum
1647 4325 1811 4376 mortuum
1830 4313 1899 4378 sine
1917 4312 2154 4377 resurrectione
2176 4319 2213 4376 et
2231 4311 2305 4376 sinc

311 4401 438 4461 vestros
465 4417 530 4460 non
557 4417 651 4478 posse
679 4397 925 4480 protervitatem
953 4398 1126 4481 impiorum
1158 4399 1279 4464 intueri
1330 4397 1517 4480 acceptione
1538 4397 1672 4478 spiritus
1693 4399 1804 4463 sancti.
1849 4399 1951 4478 Atqui
1973 4396 2035 4462 hoo
2057 4397 2121 4462 tale
2146 4393 2308 4479 estquod

312 4479 384 4546 sine
405 4499 522 4564 magno
543 4481 661 4560 dolore,
684 4482 796 4548 multis
822 4483 979 4565 suspiriis,
1007 4483 1210 4550 ferventibus
1231 4484 1279 4550 la
1330 4483 1419 4548 ducit
1439 4482 1480 4547 ad
1501 4483 1629 4560 inferos,
1654 4505 1730 4547 nam
1747 4482 1912 4565 praedicat
1928 4495 2066 4546 mertem
2084 4480 2211 4548 Christi
2233 4483 2308 4547 sine

312 4564 442 4650 erymis.
491 4564 643 4645 Illorum,
679 4565 766 4650 qued
798 4567 927 4650 lapsum
958 4569 1173 4654 intelligimus
1204 4591 1279 4654 gra·
1330 4568 1537 4652 poenitentia
1571 4569 1725 4650 Papistae
1749 4590 1824 4633 vero
1845 4589 1955 4634 annon
1977 4569 2177 4634 clamabunt:
2202 4567 2238 4632 N
2241 4587 2310 4634 une

312 4650 499 4727 vissimum,
526 4672 643 4734 nempe
671 4673 691 4716 a
719 4673 820 4737 regno
847 4651 911 4718 Dei
940 4653 1024 4736 quod
1050 4664 1101 4721 est
1127 4655 1209 4722 lueis
1238 4655 1279 4721 ad
1330 4655 1461 4720 tandem
1490 4661 1578 4736 patet
1606 4675 1689 4737 quae
1717 4655 1761 4719 sit
1792 4653 1938 4720 doctrina
1964 4675 2063 4737 quam
2091 4653 2185 4718 hodie
2210 4653 2310 4735 eupit
2408 4733 2409 4736 Ἴ

311 4751 452 4820 rognum
484 4732 626 4801 Satanae
658 4737 744 4821 quod
775 4739 983 4804 tenebrarum
1020 4749 1077 4805 est.
1132 4741 1205 4806 Hae
1243 4763 1279 4805 re
1329 4739 1481 4818 mundus,
1504 4759 1622 4822 nempe
1644 4741 1754 4805 vivore
1774 4760 1835 4822 pro
1856 4739 1960 4817 libitu,
1984 4739 2094 4804 vivere
2121 4759 2177 4822 per
2199 4738 2310 4804 licen·
2408 4747 2409 4780 l

313 4820 391 4904 quid
417 4821 578 4886 infelicius
606 4829 712 4904 potest
740 4823 825 4891 diei?
856 4822 934 4907 quid
969 4826 1119 4892 miserius
1148 4825 1277 4892 audiri?
1330 4827 1410 4892 tiam
1432 4825 1556 4902 carnis,
1584 4824 1715 4890 credere
1737 4824 1905 4891 Christum
1928 4825 2123 4890 satisfecisse
2144 4845 2204 4908 pro
2231 4843 2310 4906 peo-

312 4907 452 4972 Veteras
477 4905 517 4972 de
544 4905 644 4990 lapsis
670 4909 772 4974 multo
799 4909 909 4975 labore
940 4919 974 4975 et
999 4932 1119 4995 magna
1147 4919 1279 4978 eonten-
1330 4911 1411 4978 eatis
1441 4911 1568 4986 nostris,
1596 4919 1725 4975 tantum
1753 4918 1790 4976 ιιι
1815 4911 2038 4992 voluptatibus
2062 4909 2309 4994 indulgeamus.
2408 4929 2409 4978 ι

313 4992 402 5057 tione
434 4991 701 5076 disputaverunt,
733 5016 775 5060 ιιιι
807 4995 848 5060 ad
876 4997 1109 5078 poenitentiam
1139 4996 1280 5063 debeant
1330 4998 1422 5062 Haec
1444 5017 1524 5060 ansa
1544 4994 1678 5059 daretur
1698 4997 1807 5080 impiis
1829 5005 2068 5062 sacrosanctum
2090 4997 2313 5079 evangelium
2408 5045 2409 5070 ,

314 5075 452 5177 admitti,
474 5087 509 5143 et
524 5077 558 5143 id
570 5079 626 5144 vix
638 5079 769 5145 tandem
779 5081 989 5148 invenerunt:
1013 5082 1094 5147 adeo
1112 5091 1279 5166 peceatum
1331 5081 1456 5149 Ohristi
1490 5079 1725 5162 calumniandi,
1765 5082 1951 5164 quatumvis
1984 5081 2227 5164 praedicatores
2261 5079 2311 5164 pii
2408 5083 2409 5120 ι

313 5161 402 5228 istud
441 5163 564 5248 grande
603 5171 636 5228 et
674 5185 774 5248 grave
806 5167 869 5232 fuit
902 5168 937 5232 in
976 5165 1126 5234 cordibus
1157 5190 1277 5234 eorum.
1330 5189 1442 5234 omnes
1465 5167 1614 5232 nitantur
1630 5167 1666 5230 in
1683 5168 1890 5233 contrarium.
