4898 5970
299 303 361 366 b'lb
1070 291 1333 360 EPISTOLAR
1356 295 1524 361 cal-533
2234 295 2292 358 stt

297 505 369 552 esse
391 505 428 550 ac
510 503 583 549 vem
605 487 760 566 expertus
778 481 869 548 foret
913 480 1010 548 Nune
1032 481 1186 565 quoniam
1208 479 1271 546 alio
1323 478 1421 561 Quod
1460 489 1691 564 argumentum
1725 481 1859 560 attinet,
1898 481 2127 547 admonuimus
2158 482 2295 546 formam

297 573 439 655 migrare
485 567 602 634 abebat
622 568 659 632 in
680 567 798 648 animo,
820 567 1042 644 testimonium
1064 587 1084 632 a
1104 566 1197 632 nobis
1214 587 1271 650 pe·
1323 586 1393 632 esee
1414 565 1617 650 epithalamii
1644 565 1739 632 elteri
1767 587 1833 632 non
1862 567 2044 633 absimilem
2071 587 2154 650 quae
2174 567 2231 632 Ps.
2254 568 2294 629 te

297 657 352 720 tiit
371 661 540 720 anteactae
560 654 659 730 vitae,
681 652 768 737 quod
789 652 838 717 illi
859 673 928 718 non
950 673 1020 718 esse
1042 650 1271 737 denegandum
1323 651 1472 717 habetur.
1505 651 1575 718 Neo
1596 652 1728 718 omnino
1742 652 1919 736 quidquam
1936 653 2105 730 interesse,
2128 653 2192 718 nisi
2210 649 2295 735 quod

298 737 532 824 oenenimus.²)
586 738 659 803 Hoc
694 758 773 823 ergo
802 737 947 805 breviter
977 745 1138 804 testamur
1170 737 1271 802 talem
1323 757 1406 820 quae
1423 737 1477 804 hio
1494 738 1530 802 in
1548 758 1667 821 genere
1685 738 1830 804 brevitur
1848 738 2009 818 dicuntur,
2032 739 2135 804 fusius
2152 747 2186 803 et
2203 736 2295 823 quasi

276 825 397 891 fuisse
419 847 439 891 a
460 824 553 890 nobis
577 823 727 892 habitum
747 829 786 889 nt
807 833 919 890 nostro
941 825 1086 889 omnium
1109 843 1271 888 consensu
1324 823 1513 888 minutatim
1531 823 1737 906 explicantur
1759 823 1793 888 in
1819 823 1963 890 Cantico.
2005 821 2185 890 Decantari
2207 824 2294 888 enim

257 934 261 942 ·
296 911 362 975 iam
385 910 427 976 ad
448 931 569 976 munus
590 908 752 993 pastorale
774 907 955 974 destinatus
973 919 1067 988 esset,
1089 908 1153 974 nisi
1171 908 1271 974 obsti·
1322 909 1358 972 in
1375 909 1508 974 Psalmo
1525 908 1711 974 Salomonis
1732 908 2008 992 pulchritudinem
2030 923 2063 974 et
2084 931 2223 993 sponsae
2244 933 2294 977 or·

297 996 391 1062 tisset
418 1017 487 1060 una
518 1016 625 1061 cauea.
669 995 755 1060 Nam
784 1015 886 1078 quum
914 1015 956 1059 ex
977 1015 1068 1059 more
1090 993 1271 1077 inquirere·
1322 1001 1447 1074 natum,
1468 995 1516 1059 ita
1537 1003 1575 1059 ut
1595 1016 1648 1060 res
1669 995 1873 1076 respondeat,
1896 993 2071 1060 discrimen
2088 997 2123 1060 in
2140 996 2210 1062 sola
2229 996 2295 1064 dio·

296 1101 370 1147 mus
391 1101 473 1146 num
493 1080 528 1145 in
551 1089 618 1146 tota
640 1079 804 1146 doctrinae
831 1099 959 1146 summa
987 1081 1075 1145 inter
1095 1099 1157 1146 noe
1177 1087 1210 1144 et
1230 1079 1271 1143 il·
1323 1080 1422 1144 tionis
1450 1081 1557 1164 figura
1585 1100 1664 1145 esse.
1710 1077 1823 1160 Quum
1850 1081 1930 1146 haec
1958 1080 2082 1145 nullius
2107 1082 2196 1164 apud
2219 1103 2295 1148 eum

295 1165 365 1232 lum
388 1167 590 1243 conveniret,
621 1165 684 1230 dno
710 1186 781 1231 esse
800 1165 981 1248 respondit,
1009 1166 1183 1248 inquibus
1205 1185 1269 1229 ιιοιι
1321 1167 1480 1230 momenti
1501 1174 1626 1244 essent,
1654 1165 1911 1232 consultavimus
1937 1167 2025 1231 inter
2050 1187 2109 1233 nce
2138 1167 2295 1250 quidnam

296 1259 407 1336 posset
428 1251 594 1317 nobiscum
618 1251 755 1317 sentire:
786 1249 873 1334 quod
895 1249 1082 1317 Salomonis
1104 1250 1269 1318 canticum
1322 1271 1402 1334 opus
1424 1258 1510 1316 esset
1531 1251 1626 1316 facto.
1671 1250 1748 1317 Una
1767 1253 1911 1316 omnium
1931 1253 2094 1318 sententia
2115 1253 2185 1332 fuit,
2208 1254 2294 1337 peri·

297 1337 399 1403 sacris
433 1337 526 1402 libris
565 1335 839 1415 adscriberemus,
879 1343 913 1402 et
949 1336 1036 1419 quod
1076 1335 1268 1402 descensum
1321 1336 1467 1402 culusum
1499 1345 1533 1401 et
1564 1336 1642 1400 mali
1669 1337 1811 1418 exempli
1839 1338 1921 1415 fore,
1953 1336 2048 1402 eiad
2075 1337 2293 1406 ministerium

297 1421 425 1488 Christi
453 1421 494 1486 ad
523 1423 645 1488 inferos
674 1423 893 1506 acciperemus
922 1421 958 1486 in
980 1422 1188 1488 Oateohismo
1209 1442 1269 1505 pro
1321 1441 1395 1485 cum
1419 1422 1480 1488 hac
1502 1421 1686 1487 conditione
1704 1420 1938 1488 admitteretur.
1983 1423 2096 1489 Bonos
2118 1424 2207 1488 enim
2228 1427 2293 1510 pri-

297 1527 334 1574 eo
354 1529 451 1590 quem
479 1508 637 1573 sustinuit
665 1508 883 1574 conscientiae
910 1507 1060 1587 horrore,
1087 1529 1187 1592 quum
1209 1528 1268 1592 pro
1321 1528 1412 1572 mum
1434 1528 1501 1573 non
1518 1507 1636 1574 leviter
1653 1508 1816 1586 offensum
1836 1508 1887 1585 iri,
1909 1508 1937 1574 si
1955 1507 2089 1574 audiant
2105 1511 2292 1576 ministrum

296 1593 391 1660 nobie
414 1593 544 1658 sisteret
565 1615 600 1659 sc
617 1592 658 1658 ad
676 1592 740 1658 Dei
762 1593 916 1673 tribunal,
938 1601 976 1658 ut
996 1606 1129 1678 peccata
1146 1601 1267 1670 nostra,
1320 1613 1391 1658 esse
1410 1614 1429 1658 a
1446 1593 1539 1658 nobis
1557 1600 1713 1672 creatum,
1735 1593 1790 1675 qui
1807 1593 1938 1673 librum,
1960 1615 2056 1676 quem
2074 1595 2110 1659 in
2127 1617 2292 1662 sacrorum

295 1698 433 1761 poenam
462 1700 499 1744 au
527 1679 788 1744 maledictionem
815 1679 851 1744 in
881 1700 916 1744 se
937 1678 1178 1757 transferendo,
1208 1699 1269 1745 sua
1320 1676 1479 1744 librorum
1503 1679 1649 1762 catalogo
1669 1677 1811 1744 habeant
1828 1699 1941 1745 omnes
1959 1679 2123 1760 ecclesiae,
2140 1701 2293 1764 respuere

295 1770 400 1829 morte
421 1763 577 1847 expiaret.
612 1763 782 1844 Quantum
804 1765 845 1829 ad
867 1765 930 1830 hoo
951 1766 1112 1849 posterius
1133 1772 1267 1848 spectat,
1320 1784 1355 1828 se
1377 1785 1414 1830 ac
1437 1763 1593 1829 damnare
1616 1764 1721 1847 palam
1754 1766 1950 1846 profiteatur.
1995 1765 2095 1832 Malis
2117 1777 2150 1832 et
2171 1768 2293 1850 impro-

295 1850 374 1932 quin
396 1849 451 1932 pia
471 1858 556 1916 esset
579 1871 616 1915 ac
645 1860 758 1916 sancta
778 1849 926 1916 doctrina
947 1871 1044 1933 quam
1065 1851 1268 1934 profitemur,
1319 1849 1386 1927 bis,
1413 1851 1468 1932 qui
1497 1856 1531 1914 et
1556 1850 1735 1915 infamandi
1764 1850 1924 1933 evangelii
1951 1859 1984 1915 et
2013 1851 2111 1916 huius
2140 1852 2291 1919 ecclesiae

295 1956 361 1999 non
381 1935 536 2018 negabat:
560 1933 600 1999 de
620 1955 659 2000 eo
680 1943 810 2000 tanturn
835 1943 906 2000 erat
927 1937 1158 2014 controversia,
1188 1955 1268 2007 num
1319 1933 1511 2000 lacerandas
1540 1937 1742 2000 occasionem
1774 1944 1920 2018 captant,
1952 1936 2000 2002 ita
2028 1937 2207 2004 fenestram
2234 1959 2292 2022 per

296 2021 342 2086 sic
363 2019 595 2104 intelligendus
624 2028 711 2086 esset
739 2020 792 2086 hic
818 2020 917 2087 locus.
961 2021 1111 2086 Primum
1133 2020 1268 2085 rationi·
1320 2039 1380 2084 nos
1403 2029 1551 2102 apertum
1569 2021 1618 2084 iri.
1652 2021 1824 2086 Postremo
1848 2020 1909 2086 hac
1926 2021 1998 2106 lege
2019 2041 2080 2088 noe
2101 2022 2291 2090 obstrictum

295 2105 356 2171 bus
378 2105 486 2172 conati
507 2127 619 2171 sumus
641 2127 716 2171 eum
735 2104 895 2171 adducere
912 2107 948 2170 in
970 2115 1116 2172 nostram
1136 2114 1268 2171 senten·
1319 2105 1361 2168 iri
1399 2106 1433 2168 in
1473 2113 1657 2188 posterum,
1696 2127 1738 2170 ne
1775 2107 1826 2171 cui
1867 2106 1963 2172 alteri
1998 2109 2079 2174 vitio
2117 2118 2290 2190 vertamus,

296 2191 385 2268 tiam,
408 2211 490 2273 quae
512 2199 626 2256 contra
645 2191 762 2256 obiecit
779 2199 974 2274 argumenta
995 2192 1213 2257 refutavimus
1230 2197 1269 2255 ut
1319 2190 1347 2254 ei
1369 2199 1425 2254 aut
1446 2189 1677 2269 Ecclesiasten,
1699 2192 1960 2270 autProverbia‚
1980 2203 2155 2259 autunum
2180 2215 2291 2277 quem·

295 2277 468 2360 potuimus.
503 2274 614 2356 Quum
634 2275 718 2340 nihil
736 2275 796 2343 hoc
813 2276 909 2342 modo
927 2279 1166 2359 proficeremus,
1184 2277 1267 2340 inita
1319 2296 1382 2358 que
1402 2274 1524 2341 librum
1551 2297 1592 2342 ex
1619 2277 1752 2360 reliquis
1779 2276 1941 2360 repudiet:
1969 2279 2032 2343 nisi
2061 2279 2144 2344 forte
2165 2281 2201 2345 in
2231 2281 2290 2346 hoo

295 2360 429 2426 tandem
459 2361 593 2426 anobis
623 2362 687 2426 fuit
715 2361 779 2426 ulia
805 2361 897 2427 ratio.
941 2361 1156 2428 Ostendimus
1177 2383 1267 2445 sym·
1319 2368 1485 2426 certamen
1507 2360 1703 2428 descendere
1723 2361 1833 2440 libeat,
1855 2364 1928 2446 quie
1944 2365 2063 2446 spiritu
2084 2373 2199 2431 sancto
2221 2366 2290 2450 dig·

295 2446 408 2515 bolum
424 2445 500 2512 fidei
517 2467 584 2512 non
602 2445 664 2511 alio
682 2448 855 2529 pertinere,
874 2466 979 2530 neque
995 2447 1032 2512 iu
1049 2447 1149 2512 elium
1167 2447 1267 2513 fuisse
1296 2455 1297 2458 ’
1319 2469 1381 2512 nus
1403 2447 1447 2512 sit
1468 2455 1526 2511 aut
1542 2445 1706 2532 indignus.
1751 2449 1801 2513 No
1821 2449 1894 2531 quie
1916 2470 1994 2532 ergo
2013 2450 2101 2514 aliud
2125 2451 2289 2534 quidpiam

295 2533 396 2596 finem
417 2532 642 2613 compositum,
660 2532 723 2597 nisi
743 2539 781 2596 ι11
797 2539 942 2598 exstaret
952 2533 1062 2599 brevis
1079 2553 1117 2598 ao
1128 2533 1267 2616 simplex
1319 2551 1436 2598 caueae
1458 2553 1529 2598 esse
1551 2534 1744 2616 suspicetur,
1776 2553 1836 2598 cur
1857 2557 1877 2598 a
1898 2536 1989 2602 nobis
2012 2535 2158 2601 discedat
2180 2535 2287 2602 Sabus·

298 2615 535 2682 christianismi
573 2636 716 2696 summa,
755 2637 838 2699 quae
874 2625 907 2684 et
939 2637 1052 2684 sanam
1085 2618 1266 2684 doctrinam
1317 2619 1433 2698 tianae,
1463 2619 1525 2684 hoo
1547 2639 1738 2702 quocunque
1767 2621 1895 2684 venerit
1922 2629 2079 2686 testatum
2105 2643 2176 2688 esec
2195 2621 2287 2690 volu·

296 2701 478 2768 contineret
500 2709 533 2766 et
552 2702 708 2784 populum
730 2702 861 2768 doceret
881 2703 921 2768 de
942 2705 1039 2770 robus
1059 2705 1203 2770 maxime
1224 2704 1267 2770 ad
1318 2723 1400 2769 mus.
1445 2701 1584 2770 Scholae
1606 2705 1794 2788 magisterio
1823 2713 1940 2790 sponte
1968 2725 2003 2772 ee
2032 2705 2205 2773 abdicavit.
2249 2707 2289 2773 In

296 2785 435 2853 salutem
458 2787 656 2852 necessariis.
709 2785 868 2854 Sufficere
895 2809 974 2874 orgo
998 2789 1047 2854 illi
1075 2790 1207 2868 debere,
1238 2791 1267 2855 ei
1318 2809 1355 2854 eo
1378 2789 1425 2854 ita
1446 2809 1481 2854 sc
1507 2798 1652 2874 gesserat
1678 2799 1716 2856 ut
1743 2810 1834 2857 sacro
1861 2791 1924 2857 hoc
1950 2792 2132 2858 ministerio
2154 2793 2288 2878 dignum

295 2891 364 2937 non
382 2871 449 2936 nisi
470 2892 581 2937 sanam
611 2874 764 2956 piamque
785 2873 968 2940 doctrinam
995 2875 1132 2942 haberet
1153 2881 1267 2942 nostra
1317 2872 1543 2940 indicaremus.
1584 2875 1769 2956 Quominus
1790 2884 1901 2942 autem
1922 2885 2073 2961 receptus
2094 2879 2201 2960 fuerit,
2224 2902 2288 2945 non

296 2957 452 3040 expositio
480 2965 514 3023 et
542 2956 585 3022 ad
612 2959 868 3024 aedificationem
896 2968 974 3043 apta
1004 2969 1099 3028 esset.
1151 2961 1267 3044 Neque
1317 2959 1426 3043 aliqua
1448 2961 1535 3026 vitae
1562 2961 1707 3041 macula,
1734 2983 1801 3027 non
1827 2962 1965 3046 impium
1993 2961 2123 3047 aliquod
2148 2963 2185 3030 in
2213 2965 2287 3031 fidei

296 3043 384 3108 enim
406 3063 466 3108 nos
494 3043 678 3126 improbare
706 3045 859 3112 eeclesias
887 3067 969 3130 quae
991 3067 1084 3113 secus
1105 3047 1266 3130 interpra-
1317 3055 1447 3111 nostrae
1469 3046 1630 3130 capitibus
1651 3045 1779 3131 dogma,
1802 3047 1859 3114 sed
1882 3047 1962 3115 haee
1983 3070 2051 3114 una
2072 3070 2170 3133 quam
2190 3073 2287 3137 expo-

294 3134 452 3194 tarentur.
497 3129 640 3194 Tantum
661 3129 696 3194 id
717 3131 810 3196 nobis
832 3152 929 3198 curae
950 3153 1029 3210 esse,
1051 3131 1202 3214 nequod
1224 3154 1265 3198 ex
1318 3131 1442 3198 suimus
1464 3153 1563 3200 cauea
1584 3133 1757 3218 obstitit.⁸)

293 3214 394 3281 variis
440 3214 696 3298 expositionibus
744 3237 845 3300 grave
895 3217 1019 3282 malum
1066 3229 1264 3284 nasceretur.

293 3298 485 3382 Respondit,
507 3300 594 3365 nolle
615 3321 651 3366 se
671 3302 825 3384 recipere,
848 3302 934 3384 quod
951 3310 1116 3386 praestare
1133 3303 1198 3368 nisi
1214 3324 1266 3368 re·

294 3392 463 3470 pugnante
491 3386 689 3452 conscientia
720 3407 788 3451 non
820 3395 937 3471 posset.
987 3387 1114 3454 Verum
1142 3389 1267 3472 praeci·

294 3491 399 3554 puum
426 3469 519 3536 nobie
546 3481 712 3538 certamen
741 3472 781 3537 de
803 3473 938 3538 Oantico
965 3474 1036 3538 fuit.
1087 3473 1267 3539 Existimat

295 3557 383 3620 enim
404 3555 564 3622 lascivum
591 3564 624 3622 et
645 3557 839 3624 obscoenum
860 3577 931 3624 esse
953 3581 1094 3639 carmen,
1117 3580 1181 3642 quo
1203 3558 1266 3626 Sa·

293 3639 382 3705 lomo
403 3641 585 3725 impudicos
605 3662 681 3707 suos
703 3661 829 3708 amores
851 3641 1067 3727 descripserit.
1099 3645 1266 3728 Principio
1420 3659 1451 3729 3)
1473 3661 1774 3720 8111111111111111
1799 3663 1897 3734 Heary
1913 3663 2045 3720 edocabit
2063 3663 2102 3718 17.
2116 3664 2198 3720 Febr.
2217 3663 2285 3734 1554,

295 3723 449 3792 obtestati
473 3747 547 3792 eum
577 3748 708 3806 snmus,
738 3735 777 3792 ut
802 3751 844 3794 ne
871 3738 1065 3814 perpetuum
1092 3731 1266 3797 universae
1372 3729 1518 3786 domnam
1533 3731 1650 3798 samm,
1672 3737 1697 3787 ‘l
1717 3734 1810 3800 11011ιω
1836 3733 2005 3802 *temam
2026 3749 2107 3804 quaa
2130 3737 2226 3788 ‘W’
2239 3735 2284 3790 l*

295 3811 451 3878 ecclesiae
469 3831 663 3877 consensum
681 3821 804 3879 temere
821 3835 881 3898 pro
898 3815 1001 3880 nihilo
1018 3816 1162 3882 duceret.
1184 3815 1266 3882 Nul·
1319 3799 1929 3935 ,fflfflffimffgmlffmfflfflfzf
1949 3805 2052 3883 ΡΜ
2074 3804 2101 3856 ⁰
2152 3803 2224 3926 ἐφ’·
2239 3803 2286 3859 ¹¹⁰⁰

295 3897 363 3962 lum
396 3895 512 3996 ⁰⁰⁰i⁰⁰
541 3897 616 3996 ⁰⁰⁰⁰
644 3899 763 3999 librum
792 3921 879 3999 ⁰⁰⁸⁰
914 3899 954 3966 ⁰⁰
982 3922 1045 4002 9¹¹⁰
1074 3923 1139 4002 ¹¹⁰⁰
1168 3903 1268 4002 &⁰¹⁰⁰
1319 3936 1358 3990 cis
1381 3943 1445 3990 antu
1474 3936 1568 3991 diebus
1590 3885 2164 4007 gastaldioeara'mLarlssbenabiaerssrfficeaii
2177 3887 2286 3995 ‘dam

295 3982 1023 4068 110110111111131111111111111111111111110.
1057 3985 1149 4068 Qum
1167 3997 1268 4053 etlam
1319 4005 1360 4059 ott
1377 4004 1421 4072 (N.
1439 4001 1512 4070 530).
1550 4005 1790 4060 Sanctionem
1811 4007 1915 4061 demum
1932 4008 2007 4062 Iulio
2024 4007 2143 4062 11111111
2160 4015 2187 4064 et
2205 4008 2288 4064 0111-

296 4090 338 4135 ex
359 4069 414 4147 iis,
442 4069 559 4152 quibus
581 4077 702 4134 certam
729 4073 938 4137 autoritatem
966 4093 1054 4139 nunc
1081 4071 1267 4151 deferimus,
1319 4073 1631 4144 „resonantque
1655 4075 1801 4142 ‘memte
1819 4077 1960 4142 misma
1981 4092 2073 4130 vm
2095 4077 2155 4145 *lm
2173 4076 2287 4132 &m

296 4153 454 4238 quosdam
483 4175 551 4220 non
578 4156 678 4221 fuisse
705 4156 798 4220 initio
824 4157 945 4240 absque
966 4159 1189 4224 controversia
1216 4179 1267 4223 re·
1319 4141 1962 4282 mgffi’g‘m'fgmdjggfffffiffflgiffgdg
1975 4144 2286 4270 ffiffiffiflffi

297 4247 420 4340 091)ῈοΒῖ
449 4229 538 4304 hu⁰⁰
565 4261 584 4305 Β
611 4241 743 4341 Πθῐῐξίὓθ
772 4242 879 4324 Palam
913 4243 1013 4309 fuisse
1046 4265 1190 4344 unquffm
1208 4265 1267 4344 ,¹',⁰'
1320 4285 1496 4334 1111111111
1514 4227 1625 4334 01111111
1641 4295 1681 4348 ep.
1698 4280 1737 4334 ud
1760 4281 1879 4336 Visetum
1896 4282 2033 4336 ostendere
2049 4281 2287 4340 armarentur·

295 4323 475 4408 pudratum.
520 4325 684 4393 Obtestatr
705 4348 832 4410 quoque
861 4349 975 4394 sumus
998 4351 1039 4396 ne
1066 4329 1268 4396 suo1udrcro
1320 4348 1418 4402 111111
1431 4348 1584 4402 alumnam
1601 4350 1656 4402 tara
1671 4351 1790 4418 patiere.
1817 4349 1950 4420 Denique,
2021 4351 2220 4406 1111111111
2236 4367 2287 4408 ιιο·

295 4409 371 4494 plus
392 4431 495 4493 aequo
516 4423 698 4496 arrogaret:
732 4415 923 4495 praesertim
952 4435 1055 4497 quum
1082 4415 1166 4479 nihil
1192 4437 1269 4499 pro·
1321 4417 1413 4481 meaa,
1436 4431 1574 4471 mmor
1590 4419 1617 4471 δ”
1633 4418 1690 4472 *Μ
1708 4417 1866 4486 despuetur
1888 4425 1950 4474 erat
2035 4421 2096 4488 59⁸⁰
2119 4427 2236 4488 let'fvt‘
2251 4419 2288 4476 Μ

295 4503 432 4579 poneret
452 4497 538 4578 quod
560 4519 627 4563 non
644 4519 757 4564 omnes
777 4506 852 4564 anto
869 4519 944 4564 eum
966 4511 1082 4565 natum
1100 4500 1268 4567 vidissent.
1319 4485 2287 4626 13883331τᾶαὲἑξζζῖεζι(ῗῶῥξιῇεξὲδῗέόωεωὲαπῧῧέ

1326 4621 1440 4676 Videtur
1462 4638 1526 4677 ero
1548 4639 1592 4677 res
1614 4623 1655 4676 alt
1690 4640 1706 4679 o
1728 4623 1808 4679 modo
1828 4641 1880 4693 pro
1897 4631 2014 4694 tempora
2031 4631 2180 4694 composita
2195 4628 2288 4693 [uuae.

1318 4690 1360 4745 tto
1377 4696 1409 4746 ut
1424 4707 1459 4746 ιιι.
1497 4691 1555 4747 utto
1574 4690 1638 4748 (laet
1671 4693 1814 4748 11111111
1832 4700 1957 4750 11111111
1974 4694 2053 4750 adire
2070 4695 2200 4751 debead.

397 4783 427 4850 2)
447 4785 553 4850 Quaero
563 4802 618 4852 cur,
631 4793 775 4858 postquam
785 4787 882 4842 deinde
892 4787 917 4841 ei
926 4787 991 4842 ludo
1001 4789 1108 4843 circiter
1119 4789 1266 4846 triennium

296 4854 413 4924 praeful,
439 4860 469 4907 tu
487 4853 553 4908 mihi
571 4857 702 4924 scriptum
725 4863 753 4910 et
774 4861 822 4910 tua
839 4873 920 4910 manu
938 4857 1124 4926 subsignatum
1142 4861 1265 4914 testimo·

297 4923 371 4976 nium
394 4922 502 4976 dederis
522 4924 681 4978 innocenter
705 4933 781 4979 actae
805 4925 898 4978 vitae?
933 4925 1003 4978 Nam
1027 4926 1055 4979 id
1079 4927 1265 4982 testimoninm

1623 3270 1768 3337 Ministri
1790 3270 1942 3337 ecclesiae
1964 3270 2178 3340 Geneveneia.

1736 3355 1878 3444 ¹Ioannes
1899 3355 2058 3424 Oalvinus

1472 3453 1477 3463 '
1546 3441 1693 3507 omnium
1714 3443 1846 3508 nomine
1867 3463 1905 3510 ac
1927 3441 2082 3508 mandato
2103 3442 2286 3529 subscripsi.

297 4991 1265 5137 1111111111,’11111111111111111111

298 5139 405 5192 gemeus
427 5145 485 5181 sum
510 5129 576 5183 illud
602 5129 786 5183 testimonium
810 5131 898 5185 adhuc
922 5139 1044 5200 exstare,
1067 5133 1149 5202 idque
1171 5133 1266 5202 multis

298 5195 404 5248 ostendi
421 5197 557 5251 nonnullis
574 5200 656 5252 etiam
674 5201 906 5254 concionatoribus
923 5209 973 5254 etc.
1012 5199 1137 5257 Gmteltt'o
1154 5201 1170 5256 l.
1190 5219 1212 5258 c.
