4888 5966
150 374 212 438 665
995 376 1075 439 1542
1093 371 1281 440 [ANUAR.

2078 379 2141 445 366

153 568 210 626 est
253 559 362 625 Ambo
382 559 504 626 indocti
525 563 617 627 iuxta
638 573 670 628 et
698 564 837 647 superbi.
880 564 934 631 Ad
960 563 1122 629 inscitiam
1172 567 1302 626 nostrae
1320 559 1643 627 commandationem.
1656 561 1697 647 ι1)
1729 561 1821 628 Haec
1838 565 2012 646 praelatus,
2034 565 2141 633 locum

153 644 276 710 accedit
296 645 424 710 incuria
445 655 478 711 et
499 649 668 727 securitas,
697 651 773 733 quia
793 671 961 733 nunquam
988 649 1044 716 vel
1064 669 1123 731 per
1173 644 1402 728 explicandum
1424 647 1582 729 assumpsi
1608 647 1644 711 in
1666 669 1728 730 quo
1750 649 1970 714 substiteram:
2000 672 2062 734 quo
2088 653 2140 717 in·

154 732 319 797 somnium
357 731 543 814 cogitarunt
579 733 659 815 quid
697 735 741 800 sit
771 736 925 802 ecclesiae
963 753 1121 818 praeesse.
1174 729 1321 795 dicabam
1344 751 1396 796 me
1424 731 1465 795 ad
1496 740 1625 814 tempus
1653 734 1868 800 intermisisse
1895 731 2015 818 magis,
2042 757 2140 819 quam

153 817 245 881 inter
267 815 328 881 has
349 818 461 899 spinas
481 817 564 882 mihi
580 840 711 884 necesse
733 828 782 886 est
803 823 936 887 versari.
969 819 1122 904 Rogabis,
1175 815 1361 898 deposuisse
1382 813 1518 880 docendi
1535 837 1664 883 munus.
1709 817 1878 900 Quantum
1900 819 1941 884 ad
1962 821 2140 886 calumnia·

154 921 237 984 quae
259 903 302 966 sit
323 901 402 966 haec
422 903 604 969 necessitas.
637 905 758 972 Paucis
780 907 841 971 tibi
862 925 1038 990 exponam:
1061 905 1123 970 seis
1174 921 1248 965 rum
1270 901 1497 984 purgationem
1518 902 1637 968 attinet
1654 923 1733 986 quas
1751 904 1898 969 scelerati
1915 905 1963 969 illi
1985 905 2025 970 de
2045 907 2140 972 nobis

153 987 274 1052 faecem
294 987 330 1050 in
352 985 436 1052 dolio
455 987 606 1071 relinqui,
630 1011 712 1072 quae
730 991 897 1056 exhauriri
915 991 1028 1074 nequit
1044 991 1123 1072 quin
1174 997 1369 1069 sparserant,
1392 987 1531 1069 populus
1552 987 1634 1051 mihi
1661 989 1696 1052 in
1718 1010 1757 1053 ea
1782 998 2009 1055 anteverteret.
2053 992 2140 1056 Nam

153 1071 313 1154 liquidum
346 1092 383 1137 ac
415 1093 535 1154 purum
569 1075 682 1139 vinum
714 1090 956 1159 corrumpatur:
992 1077 1038 1140 ita
1069 1074 1123 1138 hic
1174 1072 1210 1134 in
1233 1091 1270 1135 eo
1292 1071 1458 1153 plebiscito
1479 1072 1563 1154 quod
1591 1072 1631 1138 do
1653 1073 1833 1139 revocando
1855 1096 1907 1138 me
1928 1075 2048 1140 sactum
2070 1077 2140 1142 fue-

154 1155 236 1220 mihi
257 1155 382 1222 accidit.
425 1157 578 1223 Poteram
600 1181 700 1242 quum
721 1163 798 1226 veni
816 1183 882 1226 uno
904 1163 1012 1238 verbo,
1035 1161 1061 1224 si
1084 1160 1122 1222 li·
1174 1163 1240 1233 rat,
1273 1155 1433 1221 vocabant
1461 1155 1562 1222 lidum
1594 1181 1690 1222 suum
1718 1167 1890 1241 pastorem.
1904 1160 1944 1246 ¹⁴)
1988 1161 2140 1226 Alterum

154 1243 286 1322 huisset,
309 1263 364 1307 eos
386 1241 524 1326 abigere,
547 1243 604 1309 sed
625 1246 766 1328 expendi
786 1246 862 1330 quid
880 1248 979 1312 ferret
1000 1259 1122 1328 tempo·
1174 1241 1291 1306 deinde
1313 1241 1516 1324 plebiscitum
1538 1253 1711 1325 sequutum
1734 1253 1812 1322 erat,
1835 1267 1899 1327 quo
1916 1244 2140 1312 811111111Ρο-

155 1349 229 1391 rum
256 1327 407 1394 mnditio.
459 1329 552 1394 Tunc
581 1331 741 1396 excitatus
774 1343 845 1398 erat
876 1331 1039 1398 horribilis
1071 1341 1122 1395 tu·
1173 1327 1333 1410 polusque
1359 1328 1520 1392 fatebatur
1547 1349 1681 1410 gravem
1703 1329 1795 1395 nobis
1821 1331 1939 1396 factam
1960 1352 2031 1397 esse
2051 1333 2141 1398 iniu-

154 1413 279 1477 multus
299 1413 335 1476 in
352 1412 718 1494 ccelesiaNeocomensi,
741 1417 782 1482 ad
803 1439 898 1500 quem
920 1418 1123 1500 restinguen-
1174 1413 1273 1489 riam,
1301 1423 1335 1477 et
1356 1414 1483 1477 veniam
1514 1413 1583 1479 eius
1604 1413 1755 1480 facinoris
1782 1438 1802 1480 a
1823 1417 1965 1480 Domino
1986 1418 2140 1500 precaba-

155 1497 233 1562 dum
253 1519 295 1563 ex
316 1499 434 1563 itinere
456 1497 665 1565 deflexeram:
694 1523 755 1568 neo
777 1515 885 1568 umen
906 1501 1028 1584 aliquid
1048 1521 1123 1584 pro·
1174 1507 1237 1562 tur.
1254 1497 1295 1578 16)
1338 1498 1419 1562 Post
1439 1497 1578 1563 reditum
1601 1500 1774 1583 impetravi
1795 1501 1974 1585 utlagatio
1996 1502 2038 1567 ad
2063 1504 2141 1569 Gui-

154 1585 302 1660 laceram,
325 1584 389 1648 nisi
411 1583 495 1666 quod
516 1585 676 1669 mitigatis
696 1587 854 1669 paulatim
876 1589 1004 1665 animis,
1033 1587 1123 1651 locus
1174 1583 1300 1648 ldmam
1320 1583 1477 1666 collegam
1498 1605 1609 1648 meum
1635 1586 1819 1650 mitteretur
1836 1587 1983 1670 petitum,
2006 1599 2044 1652 ut
2065 1609 2140 1672 gre-

154 1677 224 1734 erat
245 1668 399 1733 remediis
422 1669 532 1735 datus:
555 1692 638 1752 quae
655 1681 766 1736 tamen
784 1671 927 1739 difficilia
944 1675 1011 1738 lore
1033 1671 1123 1736 vide·
1174 1687 1249 1750 gem
1271 1689 1367 1733 suum
1389 1671 1559 1734 reviseret:
1583 1677 1653 1734 tum
1675 1669 1791 1736 deinde
1807 1673 1844 1735 in
1858 1692 1929 1736 cam
1951 1672 2066 1737 urbem
2084 1673 2140 1739 ubi

154 1753 237 1818 bam.
282 1753 348 1820 Hic
369 1755 481 1820 nullus
511 1765 582 1820 erat
608 1756 648 1820 ad
675 1778 811 1822 manum
833 1761 889 1841 qui
910 1760 1122 1824 substituere·
1174 1753 1258 1818 altor
1279 1753 1425 1835 sepultus
1446 1762 1510 1832 est,
1539 1767 1577 1818 ut
1599 1765 1726 1821 mortuo
1751 1756 1837 1840 apud
1858 1757 2026 1823 ecclesiam
2048 1759 2140 1824 illam

155 1850 226 1916 tur,
260 1839 288 1904 si
320 1861 415 1922 quem
448 1860 596 1905 curarem
625 1843 851 1908 amovendum.
902 1843 955 1908 Ita
988 1843 1124 1909 ecclesia
1173 1839 1395 1903 testimonium
1417 1838 1616 1904 redderetur.
1631 1841 1671 1922 ¹⁶)
1715 1841 1827 1908 Habes
1849 1843 1991 1924 aliquam
2013 1852 2140 1926 partem

153 1924 307 1989 manebat
328 1923 492 2004 destituta,
515 1927 543 1990 si
564 1925 642 2008 quid
659 1936 846 1994 tentassem.
893 1929 1040 1994 Tertium
1062 1929 1122 1991 im-
1173 1943 1390 2007 eorumquae
1411 1925 1492 1988 mihi
1513 1925 1706 1990 acciderunt.
1750 1929 1810 2006 111,
1832 1928 1878 1992 mi
1907 1929 2022 2007 frater,
2052 1949 2140 1996 nunc

153 2008 375 2090 pedimentum
406 2011 481 2075 inde
514 2023 599 2090 erat,
632 2012 716 2095 quod
744 2013 904 2079 rationem
933 2013 1122 2096 disciplinae
1173 2009 1282 2073 Deum
1304 2029 1436 2091 precare
1465 2019 1501 2074 ut
1527 2011 1591 2075 ista
1611 2013 1720 2076 omnia
1740 2014 1775 2078 in
1796 2013 1915 2078 bonum
1938 2014 2038 2078 finem
2060 2014 2139 2079 diri-

154 2095 298 2159 nondum
331 2095 531 2162 habebamus
560 2100 782 2176 constitutam,
815 2121 880 2181 qua
906 2099 979 2165 illos
1006 2119 1121 2182 aggre·
1173 2103 1239 2176 gat,
1261 2113 1299 2160 2⁰
1320 2095 1402 2158 mihi
1423 2095 1606 2174 fflssflflium,
1636 2097 1782 2163 animum
1802 2107 1836 2163 et
1856 2099 1942 2163 viret
1964 2098 2139 2164 subminis-

154 2177 255 2245 derer.
310 2180 469 2246 Nolebam
502 2189 612 2247 autem
646 2183 788 2250 violenta
820 2185 985 2250 eiectionis
1017 2184 1122 2268 specie
1173 2189 1238 2244 tret
1259 2181 1300 2244 ad
1322 2201 1402 2262 opus
1429 2202 1526 2246 suum
1547 2181 1688 2246 fideliter
1716 2199 1748 2248 et
1774 2183 1953 2266 prudenter
1981 2204 2139 2268 peragen-

153 2265 275 2330 malurn
297 2265 483 2349 exemplum
506 2265 609 2346 edero,
632 2269 686 2334 vel
707 2270 743 2334 iu
765 2269 826 2336 hoo
848 2277 987 2352 tempus,
1010 2269 1062 2335 vel
1081 2266 1122 2333 ad
1173 2262 1261 2329 dum.
1305 2265 1390 2330 Nam
1412 2286 1476 2348 quo
1496 2267 1625 2350 longius
1648 2269 1845 2352 progredior,
1868 2289 1906 2334 eo
1927 2269 2043 2335 melius
2065 2289 2139 2335 sen·

153 2351 384 2431 posteritatem.
418 2351 491 2418 Hoc
512 2353 611 2417 etiam
633 2355 740 2438 aliqua
761 2365 912 2438 exparte
933 2377 985 2420 me
1006 2355 1121 2432 tenuit,
1173 2349 1220 2413 tio
1241 2371 1339 2432 quam
1361 2352 1559 2434 negotiosam
1582 2361 1678 2434 atque
1695 2353 1831 2418 arduam
1849 2354 2048 2436 provinciam
2066 2375 2139 2420 sus-

155 2435 238 2517 quod
259 2435 440 2518 perieulum
464 2449 535 2502 erat
555 2460 598 2502 ne
621 2440 676 2520 qui
698 2461 750 2506 me
771 2439 918 2522 cupidius
940 2440 1026 2505 hanc
1047 2460 1122 2504 eau-
1172 2435 1305 2499 tineam.
1356 2434 1394 2500 si
1421 2437 1550 2518 quando
1579 2437 1669 2504 illino
1696 2439 1736 2503 ad
1766 2460 1826 2504 nos
1854 2440 2055 2505 transvolare
2080 2459 2139 2523 po-

156 2541 224 2584 sam
247 2519 432 2587 vindicandi
455 2523 563 2605 potius
585 2527 704 2604 animo,
727 2547 826 2607 quam
850 2537 939 2591 recto
958 2525 1027 2590 zelo
1049 2546 1121 2608 per·
1173 2521 1284 2598 tueris,
1305 2521 1369 2586 scis
1391 2542 1488 2604 quam
1510 2533 1623 2606 gratus
1644 2525 1726 2589 mihi
1747 2525 1878 2590 futurus
1900 2526 1944 2590 sit
1964 2533 2040 2590 tuus
2061 2545 2138 2590 con·

155 2607 245 2688 sequi
267 2607 518 2689 suspicarentur.
563 2609 758 2692 Quanquam
787 2611 848 2675 hoo
870 2609 976 2676 solum
997 2631 1123 2675 moram
1173 2613 1316 2687 spectus:
1343 2615 1376 2670 et
1401 2629 1495 2689 spero
1524 2607 1583 2671 tibi
1609 2612 1774 2691 proximas
1799 2610 1896 2676 ferias
1925 2610 2139 2676 vindemiales

155 2691 280 2755 nullam
309 2693 485 2771 attulisset,
518 2695 545 2759 si
578 2703 706 2760 caetera
738 2695 924 2760 adfuissent.
968 2696 1058 2778 Ergo
1086 2695 1121 2758 in
1172 2690 1239 2754 fore
1261 2689 1301 2754 ad
1324 2712 1395 2755 eam
1418 2713 1487 2758 rem
1509 2702 1715 2776 opportunas.
1760 2696 1843 2760 Vale
1871 2695 1953 2760 mihi
1974 2696 2147 2786 carissime*

156 2777 302 2842 animum
334 2777 448 2842 induxi
483 2799 537 2844 eos
570 2801 698 2862 quoquo
726 2779 821 2846 modo
863 2779 1018 2858 tolerare,
1047 2781 1123 2863 quia
1173 2776 1281 2839 irater.
1312 2776 1475 2841 Genevae.
1490 2780 1530 2852 Π)

156 2860 289 2926 tollendi
342 2863 478 2929 facultas
526 2887 591 2930 non
642 2875 721 2930 erat.
796 2866 865 2930 Noc
907 2887 960 2930 me
1003 2865 1124 2929 latebat

155 2967 252 3028 quam
294 2945 392 3013 duras
434 2949 468 3014 in
511 2971 563 3014 me
610 2949 700 3034 leges
751 2953 936 3034 reciperem.
1009 2951 1122 3031 Neque

155 3033 241 3096 anim
268 3033 348 3098 satis
370 3041 419 3099 est
446 3033 603 3118 collegam
632 3037 773 3120 aliquem
794 3036 928 3114 habere,
957 3035 1021 3101 nisi
1048 3056 1123 3102 cum

155 3137 191 3182 eo
212 3138 325 3199 pacem
352 3118 448 3184 simul
476 3120 569 3185 colas.
613 3121 734 3186 Pacem
760 3142 838 3188 vero
866 3129 1014 3186 constare
1040 3119 1122 3186 mihi

154 3224 217 3267 non
240 3223 335 3286 posse
356 3205 434 3268 satis
456 3207 674 3284 succurrebat,
697 3207 760 3272 nisi
782 3227 901 3291 magna
919 3229 991 3272 eam
1012 3205 1122 3270 mode-

154 3288 280 3352 ratione
302 3297 335 3352 et
355 3288 527 3356 tolerantia
548 3291 751 3358 redimerem.
794 3293 850 3357 An
871 3293 964 3372 istuc,
986 3291 1122 3374 inquies,

155 3383 221 3436 tam
250 3373 390 3460 durum?
435 3372 538 3455 Sane,
572 3387 610 3442 ut
640 3398 692 3442 me
720 3377 822 3454 nosti,
855 3361 999 3443 iddicare
1031 3385 1122 3461 potos

155 3479 253 3540 quam
275 3480 338 3523 non
359 3459 440 3524 mihi
462 3461 606 3542 proclive
628 3464 678 3526 sit.
722 3463 822 3528 Facio
850 3471 959 3528 tamma
981 3463 1049 3527 vim
1070 3463 1121 3528 in·

155 3545 352 3626 gementes,
374 3564 412 3610 ao
433 3567 506 3610 mea
527 3547 748 3612 moderatione
775 3548 906 3613 illorum
934 3548 1121 3632 improbita-

156 3639 223 3693 tem
246 3629 293 3695 sio
314 3639 408 3694 teneo
428 3630 627 3710 conclusam,
657 3653 700 3698 ne
721 3633 829 3716 palam
851 3643 1009 3717 erumpat.
1052 3633 1122 3698 Nec

1558 3036 1755 3046 ——---.—....

1616 3217 1693 3290 885.

1412 3355 1647 3424 GALVINUS
1668 3355 1898 3424 ssRuLLO.

1260 3527 1449 3592 6111111111
1470 3529 1498 3592 ci
1519 3527 1632 3593 ludam
1659 3529 1772 3612 capotii
1792 3528 2000 3595 molestissimi
2020 3529 2137 3595 11111111

1171 3618 1199 3680 ct
1220 3615 1360 3678 animum
1381 3613 1450 3678 11111
1470 3614 1563 3697 eripit
1590 3615 1626 3678 ia
1647 3615 1785 3680 miseriis
1813 3615 1913 3680 01111111
1931 3615 2136 3699 9111111111-

153 3715 216 3797 ipsi
238 3713 420 3780 diffitentur
440 3716 544 3782 multo
561 3738 595 3782 se
616 3717 793 3783 humanius
813 3719 912 3784 furisse
930 3740 950 3783 a
966 3741 1019 3783 me
1036 3725 1121 3784 trac-

154 3811 238 3866 tatos
266 3809 300 3864 et
327 3799 421 3866 hodie
448 3805 594 3882 tractari,
625 3825 723 3886 quam
750 3826 880 3886 sperare
906 3806 976 3868 ausi
1002 3812 1120 3868 essent.

152 3885 267 3969 Neque
289 3906 367 3970 erga
391 3885 477 3952 solos
498 3887 601 3970 ipsos,
629 3888 684 3954 sed
714 3889 793 3954 alias
820 3911 946 3972 quoque
967 3889 1122 3971 reliquias

152 3971 301 4038 fictionis
322 3991 394 4036 eam
422 3971 556 4037 adhibui
577 3973 846 4052 moderationem,
877 3985 914 4038 ut
941 3974 1044 4038 velint
1065 3995 1121 4040 no-

153 4057 216 4120 lint
237 4065 395 4140 cogantur
417 4056 477 4124 hoc
499 4079 674 4142 agnoscere
697 4081 735 4124 ac
755 4057 950 4142 praedicare.
984 4059 1069 4122 Nam
1093 4061 1120 4124 si

153 4143 237 4208 scias
258 4163 355 4224 quam
377 4141 547 4224 plausibile
568 4145 715 4210 futurum
732 4145 840 4223 fuerit,
863 4145 891 4210 si
912 4144 1018 4228 plenis
1039 4145 1121 4210 velis

152 4229 188 4292 in
211 4249 265 4292 eos
285 4227 433 4292 invectus
454 4229 572 4308 forem,
602 4230 731 4294 mireris
760 4251 812 4294 me
835 4237 959 4294 mutarn
981 4231 1121 4296 occasio-

152 4333 230 4378 nem
257 4313 520 4395 praetermisisse.
571 4314 611 4378 In
640 4324 757 4380 senatu
785 4337 884 4398 quum
913 4315 1012 4380 verba
1037 4316 1120 4380 saoc-

151 4417 233 4476 rem,
247 4399 287 4480 Ι1)
314 4399 360 4463 sic
382 4399 554 4464 ministerii
575 4402 638 4464 mci
661 4401 817 4464 honorem
839 4401 977 4480 asserui,
1004 4409 1043 4464 ut
1064 4399 1120 4466 ad·

153 4484 307 4548 romanis
333 4483 368 4547 in
397 4491 501 4548 totum
527 4486 734 4567 pepercerim.
784 4483 873 4565 Quid
894 4486 983 4548 enim
1004 4487 1120 4550 attine-

153 4568 220 4645 bat,
238 4569 372 4652 inquies,
394 4569 527 4635 canibus
544 4571 681 4636 mortuis
697 4570 878 4636 insultare?
896 4571 1016 4635 multos
1033 4573 1120 4637 enim

153 4653 299 4736 reperias
321 4655 376 4736 qui
398 4655 455 4718 vix
478 4655 538 4720 sibi
561 4665 810 4738 temperassent.
854 4655 917 4722 Ubi
940 4655 975 4720 in
995 4660 1119 4722 concio-

151 4761 230 4804 nem
262 4739 367 4822 prodii
400 4739 441 4804 ad
473 4741 643 4824 populum,
676 4762 772 4805 nemo
799 4763 865 4805 non
897 4751 1023 4806 erectus
1051 4751 1121 4806 erat

151 4845 276 4908 magna
286 4825 535 4906 exspectatione.
569 4827 670 4908 Atqui
686 4827 989 4892 commemoratione
1006 4848 1120 4892 earum

150 4931 264 4975 rerum
276 4929 357 4992 quas
368 4931 480 4974 omnes
492 4921 580 4976 certo
597 4911 829 4994 exspectabant
846 4913 976 4994 penitus
993 4913 1120 4990 omissa,

149 5016 257 5079 pauca
285 4994 325 5059 de
353 4998 497 5061 muneris
527 4998 630 5060 nostri
654 4999 780 5062 ratione
803 4997 953 5063 disserui:
986 4995 1121 5074 adiunxi

149 5081 272 5146 deinde
294 5081 452 5147 modicam
475 5091 507 5146 et
528 5082 744 5148 verecundam
767 5084 842 5148 fidoi
869 5093 902 5148 et
923 5083 1121 5168 integritatis

240 5267 285 5334 ra)
307 5265 346 5320 ra.
364 5265 436 5336 sept.
458 5267 531 5321 1541.

1171 3700 1300 3765 titudine
1321 3703 1458 3782 aperilem.

1173 3869 1229 3934 (Ex
1247 3873 1310 3922 anto
1343 3867 1522 3936 aphoGenev.
1537 3867 1607 3921 Bibl.
1626 3866 1690 3922 cod.
1701 3865 1758 3935 106,
1777 3869 1822 3922 iol.
1840 3867 1874 3922 15
1892 3871 1964 3923 cuius
1982 3886 2082 3991 ffugi-a
2102 3869 2137 3922 ha

1172 3943 1282 3990 exstant
1305 3937 1369 3989 iid.
1395 3935 1459 3989 Ood.
1486 3935 1545 4001 111,
1572 3937 1615 3989 sol.
1634 3935 1681 4001 61,
1707 3937 1735 3989 in
1753 3938 1861 3990 Archiv.
1886 3939 1965 3991 Bern.
2011 3955 2055 4006 pp.
2098 3939 2136 3992 Π.

1214 4023 1240 4075 p.
1257 4004 1307 4058 421
1326 4011 1355 4059 et
1371 4021 1413 4073 ap.
1432 4004 1537 4058 Simler.
1557 4005 1619 4058 Vol.
1636 4003 1677 4058 51.
1712 4005 1823 4074 Anglice
1841 4007 1916 4060 Tem.
1935 4008 1957 4060 1.
1975 4023 2000 4076 p.
2019 4004 2093 4070 281.)

1171 4192 1376 4258 Fidelissimo
1397 4191 1521 4257 Christi
1550 4211 1643 4257 servo
1670 4191 1711 4256 G.
1734 4192 1879 4272 li'arello,
1907 4191 2137 4258 Neocomensis

1324 4277 1478 4344 ecclesiae
1499 4277 1629 4359 pastori,
1651 4277 1744 4342 fratri
1766 4279 1940 4343 camasimo.
1957 4281 1964 4318 ¹
1969 4293 1981 4354 )

1255 4415 1387 4480 Literae
1420 4425 1495 4478 tuae
1526 4413 1749 4478 vehementer
1770 4435 1829 4480 nos
1868 4413 1960 4479 initio
1990 4413 2135 4496 percule-

1256 4585 1289 4638 13
1318 4581 1515 4651 Kompscboltae
1530 4600 1559 4651 p.
1576 4583 1636 4638 386.

1256 4653 1290 4706 14
1319 4650 1428 4707 11145
1444 4656 1500 4706 aot.
1518 4651 1544 4706 5.

1255 4721 1299 4786 15)
1319 4723 1341 4774 1.
1361 4720 1425 4774 Mat
1443 4719 1508 4778 1541
1527 4719 1676 4788 Kampada.
1715 4761 1719 4770 .
1737 4717 1796 4772 311.

1258 4787 1517 4870 lamanasse
1536 4787 1603 4868 Peg.
1622 4789 1661 4842 da
1688 4787 1793 4867 coateri.
1813 4787 1935 4868 linloa.
1954 4787 2029 4843 1542.
2070 4856 2075 4868 Ι

1257 4858 1303 4938 11)
1322 4858 1403 4912 Nolani
1420 4863 1543 4938 ammata
1559 4859 1631 4911 amu
1642 4872 1728 4910 measa
1742 4857 1882 4936 lemno
1895 4855 1968 4936 '1542
1985 4861 2010 4911 et
2027 4855 2135 4926 qcadm

1171 4931 1292 4995 1111911111
1309 4927 1498 5006 adsmbtmas.
1533 4926 1685 4994 Hacruqae
1701 4941 1772 4978 cutm
1788 4931 1915 4979 meretoc
1937 4941 2030 5006 rorata
2045 4930 2134 5004 petto·

1171 5011 1233 5076 ruys
1244 4995 1402 5074 Ι1111111111.
1429 4996 1543 5049 Amicus
1560 5009 1723 5064 moyseus,
1741 5009 1819 5062 quem
1836 4999 1930 5074 sperat
1945 4993 2134 5076 [mumada-

1257 5171 1265 5200 2

1170 5207 1306 5340 affl)
1325 5269 1453 5325 aarum
1469 5269 1630 5338 campas.-
1648 5270 1743 5340 qnna
1759 5269 1838 5325 reor.
1856 5265 1931 5322 ress.
