4942 5982
272 317 312 376 39
1046 307 1309 376 ΕΡΙΒΤΟΙιΔΕ
1333 313 1502 375 218-219
2234 315 2276 377 40

275 499 425 584 linguam
444 520 503 564 nce
525 499 745 583 germanicam
768 505 867 577 tenet,
889 498 998 562 visum
1021 496 1159 562 estillic
1181 497 1250 580 gal·
1303 499 1473 563 eonsilium
1496 519 1604 562 meum
1624 496 1773 578 audietis,
1795 499 1950 580 utrinque
1972 497 2012 562 de
2034 519 2072 563 ea
2093 519 2129 562 re
2151 498 2276 581 discep-

275 585 337 651 lice
358 585 514 668 scriptam
536 587 674 661 mittere.
719 585 817 649 Mitto
846 590 957 648 antem
979 603 1017 648 ea
1038 583 1110 666 lege
1132 603 1175 646 ne
1196 603 1251 664 pa·
1303 591 1374 647 tare
1396 581 1589 649 desinemus.
1634 583 1750 666 Itaque
1767 583 2029 664 literasOomitis,
2052 605 2133 666 quas
2157 593 2195 648 tu
2213 607 2275 650 nu·

277 671 344 736 lam
378 670 435 735 abs
467 677 501 734 te
540 671 720 755 evulgatur.
775 671 850 734 Duo
883 677 1013 733 tantum
1051 667 1251 750 exemplaria
1303 670 1525 752 permiseras,
1548 669 1715 752 suppressi
1736 689 1779 733 ne
1801 669 1878 752 quid
1902 670 2090 734 offensionis
2113 683 2273 752 parerent.

275 763 406 840 praeter
434 755 495 821 hoo
524 755 611 838 quod
638 756 776 838 accipies
807 755 968 838 descripta
997 762 1083 832 sunt,
1113 775 1250 835 quorum
1303 757 1411 819 Erant
1432 755 1520 819 enim
1543 757 1589 820 ita
1611 756 1807 838 compositae
1828 764 1866 820 ut
1883 763 1995 839 gratae
2017 777 2088 820 esse
2114 777 2180 820 con
2201 779 2274 839 poe·

271 843 411 906 alterum
434 842 475 906 ad
490 839 655 907 &osorem
675 841 866 924 perferetur,
889 841 1030 904 alterum
1042 840 1084 904 D.
1104 839 1252 905 Ulricbae
1303 849 1390 918 sent,
1418 861 1456 906 ac
1478 863 1541 924 quo
1564 862 1678 904 ansam
1700 859 1830 905 omnem
1853 841 2038 923 praecidam
2060 843 2275 907 contentioni·

277 926 478 994 Solcdurum
499 928 577 991 tulit
598 935 636 992 ut
650 947 709 1010 per
726 927 826 1010 legati
848 946 966 990 manus
989 924 1030 990 ad
1043 923 1159 1008 Reycm
1176 945 1250 1007 per·
1303 928 1373 1005 bus,
1397 947 1417 990 a
1438 927 1651 1009 responsione
1673 947 1799 1010 quoque
1822 925 1998 991 abstinebo.
2008 931 2037 1010 ⁹)

274 1015 395 1078 veniat.
439 1012 552 1077 Velim
580 1013 682 1096 igitur
710 1020 747 1077 ut
773 1033 845 1076 cum
874 1011 988 1094 paucis
1016 1011 1250 1075 communices:
1388 1011 1517 1077 Horreo
1540 1033 1640 1095 quum
1662 1013 1709 1076 ita
1730 1012 1905 1076 crudeliter
1922 1013 1992 1094 pies
2008 1012 2104 1076 audio
2116 1013 2230 1077 vexari
2240 1014 2275 1076 in

274 1096 414 1165 describi
435 1119 514 1163 vero
535 1120 578 1163 ne
595 1098 663 1162 ullo
681 1098 778 1162 modo
797 1099 895 1175 sinas,
917 1105 950 1160 tc
968 1099 1173 1178 summopere
1193 1097 1250 1162 ob-
1303 1097 1423 1174 Gellia,
1441 1097 1502 1164 hoo
1513 1098 1706 1180 praesertim
1723 1105 1869 1181 tempore
1887 1119 1951 1181 quo
1969 1098 2052 1163 nihil
2070 1098 2141 1181 opis
2158 1099 2276 1162 afferre

275 1191 388 1250 testor.
422 1184 486 1249 Hie
508 1204 606 1266 porro
628 1185 773 1248 omnium
797 1184 926 1248 animus
948 1190 1012 1247 est:
1037 1183 1065 1246 si
1086 1181 1250 1247 lacessan·
1301 1204 1485 1264 possumus.
1528 1183 1598 1248 Nec
1619 1183 1732 1248 dubito
1755 1185 1833 1266 quin
1856 1185 1969 1267 optimi
1991 1185 2111 1266 quique
2139 1191 2178 1248 ut
2201 1183 2275 1266 plu·

277 1276 342 1348 tur,
361 1271 472 1335 statim
495 1269 623 1334 obviam
653 1269 796 1334 eundum
819 1290 906 1348 esse,
935 1289 995 1333 nec
1023 1275 1251 1350 exspectarent
1301 1270 1420 1333 fimum
1453 1268 1689 1352 periclitentur.
1734 1268 1808 1350 Quo
1836 1271 1924 1334 enim
1951 1269 2087 1353 quisque
2113 1269 2276 1335 cordatior

273 1355 340 1434 nisi
363 1356 559 1420 conscientia
581 1375 641 1420 sua
669 1355 916 1438 impedirentur.
960 1353 1067 1418 Nemo
1089 1353 1177 1417 enim
1200 1363 1250 1418 est
1302 1365 1352 1419 est
1379 1375 1416 1419 ae
1443 1356 1662 1420 constantiore
1689 1356 1798 1418 animo
1828 1355 1998 1420 Christum
2027 1355 2207 1437 praedicat,
2236 1374 2275 1420 eo

273 1442 332 1524 qui
360 1462 426 1506 non
456 1442 499 1506 sit
525 1441 750 1523 paratissimus
778 1440 819 1504 ad
854 1439 963 1505 omnia
995 1439 1141 1522 pericula
1174 1441 1248 1504 sub·
1301 1439 1578 1524 minusaSatana
1594 1441 1671 1506 ferri
1689 1449 1806 1523 potest.
1841 1439 2037 1524 Quanquam
2055 1441 2093 1506 fit
2109 1440 2275 1506 interdum

275 1526 385 1591 cunda
416 1528 524 1610 potius
557 1546 655 1609 quam
688 1534 726 1590 ut
758 1527 815 1591 via
837 1525 968 1591 Christo
1001 1523 1246 1608 praecludatur:
1301 1535 1339 1590 ut
1360 1527 1499 1608 optimos
1522 1527 1620 1590 etiam
1642 1525 1805 1592 Dominus
1833 1527 1868 1590 in
1895 1535 1965 1591 tuto
1986 1536 2095 1592 servet
2117 1525 2196 1590 dum
2218 1525 2275 1590 alii

273 1617 405 1677 tantum
429 1613 520 1678 abest
541 1623 576 1676 ut
599 1613 685 1676 ferre
707 1611 811 1676 velint
832 1611 1008 1694 quidquam
1030 1613 1059 1675 ei
1083 1610 1191 1676 adimi.
1302 1611 1342 1676 ad
1376 1612 1573 1695 supplicium
1601 1612 1782 1694 rapiuntur.
1833 1611 2074 1678 conterraneus
2088 1615 2130 1695 ¹⁰)
2160 1611 2274 1692 Iacchi,

361 1696 503 1763 Senatus
532 1697 585 1763 hie
612 1699 711 1762 misso
744 1697 851 1781 legato
879 1695 1066 1779 repudiavit
1091 1695 1247 1762 iudicium
1302 1697 1359 1780 qui
1371 1696 1667 1764 Sedenaeexustus
1686 1707 1736 1762 est
1754 1707 1811 1762 aut
1828 1698 1985 1774 Meiduni,
2005 1699 2171 1780 superiore
2190 1718 2274 1762 anno

275 1803 433 1850 camerae.
478 1783 517 1849 Si
543 1791 684 1867 pergant
705 1804 780 1848 oum
801 1785 869 1848 suis
890 1783 956 1848 illis
977 1781 1131 1847 inanibus
1154 1783 1248 1847 terri·
1301 1782 1355 1848 hio
1375 1783 1485 1848 fuerat
1507 1792 1540 1848 et
1561 1783 1814 1848 exhortatoriam
1832 1783 2002 1866 epistolam
2019 1785 2059 1848 ad
2078 1783 2150 1849 cius
2167 1783 2274 1868 regio-

276 1869 481 1944 eulamentia
504 1889 642 1952 magnos
663 1879 772 1933 motus
794 1869 992 1934 excitabunt.
1028 1866 1148 1933 Adhuc
1169 1889 1248 1950 pen·
1302 1871 1354 1934 nis
1387 1870 1503 1934 tratres
1537 1891 1556 1934 a
1588 1891 1640 1934 me
1674 1870 1830 1952 petierat:
1864 1879 1975 1952 postea
2008 1877 2095 1936 certo
2126 1869 2275 1934 intellexi

274 1954 357 2020 dent
378 1956 618 2021 controversiae
639 1955 727 2018 inter
751 1953 918 2020 Caesarem
940 1963 973 2019 ct
996 1953 1119 2036 Repeto.
1132 1955 1159 2037 7)
1198 1955 1248 2018 Εθ
1302 1955 1403 2020 fuisse
1424 1955 1580 2020 iniectum
1602 1955 1767 2020 erroribus
1789 1955 2041 2038 anabaptisticis‚
2071 1977 2108 2021 ac
2131 1956 2274 2020 marimo

273 2047 325 2106 est
355 2058 453 2106 causa
480 2061 563 2124 quae
594 2039 759 2105 Gaesarem
784 2049 931 2105 moratur
963 2059 1005 2104 ne
1033 2040 1183 2122 protinus
1213 2041 1247 2103 in
1302 2043 1447 2104 omnium
1466 2041 1649 2105 insaniisse.
1679 2041 1847 2106 Poenituit
1864 2061 1918 2105 nie
1935 2042 2037 2125 igitur
2054 2039 2274 2123 quodaditum

267 2145 331 2190 nos
365 2126 614 2209 impressionem
652 2126 757 2191 faeiat.
813 2127 967 2210 Papistae
1004 2145 1083 2190 sane
1116 2133 1249 2190 strenue
1302 2128 1383 2191 meis
1404 2126 1509 2191 literis
1529 2125 1570 2190 ad
1596 2125 1716 2192 multos
1743 2125 1844 2191 bonos
1872 2128 2103 2209 patefecissem.
2148 2125 2275 2192 Vereor

271 2211 465 2288 moliuntur,
484 2233 559 2275 eum
578 2211 649 2276 aliis
666 2213 817 2276 omnibus
835 2212 975 2295 negotiis
993 2211 1166 2294 explicare,
1186 2231 1249 2293 quo
1301 2233 1343 2276 ne
1364 2225 1469 2276 morte
1491 2232 1551 2277 sua
1572 2212 1777 2296 evangelium
1801 2213 1909 2298 *magis
1930 2212 2149 2294 infamarit¹¹)
2175 2233 2275 2294 quam

269 2317 307 2362 se
338 2295 379 2361 ad
406 2317 466 2361 nos
494 2297 697 2380 impetendos
722 2298 881 2382 accingat.
931 2297 1110 2379 Praecipue
1139 2303 1248 2361 autem
1300 2299 1510 2380 promoverit.
1555 2295 1650 2377 Quod
1673 2297 1744 2363 dico
1771 2319 1836 2362 non
1858 2297 1962 2364 habeo
1989 2320 2030 2363 ex
2059 2298 2191 2364 incertis
2216 2319 2274 2361 ru·

269 2381 528 2460 Bruaeuiccnsia
547 2384 603 2465 qui
618 2382 792 2448 Gueldrum
810 2405 915 2466 nuper
929 2381 971 2448 ad
988 2404 1063 2447 eum
1084 2381 1249 2464 perduxit,
1300 2384 1455 2462 moribus,
1478 2383 1534 2448 sed
1557 2404 1600 2448 ex
1622 2384 1694 2447 eius
1716 2384 1917 2466 propinquis.
1960 2383 1996 2450 Is
2017 2385 2110 2449 cuius
2130 2403 2274 2448 sororem

269 2487 335 2551 quo
369 2466 409 2532 dc
445 2468 503 2532 illo
535 2468 654 2534 ducatu
687 2469 903 2550 paciscantur.
965 2468 1103 2533 Nostros
1137 2475 1247 2532 autem
1300 2471 1335 2533 in
1357 2471 1565 2534 matrimonio
1587 2469 1703 2534 habuit
1728 2489 1794 2533 non
1823 2469 2008 2535 dissimulat
2033 2469 2137 2552 qualis
2165 2470 2271 2550 suerit.

272 2553 355 2618 adeo
378 2553 500 2619 virium
522 2575 655 2618 suarum
677 2575 745 2619 non
770 2555 929 2638 poenitet,
960 2561 998 2618 ut
1019 2554 1155 2618 minime
1177 2555 1249 2618 istis
1300 2553 1353 2619 De
1375 2565 1480 2619 morte
1503 2554 1645 2620 caeteta·
1672 2576 1737 2619 non
1760 2556 1840 2619 satis
1863 2576 1937 2620 eum
1959 2565 2016 2620 tua
2037 2555 2176 2639 epistola
2197 2575 2272 2620 oon·

270 2638 547 2704 machinamentis
584 2649 780 2704 terreantur.
836 2641 917 2705 'Brea
956 2639 1111 2704 electores
1149 2638 1249 2704 medii
1301 2639 1462 2724 gruebant
1483 2642 1553 2705 eius
1582 2661 1748 2705 sermones
1776 2641 1832 2722 qui
1860 2640 2044 2724 spectaculo
2071 2643 2271 2706 interfuerat.

274 2733 385 2802 erunt,
411 2724 590 2805 Palatinus,
616 2725 814 2804 Coloniensis,
840 2727 1053 2800 Τνθυίνθηθῖε,
1081 2745 1118 2790 ae
1140 2725 1249 2810 potius
1301 2727 1427 2791 Verum
1450 2725 1535 2791 hanc
1556 2726 1704 2810 regulam
1727 2727 1820 2792 nobis
1841 2727 2016 2792 tenendam
2044 2736 2140 2810 pute,
2170 2737 2207 2792 ut
2231 2726 2272 2791 de

275 2831 312 2876 se
334 2811 429 2876 nobis
452 2810 633 2895 adiungent
654 2831 752 2894 quam
773 2812 902 2894 passuri
925 2813 992 2876 sint
1016 2831 1074 2874 nos
1097 2811 1248 2894 opprimi.
1300 2812 1351 2890 iis,
1374 2813 1429 2895 qui
1451 2833 1509 2894 pro
1537 2812 1699 2897 evangelii
1725 2813 1910 2877 testimonio
1939 2814 2027 2896 passi
2053 2819 2145 2888 sunt,
2175 2833 2272 2896 quam

274 2894 371 2962 Duos
393 2896 554 2962 habemus
576 2917 617 2961 ex
645 2897 790 2980 professo
817 2905 957 2963 nostros.
1001 2895 1171 2962 Foderieur
1191 2917 1249 2980 op-
1301 2918 1474 2982 possumus
1496 2898 1617 2981 optime
1640 2907 1672 2962 et
1696 2898 1876 2963 sentiamus
1899 2905 1933 2962 et
1949 2898 2129 2981 loquamur.
2173 2896 2273 2964 Modo

269 2981 365 3048 tabat
385 3003 445 3066 per
466 2983 595 3048 nostias
618 2981 737 3066 aliquid
761 3003 781 3047 a
802 2981 898 3049 Dauo
919 2983 1081 3049 obtinere:
1103 3003 1168 3048 non
1190 3003 1248 3065 po·
1301 3006 1344 3049 ne
1366 2983 1452 3067 quid
1473 2985 1627 3063 nimium,
1655 2984 1800 3050 uhi'ncn
1827 2983 1949 3067 liquido
1976 2993 2105 3050 constat
2133 2983 2273 3068 qualiter

269 3068 349 3148 tuit,
372 3067 458 3150 quod
480 3087 621 3151 aequum
643 3089 713 3135 esse
731 3068 957 3153 Laudpraoius
978 3089 1104 3152 quoque
1125 3066 1248 3134 iudica·
1301 3091 1337 3136 ee
1358 3089 1460 3152 quum
1482 3069 1517 3134 in
1539 3069 1697 3136 vitatum
1720 3089 1797 3134 vcro
1814 3071 2006 3152 praesertim
2024 3072 2059 3136 in
2076 3079 2181 3135 morte
2198 3089 2272 3154 ges·

273 3153 341 3219 bat.
379 3152 436 3219 Sic
458 3173 494 3218 co
521 3153 718 3220 'turlcrere
744 3153 1101 3224 cenomannicam.
1146 3152 1248 3232 Vides
1301 3155 1413 3221 serint.
2027 3169 2029 3174 ’

272 3240 389 3324 quanti
418 3241 462 3305 sit
520 3239 645 3306 hristus
672 3240 729 3306 ubi
762 3241 907 3306 animum
936 3238 1080 3304 hominis
1105 3237 1267 3304 mundus.
1389 3241 1532 3321 Gcspori
1549 3247 1758 3323 prospectum
1773 3261 1844 3306 esse
1861 3239 1997 3325 gaudeo,
2020 3249 2072 3306 est
2093 3241 2181 3305 enim
2199 3239 2272 3324 dig·

268 3325 325 3391 hic
353 3326 533 3410 occupavit.
585 3326 627 3391 In
649 3325 773 3412 Anglia
799 3347 889 3390 nune
916 3325 1048 3390 comitia
1074 3325 1245 3390 habentur.
1300 3349 1373 3402 nus,
1395 3345 1433 3390 ac
1454 3326 1663 3408 prohrturum
1685 3325 1814 3392 scholae
1828 3327 1870 3409 ¹²)
1891 3346 1994 3410 spero.
2029 3327 2188 3392 rossanus
2204 3337 2271 3392 tres

272 3410 459 3478 Nunciatur
476 3411 570 3477 nobis
591 3412 719 3494 piorum
742 3411 887 3475 omnium
906 3412 1032 3476 animos
1050 3410 1173 3494 optima
1191 3431 1247 3493 spe
1301 3419 1358 3477 aut
1379 3419 1519 3494 quatuor
1536 3431 1556 3474 a
1573 3431 1626 3476 me
1643 3413 1790 3495 petierat,
1811 3413 1838 3476 si
1861 3421 1910 3476 tot
1931 3409 2085 3477 haberem
2108 3411 2170 3488 hic,
2191 3433 2272 3496 quos

271 3504 397 3562 erectos
419 3519 498 3562 esse.
543 3496 582 3563 si
605 3498 769 3562 Dominus
792 3496 873 3580 Repe
900 3518 987 3562 nunc
1014 3496 1158 3579 adspiret
1180 3503 1247 3561 sta-
1300 3496 1476 3563 iudicarem
1499 3497 1651 3582 regendis
1673 3497 1817 3564 eeclesiis
1834 3497 1981 3562 idoneos:
1997 3499 2198 3574 ¹nominatim
2216 3499 2271 3565 Io·

273 3582 408 3648 bilietur
435 3582 503 3646 illic
530 3583 748 3666 evangelium.
800 3583 915 3647 Donec
943 3582 1086 3665 aliquam
1109 3581 1246 3648 inclina·
1299 3585 1406 3649 cubam
1426 3583 1605 3668 flagitabat.
1652 3583 1718 3649 Sed
1740 3583 1796 3650 ille
1819 3603 1854 3648 se
1875 3583 1967 3648 vobis
1989 3605 2123 3650 servare
2144 3584 2269 3650 maluit

271 3669 396 3734 tionem
416 3666 625 3746 audierimus,
648 3669 769 3732 frustra
790 3669 988 3752 agitaremus
1010 3666 1050 3733 de
1072 3667 1195 3733 Oaleto.
1300 3669 1394 3750 Quae
1415 3669 1472 3733 illa
1494 3670 1536 3735 sit
1558 3667 1637 3733 ditio
1659 3669 1786 3736 comitis
1811 3670 1981 3750 Guillelmi,
2010 3670 2156 3736 nondum
2179 3673 2270 3754 potui

359 3754 428 3819 Res
449 3756 579 3829 meaeflb
603 3753 717 3818 eodem
740 3753 808 3818 loco
830 3763 909 3818 sunt
931 3775 993 3837 quo
1015 3756 1116 3838 prius.
1152 3753 1247 3818 Nun·
1300 3756 1474 3839 diligenter
1496 3755 1690 3821 sciscitando
1712 3757 1803 3820 seire.
1838 3753 1888 3820 'Pu
1910 3777 2010 3838 quum
2032 3757 2085 3821 hie
2106 3757 2170 3822 eris
2186 3758 2271 3822 forte

273 3841 344 3906 cius
365 3847 478 3904 noster
499 3839 553 3904 hie
575 3847 652 3903 ante
672 3849 796 3923 septem
824 3840 894 3905 dies
916 3840 1089 3906 adfuturus
1112 3847 1162 3905 θεῖ
1183 3840 1247 3904 nisi
1299 3843 1417 3906 melius
1439 3841 1532 3907 nobis
1554 3841 1720 3906 indicabis.
1756 3841 1863 3907 Simul
1886 3839 1926 3906 de
1948 3843 1988 3906 iis
2010 3844 2160 3907 omnihus
2183 3863 2270 3908 eom-

274 3925 433 3992 fet'ellerit.
467 3925 559 4009 Ergo
572 3925 719 3990 Iacobum
741 3927 863 3990 retinui
886 3933 922 3990 ut
944 3927 971 3990 si
993 3926 1069 4009 quid
1093 3927 1155 3991 erit
1172 3945 1247 4008 pos·
1298 3926 1518 3992 mentabimur
1558 3928 1676 4010 quibus
1710 3927 1890 3992 remedium
1929 3927 2133 3992 atterendum
2166 3935 2271 4009 put-as.

273 4013 380 4078 sitin
407 4019 553 4093 tempore
581 4009 639 4074 tihi
667 4012 833 4076 nunciare.
878 4011 1084 4095 Quanquam,
1117 4020 1155 4076 ut
1182 4014 1247 4075 iam
1300 4011 1338 4078 Si
1372 4023 1521 4096 putarem
1553 4011 1735 4080 (lardariam
1766 4010 1947 4078 deliberare
1980 4035 2022 4076 an
2050 4011 2271 4096 Burdogalam

274 4097 360 4180 apud
383 4119 418 4162 se
440 4104 609 4174 statuerat,
641 4118 706 4160 non
729 4097 786 4162 diu
808 4096 961 4162 morabor
982 4099 1053 4163 eius
1074 4097 1246 4180 profectio·
1299 4098 1405 4164 redire
1438 4097 1607 4182 expediat,
1648 4097 1787 4163 libenter
1819 4099 1999 4182 proferrem
2039 4097 2123 4180 quod
2155 4097 2270 4162 sentio.

272 4203 359 4247 nem.
403 4183 510 4248 Paulo
532 4182 620 4246 enim
642 4191 716 4265 post
733 4184 850 4248 festum
873 4191 1079 4266 pentecostes
1099 4203 1173 4248 eum
1197 4182 1246 4245 di·
1298 4183 1424 4249 Verum
1447 4203 1513 4248 non
1536 4185 1653 4266 opinor
1675 4195 1741 4248 tam
1761 4203 1892 4249 caecum
1911 4203 1980 4248 esse
2002 4189 2040 4246 ut
2060 4182 2272 4248 consultatio-

272 4267 412 4334 mittam.
456 4269 532 4351 lpse
554 4266 661 4334 triduo
682 4281 758 4334 ante
782 4269 871 4334 riam
893 4270 1056 4353 corripere
1078 4269 1113 4333 in
1136 4267 1246 4332 animo
1299 4291 1437 4335 nemea
1465 4267 1505 4333 de
1530 4291 1567 4334 re
1593 4271 1753 4335 instituat.
1799 4268 1906 4334 Gallis
1934 4267 1999 4333 illis
2027 4267 2186 4350 episcopis
2212 4289 2275 4334 cur

274 4353 423 4418 habebat.
468 4353 565 4434 Quod
592 4354 631 4419 de
660 4355 764 4420 literis
793 4355 895 4420 Vireti
922 4375 1036 4439 rogas,
1065 4374 1131 4418 non
1155 4352 1244 4417 aliud
1299 4355 1506 4422 scribendum
1529 4375 1596 4419 non
1617 4363 1738 4438 putem,
1761 4375 1870 4420 coram
1893 4351 1951 4417 tibi
1973 4350 2130 4418 indicabo.
2175 4355 2271 4440 Mag-

297 4459 405 4504 ossum
435 4439 494 4502 tibi
521 4440 715 4524 respondere
742 4461 838 4524 quam
864 4439 1010 4524 Capitoni
1039 4461 1168 4523 semper
1195 4438 1245 4502 vi·
1299 4463 1375 4504 nam
1397 4441 1536 4526 gratiam
1560 4441 1664 4507 habeo
1686 4440 1841 4504 fratribus
1863 4439 1948 4522 quod
1970 4459 2079 4503 meum
2099 4442 2271 4506 consilium

273 4461 352 4603 deri,
375 4531 410 4588 et
436 4523 574 4588 Viretam
600 4537 634 4590 et
659 4547 719 4591 vos
748 4548 861 4591 omnes
882 4527 1044 4591 morosius
1065 4545 1163 4608 quam
1185 4543 1246 4606 par
1299 4525 1379 4591 adeo
1401 4527 1511 4608 aequis
1534 4526 1653 4592 animis
1671 4535 1873 4608 acceperunt.
1919 4521 2059 4604 Quando
2081 4533 2192 4592 tamen
2214 4547 2270 4609 pe·

273 4612 318 4676 ait
344 4609 396 4676 vel
425 4617 512 4676 certe
544 4611 766 4694 scrupulosius
799 4612 885 4677 hanc
916 4631 1049 4678 eausam
1082 4609 1243 4694 persequi.
1298 4612 1437 4676 riculum
1473 4617 1523 4676 est
1555 4633 1597 4676 ne
1631 4613 1684 4676 alii
1713 4609 1848 4693 indigne
1876 4611 1983 4674 serant
2011 4631 2070 4675 vos
2099 4611 2268 4696 incepisse,

273 4695 414 4778 Quando
436 4694 517 4760 illud
539 4717 668 4780 semper
688 4697 822 4780 polliciti
840 4704 926 4773 sunt,
949 4719 984 4762 se
1006 4717 1071 4760 non
1093 4696 1243 4760 commis·

270 4803 364 4848 suros
385 4791 425 4846 ut
445 4781 568 4846 aditum
597 4784 680 4848 istuc
714 4783 763 4846 illi
790 4783 1000 4864 patefaciant:
1033 4781 1112 4863 quin
1135 4781 1244 4862 potius
1398 4813 1428 4880 9)
1449 4815 1530 4868 For„
1549 4815 1583 4868 de
1603 4831 1632 4868 ,θ
1650 4811 1803 4866 mmo
1821 4811 1958 4868 Genavam
1976 4815 2020 4868 hi,
2037 4815 2166 4885 loquitur.
2193 4813 2266 4872 δὴ,

271 4867 641 4950 impedimentaomuia
673 4867 854 4933 obiecturos
887 4868 1005 4948 quibus
1033 4865 1122 4930 viam
1150 4885 1243 4948 prac-
1295 4881 1344 4935 ter.
1362 4883 1401 4949 (t)

275 4951 416 5018 cludant.
471 4953 609 5018 Minime
631 4963 741 5016 tamen
776 4953 918 5018 offensus
957 4952 1034 5016 fuit:
1070 4953 1097 5014 si
1132 4961 1246 5016 temen
1378 4951 1443 5032 ,10)
1465 4951 1549 5030 Toum
1565 4949 1610 5004 ³⁸⁶0
1627 4949 1702 5003 ¹⁰0¹*
1722 4962 1809 5017 ΝΜ
1826 4949 1864 5004 ad
1880 4951 1962 5019 dm
1981 4953 2128 5022 pericopae
2146 4960 2165 5016 t·
2183 4991 2190 5006 ·
2210 4991 2217 5006 ·
2235 4969 2267 5032 ῳ

1295 5035 1338 5070 res
1357 5019 1510 5084 differatur)
1529 5035 1561 5072 m
1581 5018 1646 5074 Ccd.
1666 5016 1716 5071 106
1733 5018 1900 5074 concedmus
1916 5025 1964 5076 cat.
2003 5023 2143 5077 emmau
2159 5021 2265 5090 cuppla·

1296 5085 1731 5156 otidebocciroaumpticbbi
1753 5089 2041 5157 maeatmmsootaoa
2063 5090 2265 5146 moidicus.

378 5155 407 5221 7)
426 5155 461 5210 de
476 5156 580 5210 ducatu
597 5151 809 5210 Mediolanensi.
1402 5157 1443 5222 11)
1460 5165 1503 5212 set
1520 5175 1554 5211 on
1573 5157 1622 5210 tire
1640 5155 1873 5228 (inflammarit).

270 5279 274 5292 ,
377 5225 407 5292 8)
425 5224 648 5280 monimentum
1399 5223 1446 5291 12)
1465 5226 1499 5280 he
1518 5225 1573 5279 will
1591 5225 1661 5279 hara
1678 5227 1726 5280 the
1744 5227 1842 5299 charge
1858 5227 1952 5282 ottho
1968 5227 2069 5282 school.
