4888 5966
282 273 345 339 aet
1055 263 1318 334 EPISTOLAE
1340 267 1508 332 eto-362
2213 266 2275 330 292

279 477 359 526 mus
386 457 564 523 advenbrm
589 455 760 540 Amata)
796 477 872 524 cnm
903 475 1006 520 uxore
1039 462 1073 520 et
1104 452 1255 522 omnibns
1306 454 1358 520 tis.
1371 455 1396 538 ¹)
1439 454 1508 522 Nos
1530 454 1631 532 enim,
1665 473 1768 537 quum
1789 452 1977 520 videremus
1996 453 2034 518 in
2054 473 2091 518 re
2112 452 2277 535 praesenti

281 563 365 628 qnae
386 542 581 609 advectnrus
609 549 675 607 est:
709 539 795 625 qnod
823 549 862 607 ut
889 542 948 606 fiat
973 540 1037 606 cito
1065 547 1099 605 et
1117 539 1256 607 feliciter
1307 547 1468 623 quantum
1489 561 1555 606 non
1576 539 1652 606 huic
1672 538 1769 604 modo
1790 539 1847 606 sed
1877 540 2051 606 universae
2072 559 2202 623 quoque
2224 559 2276 605 eo-

280 648 454 714 preoamur
481 627 672 693 Dominum.
723 627 832 693 Pestis
859 626 1056 711 gravissima
1087 633 1256 710 grassatur
1306 625 1425 692 olesiac
1446 625 1501 691 bio
1522 621 1757 703 commodaret,
1785 646 1852 692 non
1874 633 1985 692 eutem
2006 624 2085 708 quid
2106 624 2194 710 apud
2216 644 2276 692 vos

280 713 440 796 nobisque
451 715 559 778 aufert
574 714 677 778 bonos
694 713 797 778 viros:
816 712 966 778 Ioannem
982 711 1124 777 scribam
1141 732 1255 778 aman-
1306 711 1569 777 commodaturus
1601 718 1702 790 esset,
1736 719 1775 776 nt
1801 717 1924 777 certam
1951 711 2043 778 nobis
2071 711 2276 778 vooadonem

281 798 446 884 tissimum
457 797 591 864 Christi.
625 796 691 879 Qui
709 798 762 864 bio
782 797 867 862 nihil
888 819 989 881 quum
1006 797 1118 862 dicant
1138 797 1254 882 segle·
1305 797 1432 864 incerta
1458 803 1601 862 mutaret
1635 796 1803 863 consulere
1831 796 1975 880 profecto
2004 817 2070 861 non
2099 796 2275 879 potuimus.

282 883 344 950 diis
364 883 557 966 perdituros,
585 903 683 968 quam
704 903 822 949 vereor
847 903 891 948 ne
917 903 997 947 mox
1017 891 1144 966 pestem
1164 883 1254 948 nullo
1305 882 1352 949 Ut
1373 881 1503 966 quidem
1523 903 1584 950 vos
1604 882 1640 946 in
1662 882 1805 948 Domino
1826 881 2083 965 complectimur,
2107 880 2196 948 vobis
2217 903 2275 965 op-

302 968 388 1034 ladio
427 967 623 1036 domandam
662 971 805 1034 sentiant
843 968 884 1034 de
921 969 1000 1050 ipsis
1038 967 1252 1052 triumphare.
1305 969 1455 1034 tabamns
1476 967 1586 1050 plures
1608 968 1707 1032 etiam
1729 966 1898 1045 Calvinos,
1925 967 2021 1032 modo
2049 967 2142 1034 nobie
2164 977 2276 1034 noster

280 987 384 1120 derit
410 1053 564 1120 Christus
597 1061 635 1118 ut
668 1055 864 1137 resipiscant
896 1055 1033 1136 sanique
1073 1062 1182 1119 mente
1221 1061 1254 1120 et
1305 1053 1551 1137 relinqueretur.
1595 1053 1739 1135 Atquin
1765 1074 1831 1118 non
1850 1061 1980 1118 tantum
2002 1074 2077 1132 vos,
2106 1051 2163 1118 sed
2184 1074 2275 1136 sym-

281 1138 417 1223 corpore
438 1139 581 1205 Domino
608 1142 761 1205 serviant.
806 1139 904 1222 Quod
932 1148 1041 1217 actum
1070 1140 1113 1205 sit
1139 1140 1174 1204 in
1196 1161 1253 1204 ne-
1304 1146 1432 1224 mystae
1453 1139 1553 1204 etiam
1574 1138 1706 1222 quidam
1737 1159 1874 1220 quorum
1902 1138 1996 1204 nobis
2018 1139 2182 1206 sententia
2201 1159 2276 1223 gra·

280 1225 368 1324 gotio
390 1224 496 1305 huius,
519 1247 560 1291 ex
582 1245 620 1290 eo
641 1225 737 1292 facile
754 1226 856 1292 fuerit
873 1224 999 1291 audire.
1031 1225 1149 1290 Velete
1170 1225 1253 1290 mibi
1305 1225 1438 1291 vissima
1459 1232 1518 1304 est,
1539 1231 1709 1308 tantopere
1730 1224 1955 1302 confirmastis,
1982 1225 2056 1290 istic
2078 1245 2153 1289 eum
2175 1245 2275 1306 quam

279 1329 316 1375 m
334 1311 477 1376 Domino
499 1312 644 1376 omnium
667 1311 835 1390 carissimi,
857 1331 980 1394 nosque
1006 1332 1119 1376 omnes
1140 1311 1253 1376 iuvate
1304 1309 1392 1394 apud
1423 1331 1483 1376 nos
1517 1309 1661 1374 Domino
1699 1309 1882 1376 uberiorem
1914 1312 2056 1376 fructum
2088 1309 2274 1389 allaturum,

281 1396 402 1462 vestris
423 1396 637 1462 sanctissimis
654 1398 814 1479 precibus,
838 1405 871 1462 et
892 1397 932 1462 ab
954 1396 1103 1462 omnibus
1124 1397 1197 1462 istic
1217 1396 1252 1462 id
1304 1398 1392 1480 passi
1413 1416 1526 1461 sumus
1548 1403 1586 1462 ut
1606 1396 1642 1459 in
1662 1416 1731 1460 rem
1751 1403 1955 1478 praesentem
1976 1395 2048 1478 ipse
2068 1395 2213 1474 veniret,
2242 1403 2275 1461 et

279 1484 383 1566 petite
404 1501 484 1564 quos
505 1481 614 1549 salvos
635 1503 706 1549 esse
728 1484 884 1566 cupimus.
921 1481 1076 1549 Neoocmi
1098 1485 1149 1548 27.
1168 1482 1251 1566 Sep·
1304 1483 1436 1546 omnino
1458 1489 1676 1547 statueramus
1698 1481 1823 1563 aliquos
1840 1501 1882 1546 ex
1903 1482 2026 1545 nostris
2046 1501 2113 1545 una
2133 1481 2274 1546 mittere.

280 1567 417 1633 tembris
446 1572 535 1632 1541.
1304 1565 1372 1633 Sed
1403 1587 1462 1634 nos
1490 1565 1654 1632 Dominus
1684 1566 1804 1632 iniecta
1834 1586 1934 1631 manu
1966 1567 2114 1631 retinnit:
2147 1574 2275 1650 pestem

365 1651 431 1719 Hic
466 1675 525 1737 ego
558 1674 578 1718 a
610 1651 704 1719 vobis
731 1654 898 1737 deprecari
930 1651 1061 1720 veniam
1091 1650 1251 1732 deberem,
1304 1654 1391 1718 enim
1413 1651 1492 1718 satis
1510 1672 1640 1718 saevam
1659 1661 1790 1717 nostrae
1808 1651 1961 1717 ecclesiae
1978 1651 2123 1716 immisit.
2160 1650 2274 1733 Quum

279 1736 366 1820 qnod
390 1738 437 1805 sic
458 1738 627 1806 vobiscum
654 1758 765 1823 agam,
796 1759 850 1803 ma
875 1739 901 1805 's
932 1759 991 1822 per
1018 1737 1129 1822 (haec)
1152 1758 1252 1804 rosa
1303 1739 1412 1822 itaque
1437 1736 1588 1803 Caluinus
1615 1739 1685 1820 ipse
1715 1738 1880 1803 vobiscum
1908 1746 1940 1801 st
1966 1758 2041 1802 cum
2062 1735 2218 1802 fratribus
2238 1738 2275 1802 in

279 1821 469 1889 melicn'bns
491 1845 574 1906 qnae
596 1827 716 1890 tenetis
738 1845 837 1908 snper
879 1825 906 1889 ‘s
924 1822 1080 1907 expedire
1101 1843 1249 1904 avocans,
1302 1845 1339 1888 re
1359 1823 1523 1906 praesenti
1540 1823 1656 1888 statuit
1673 1843 1708 1888 se
1725 1824 1871 1888 revocari
1888 1822 2045 1889 divinitus
2062 1821 2104 1887 ad
2121 1844 2191 1902 vos,
2215 1843 2274 1889 nos

279 1927 378 1990 qnam
398 1911 454 1991 qui
476 1911 611 1975 afferam
634 1910 754 1993 aliquid
776 1910 871 1976 utile:
905 1910 961 1976 sed
983 1908 1070 1993 apud
1090 1930 1171 1991 qnos
1192 1931 1249 1975 an·
1302 1909 1441 1974 libenter
1473 1907 1555 1974 baec
1586 1906 1748 1973 credimus
1781 1917 1853 1974 acta
1886 1929 1956 1974 esee
1988 1909 2105 1991 spiritu
2139 1907 2273 1974 Ohristi

280 1992 378 2071 debo,
407 1995 436 2059 si
464 2016 532 2060 non
557 1995 644 2078 apud
665 1995 747 2062 vos?
778 2003 816 2060 nt
843 1997 949 2080 magis
975 2015 1028 2060 me
1049 1994 1172 2076 pudeat
1194 2015 1250 2059 ve-
1302 1994 1419 2077 Itaque
1435 1993 1529 2058 vobis
1547 1993 1710 2059 redditum
1727 2003 1891 2077 pastorem
1910 2001 2066 2072 vestrum,
2085 2014 2275 2077 quanquam

279 2079 370 2143 niam
391 2089 503 2162 petere
524 2101 544 2145 a
564 2081 665 2160 vobis,
688 2101 786 2164 qnam
797 2079 1021 2165 castigandum
1043 2080 1172 2162 aliquod
1194 2078 1250 2145 de-
1302 2098 1507 2161 summopere
1525 2078 1634 2144 doleat
1652 2079 1746 2145 nobis
1765 2088 1922 2162 ereptum,
1941 2080 2034 2145 vobis
2052 2079 2272 2164 gratulamur:

280 2163 410 2248 signare
431 2185 531 2247 quum
553 2165 637 2230 nihil
669 2167 751 2231 mihi
777 2167 881 2249 possit
908 2166 1032 2251 gratim
1059 2185 1250 2248 essequam
1302 2163 1417 2230 sedin
1440 2165 1581 2229 Domino
1603 2164 1775 2230 hortamur
1798 2173 1913 2230 voset
1939 2166 2162 2244 obsecramus,
2191 2165 2275 2230 sicut

279 2249 415 2315 arobis
437 2251 564 2333 corripi.
609 2249 647 2317 Si
669 2251 752 2317 aliae
773 2251 925 2318 ecclesiae
942 2251 1029 2316 idem
1050 2258 1194 2335 agerent,
1217 2259 1250 2317 et
1301 2249 1416 2334 cupide
1443 2249 1531 2315 hunc
1558 2249 1713 2316 ecclesiae
1741 2249 1905 2316 doctorem
1933 2259 1967 2315 et
1993 2259 2157 2334 pastorem
2180 2273 2274 2335 repe-

279 2344 410 2418 tempns
432 2334 466 2400 id
483 2337 591 2414 terret,
613 2338 750 2420 potestis
771 2337 930 2403 coniicere
952 2357 1050 2420 quam
1071 2336 1248 2421 expediret.
1301 2336 1417 2436 tiistis,
1429 2334 1475 2399 ita
1496 2335 1647 2435 religiose
1666 2355 1794 2419 qnoque
1816 2333 2174 2436 audiatiqetmmtno
2187 2337 2273 2436 lesu

841 2420 2271 2590 .........13qu,ppppggquppqqm,

1302 2593 1355 2658 hio
1376 2593 1479 2658 frater
1500 2591 1712 2675 amplioribus
1734 2590 1828 2658 donis
1838 2592 1973 2658 Domini
1995 2601 2131 2658 ornatus
2151 2601 2210 2672 est,
2232 2603 2271 2663 ut

1301 2679 1433 2743 omnino
1454 2699 1515 2762 par
1535 2678 1672 2744 summis
1697 2685 1732 2744 et
1752 2678 1875 2743 nemini
1897 2677 2060 2744 secundus
2080 2679 2116 2744 in
2138 2679 2191 2746 his
2213 2701 2270 2746 ex·

1301 2764 1396 2843 sistit,
1416 2763 1479 2830 hoc
1500 2764 1634 2847 gravius
1656 2764 1838 2829 Dominum
1859 2762 2081 2842 offenderetis,
2104 2764 2272 2847 siparum

1301 2850 1479 2934 morigeros
1500 2869 1560 2915 ros
1581 2848 1718 2914 Domini
1739 2849 1827 2929 voci,
1856 2869 1956 2932 qnam
1977 2849 2081 2914 solam
2101 2858 2134 2914 et
2154 2870 2272 2934 puram

1300 2934 1353 3000 hic
1375 2935 1466 3001 vobis
1493 2935 1718 3013 maundabit,
1744 2935 1961 3018 praestaretis.
2011 2933 2142 3001 Dabitis
2168 2935 2271 3020 igitur

728 3000 799 3072 3⁰1·
1300 3040 1433 3120 operam
1460 3021 1604 3119 ntsiout
1624 3041 1685 3104 per
1708 3017 1873 3086 Οαίυίαιααιι
1895 3027 1928 3120 et
1956 3019 2097 3121 Virrium
2118 3021 2271 3121 ecclesiae

300 3153 514 3222 marsum
534 3153 1000 3224 meuuroecnnasns
1023 3153 1225 3226 esurum
1299 3103 1649 3273 {fflffifflffiss
1669 3115 1988 3258 ffifflssffiss
2001 3114 2271 3278 ffifflffig

624 3257 903 3326 GENEVENSI·
1300 3274 1569 3354 accommodetur,
1587 3283 1626 3342 ut
1636 3277 1863 3362 verapopulus
1876 3277 1939 3342 Dei
1949 3276 2030 3357 sitis,
2048 3298 2130 3362 gene
2147 3285 2269 3358 sancta,

666 3429 672 3442 ,
942 3429 949 3443 ,
1073 3431 1079 3444 ,
1185 3431 1190 3444 ,
1300 3382 1441 3445 regnum
1468 3361 1540 3426 Dei.
1591 3361 1742 3443 Quodsi
1770 3361 1944 3440 studeatis,
1976 3371 2114 3428 externa
2145 3384 2271 3447 quoque

347 3427 564 3528 asponam
584 3430 627 3496 “tl
648 3429 756 3528 lm?
780 3427 1003 3496 amm
1024 3429 1137 3513 ΝΜ
1156 3429 1191 3496 7⁸⁸
1212 3430 1249 3498 dt
1300 3445 1410 3512 omnia
1431 3446 1523 3512 vobis
1545 3445 1698 3513 Christus
1725 3448 1846 3530 optime
1871 3447 1987 3514 cadere
2011 3448 2115 3514 faciet.
2161 3448 2270 3530 Quae-

277 3517 415 3580 ’Μαί
436 3514 499 3580 ⁸²⁶⁸
517 3513 646 3582 &lm
665 3520 790 3598 mim
810 3521 940 3598 Wadi·
1301 3531 1450 3598 rentibus
1472 3532 1560 3598 enim
1579 3554 1719 3618 regnum
1729 3533 1792 3598 Dei
1815 3539 1849 3599 et
1868 3533 2028 3600 iustitiam
2049 3533 2121 3600 eius
2142 3542 2271 3600 caetere

1300 3639 1432 3684 necesse
1459 3625 1511 3684 eet
1539 3619 1649 3684 omnia
1674 3617 1785 3698 adiici,
1812 3618 1889 3702 qnia
1915 3619 1950 3684 id
1978 3617 2144 3686 Dominus
2177 3619 2269 3686 dixit

295 3699 352 3766 (ux
369 3700 536 3771 sumpto
555 3701 653 3756 ΒΜ
669 3702 699 3756 in
715 3702 786 3756 sibl.
804 3701 905 3758 (iam
924 3701 1027 3758 ΟΜ
1044 3701 1122 3758 197⁸·
1138 3702 1172 3757 N·
1192 3703 1230 3769 1.)
1307 3703 1447 3770 Virrium
1468 3703 1574 3770 adhuc
1595 3724 1729 3770 manere
1749 3704 1835 3787 apud
1856 3706 1925 3784 vos,
1952 3712 1985 3770 et
2006 3712 2044 3772 ut
2064 3705 2117 3772 vel
2138 3705 2174 3771 in
2197 3727 2268 3772 ves-

1299 3795 1352 3854 tra
1383 3787 1519 3855 ecclesia
1557 3789 1745 3873 exemplum
1778 3789 1907 3874 aliquod
1940 3811 2039 3856 verae
2077 3790 2267 3874 disciplinae
2298 3801 2303 3816 '

276 3903 575 3972 Praestantissimia
595 3906 677 3973 viris
698 3913 732 3972 et
754 3906 964 3990 amplissimis
986 3907 1137 3974 Dominis
1159 3905 1247 3994 Syn·
1299 3873 1425 3974 (dhrim
1461 3875 1678 3941 ⁰⁰⁰⁸fit¹¹²i¹¹f
1708 3895 1840 3959 (ΨΜ
1872 3897 1965 3942 ΒΜ
1996 3875 2159 3956 ⁰⁰¹¹f0ff⁰2
2192 3877 2267 3960 (luia

277 3987 358 4060 dicis
386 3999 484 4076 atque
506 3989 646 4058 Senatui
666 3992 863 4077 reipublicae
882 3993 1091 4061 Generatum
1108 3993 1249 4060 dominis
1298 3980 1390 4112 {eum
1422 3968 1456 4026 ⁰⁸
1486 3961 1707 4028 ⁰⁰⁰⁰⁸⁸⁰¹fi¹¹m
1734 3959 1930 4061 mmmm?
1958 3961 2153 4061 imtlbimm
2179 3959 2267 4062 “pull

528 4077 596 4144 suis
617 4099 821 4162 summopere
842 4077 995 4144 mendis·
1350 4054 1460 4112 rnates
1476 4055 1635 4128 quantum
1650 4067 1831 4129 possumus,
1853 4068 1895 4112 ne
1915 4069 1945 4114 rs
1966 4047 2058 4112 vobis
2078 4047 2187 4113 adhuc
2203 4068 2266 4114 err-

362 4212 396 4278 G
450 4214 457 4228 ι
744 4215 750 4230 Ι
919 4215 925 4230 ι
964 4215 970 4230 ι
1011 4215 1017 4230 ·
1062 4217 1099 4231 ..
1201 4217 1245 4232 ..
1298 4131 1417 4230 piatur.
1449 4131 1613 4231 Dominus
1631 4133 1725 4198 Iesus
1740 4140 1851 4233 servet
1867 4154 1925 4199 vos
1939 4144 1980 4232 'et
2001 4133 2122 4234 dirigat
2139 4133 2177 4198 in
2199 4155 2267 4198 cm·

277 4221 611 4381 obaudibit}
623 4213 1108 4368 bi'iilii'ffdffiiieffi
1119 4214 1248 4368 ttt}
1299 4217 2157 4387 littatttttttttttt9'05‘55.tt⁹⁰¹¹'⁰⁸’
2184 4215 2270 4306 ‘¹³⁰⁶

276 4403 377 4462 mum,
399 4385 556 4484 eximium
575 4385 721 4487 prolecto
743 4405 903 4486 organum
915 4385 1047 4465 Ohristi,
1070 4388 1246 4472 recepistis,
1597 4353 1604 4368 ι
1851 4353 1858 4368 ’
1923 4441 1929 4454 .
2040 4353 2047 4368 ¹

276 4487 344 4533 non
365 4469 460 4535 nobis
481 4471 539 4536 sed
559 4470 693 4538 Ohnsto
714 4471 858 4538 Dommo
882 4493 979 4557 agere
1007 4474 1129 4558 gratiae
1151 4473 1247 4540 debe-
1706 4439 1749 4506 D·
1772 4439 1813 4504 v·
1820 4439 1976 4590 ffilffi
1998 4525 2140 4592 Domino

1501 4613 1648 4678 Ministri
1670 4609 1823 4677 ecclesiae
1846 4613 2134 4696 Argentoratensis

1627 4697 1753 4780 Oapito,
1776 4695 1893 4774 Hedio,
1915 4695 2062 4763 Bucerus
2085 4707 2119 4762 et
2140 4699 2269 4766 caeteri.

664 2765 866 2774 *—

381 4757 410 4826 7]
431 4757 541 4813 Gclctm'
555 4759 669 4829 trata,
692 4775 727 4816 αι
743 4761 928 4830 Aspacurae
943 4761 1074 4830 Ινανίαιι
1091 4779 1152 4819 aem
1168 4780 1246 4820 reect-

278 4827 315 4882 ίία
331 4828 392 4882 attis
409 4827 574 4909 declarata.
604 4830 725 4886 Samma
740 4831 805 4900 ipsa
822 4831 957 4887 udum
968 4831 1078 4896 Φανία
1094 4833 1138 4888 die
1155 4834 1246 4890 decre·

278 4903 357 4952 caat
369 4897 492 4966 pubicae
509 4913 569 4952 sum
589 4899 663 4954 tabas
679 4899 741 4953 αίαία
756 4914 871 4954 sacrm
888 4915 911 4954 c.
928 4901 1129 4970 impediamus
1145 4904 1246 4959 ecar-

277 4971 420 5033 peatcrctc
437 4965 491 5022 ado
596 4985 623 5021 m
640 4983 706 5036 ιααα,
723 4973 749 5022 ct
765 4969 793 5023 d.
812 4969 854 5023 11.
875 4968 933 5024 oct.
951 4971 1085 5039 scriptam
1099 4972 1200 5040 ίαρίαιιν
1215 4973 1248 5026 ia
1315 4969 1380 5031 361.
1400 4971 1425 5033 l)
1445 4970 1524 5039 Quas
1540 4968 1677 5023 Μανία
1693 4967 1972 5036 nummati
1988 4969 2161 5039 αααρααηιαα
2180 4971 2268 5027 Gene-

280 5035 495 5090 manuario:
524 5039 563 5090 les
586 5037 706 5090 chevanx
729 5041 758 5090 et
780 5038 806 5091 le
830 5039 935 5094 chat-iot
956 5041 1003 5108 qni
1025 5049 1074 5094 ont
1095 5042 1190 5095 amend
1212 5042 1247 5096 de
1298 5054 1402 5106 emec,
1420 5053 1468 5093 ecs
1486 5053 1544 5093 noa
1559 5036 1720 5106 ννραααιιια.
1758 5037 1859 5094 Veram
1874 5037 1957 5106 factio
1972 5039 2052 5094 nodie
2066 5041 2269 5108 paucam

281 5105 351 5224 Strq.
370 5106 401 5184 la·
413 5105 510 5158 lemme
528 5113 557 5158 et
573 5106 599 5158 le
616 5121 728 5174 manage
745 5105 930 5162 delicatus
948 5109 1059 5164 wheter
1075 5109 1122 5164 dea
1139 5110 1247 5166 deniers
1297 5107 1329 5162 id
1344 5108 1449 5174 focam
1466 5107 1560 5162 eadm
1576 5106 1716 5163 οααααίοιια
1738 5121 1795 5176 quta
1816 5114 1842 5164 et
1864 5107 1904 5162 cd
1928 5113 2054 5164 ανναααι
2075 5105 2173 5166 taras
2190 5109 2269 5166 dede·

279 5171 314 5225 de
342 5173 440 5226 crille
457 5179 551 5227 seront
567 5173 671 5228 vendut
688 5191 740 5227 eux
754 5175 889 5230 encheres.
1298 5181 1366 5231 Μ
1384 5175 1468 5244 (aot).
