<?xml version="1.0" encoding="UTF-8"?>
<!DOCTYPE html PUBLIC "-//W3C//DTD XHTML 1.0 Transitional//EN"
    "http://www.w3.org/TR/xhtml1/DTD/xhtml1-transitional.dtd">
<html xmlns="http://www.w3.org/1999/xhtml" xml:lang="en" lang="en">
 <head>
  <title>
</title>
<meta http-equiv="Content-Type" content="text/html;charset=utf-8" />
  <meta name='ocr-system' content='tesseract 3.04.00' />
  <meta name='ocr-capabilities' content='ocr_page ocr_carea ocr_par ocr_line ocrx_word'/>
</head>
<body>
  <div class='ocr_page' id='page_1' title='image "./ioanniscalvinio04reusgoog_0368.png"; bbox 0 0 4898 5970; ppageno 0'>
   <div class='ocr_carea' id='block_1_1' title="bbox 163 280 2165 354">
    <p class='ocr_par' dir='ltr' id='par_1_1' title="bbox 163 280 2165 354">
     <span class='ocr_line' id='line_1_1' title="bbox 163 280 2165 354; baseline 0.003 -8"><span class='ocrx_word' id='word_1_1' title='bbox 163 283 225 346; x_wconf 82' lang='lat'><strong>&#39;109</strong></span> <span class='ocrx_word' id='word_1_2' title='bbox 1064 282 1146 344; x_wconf 80' lang='lat'>1544</span> <span class='ocrx_word' id='word_1_3' title='bbox 1168 280 1264 346; x_wconf 78' lang='lat' dir='ltr'><strong>MAI.</strong></span> <span class='ocrx_word' id='word_1_4' title='bbox 2101 289 2165 354; x_wconf 75' lang='lat' dir='ltr'><strong>tto</strong></span> 
     </span>
    </p>
   </div>
   <div class='ocr_carea' id='block_1_2' title="bbox 161 465 2165 3971">
    <p class='ocr_par' dir='ltr' id='par_1_2' title="bbox 161 465 2165 1836">
     <span class='ocr_line' id='line_1_2' title="bbox 161 465 2165 554; baseline 0.002 -18"><span class='ocrx_word' id='word_1_5' title='bbox 161 472 286 538; x_wconf 74' lang='lat' dir='ltr'><strong>donem</strong></span> <span class='ocrx_word' id='word_1_6' title='bbox 314 467 455 534; x_wconf 88' lang='lat' dir='ltr'><strong>nominis</strong></span> <span class='ocrx_word' id='word_1_7' title='bbox 483 467 556 533; x_wconf 87' lang='lat' dir='ltr'><strong>Dei</strong></span> <span class='ocrx_word' id='word_1_8' title='bbox 599 465 747 544; x_wconf 89' lang='lat' dir='ltr'><strong>Ducibus</strong></span> <span class='ocrx_word' id='word_1_9' title='bbox 774 465 851 532; x_wconf 91' lang='lat' dir='ltr'><strong>belli</strong></span> <span class='ocrx_word' id='word_1_10' title='bbox 880 465 982 531; x_wconf 91' lang='lat' dir='ltr'><strong>utitur</strong></span> <span class='ocrx_word' id='word_1_11' title='bbox 1015 466 1133 550; x_wconf 84' lang='lat' dir='ltr'><strong>impiis,</strong></span> <span class='ocrx_word' id='word_1_12' title='bbox 1186 466 1407 533; x_wconf 89' lang='lat' dir='ltr'><strong>testimonium</strong></span> <span class='ocrx_word' id='word_1_13' title='bbox 1429 465 1595 533; x_wconf 85' lang='lat' dir='ltr'><strong>doctrinae</strong></span> <span class='ocrx_word' id='word_1_14' title='bbox 1617 469 1809 554; x_wconf 72' lang='lat' dir='ltr'><strong>pietatisque</strong></span> <span class='ocrx_word' id='word_1_15' title='bbox 1827 479 1904 536; x_wconf 89' lang='lat' dir='ltr'><strong>tuae</strong></span> <span class='ocrx_word' id='word_1_16' title='bbox 1926 470 2028 552; x_wconf 91' lang='lat' dir='ltr'><strong>dedit,</strong></span> <span class='ocrx_word' id='word_1_17' title='bbox 2051 471 2085 538; x_wconf 92' lang='lat' dir='ltr'><strong>id</strong></span> <span class='ocrx_word' id='word_1_18' title='bbox 2107 493 2165 540; x_wconf 87' lang='lat' dir='ltr'><strong>so·</strong></span> 
     </span>
     <span class='ocr_line' id='line_1_3' title="bbox 162 551 2160 641; baseline 0.001 -17"><span class='ocrx_word' id='word_1_19' title='bbox 162 554 360 639; x_wconf 84' lang='lat' dir='ltr'><strong>blasphemis</strong></span> <span class='ocrx_word' id='word_1_20' title='bbox 381 561 414 619; x_wconf 91' lang='lat' dir='ltr'><strong>et</strong></span> <span class='ocrx_word' id='word_1_21' title='bbox 435 552 731 636; x_wconf 75' lang='lat' dir='ltr'><strong>persequutoribus.</strong></span> <span class='ocrx_word' id='word_1_22' title='bbox 776 553 885 634; x_wconf 81' lang='lat' dir='ltr'><strong>Atque</strong></span> <span class='ocrx_word' id='word_1_23' title='bbox 915 551 1042 617; x_wconf 88' lang='lat' dir='ltr'><strong>utinam</strong></span> <span class='ocrx_word' id='word_1_24' title='bbox 1064 573 1134 618; x_wconf 90' lang='lat' dir='ltr'><strong>reo-</strong></span> <span class='ocrx_word' id='word_1_25' title='bbox 1185 553 1255 618; x_wconf 91' lang='lat' dir='ltr'><strong>lum</strong></span> <span class='ocrx_word' id='word_1_26' title='bbox 1277 575 1313 618; x_wconf 88' lang='lat' dir='ltr'><strong>se</strong></span> <span class='ocrx_word' id='word_1_27' title='bbox 1334 553 1499 634; x_wconf 84' lang='lat' dir='ltr'><strong>requirere</strong></span> <span class='ocrx_word' id='word_1_28' title='bbox 1527 553 1637 620; x_wconf 87' lang='lat' dir='ltr'><strong>dicens</strong></span> <span class='ocrx_word' id='word_1_29' title='bbox 1664 563 1702 620; x_wconf 91' lang='lat' dir='ltr'><strong>ut</strong></span> <span class='ocrx_word' id='word_1_30' title='bbox 1723 555 1883 641; x_wconf 89' lang='lat' dir='ltr'><strong>quendam</strong></span> <span class='ocrx_word' id='word_1_31' title='bbox 1910 555 2049 622; x_wconf 83' lang='lat' dir='ltr'><strong>fratrem</strong></span> <span class='ocrx_word' id='word_1_32' title='bbox 2072 581 2160 626; x_wconf 83' lang='lat' dir='ltr'><strong>oom-</strong></span> 
     </span>
     <span class='ocr_line' id='line_1_4' title="bbox 162 637 2158 724; baseline 0.002 -17"><span class='ocrx_word' id='word_1_33' title='bbox 162 643 229 708; x_wconf 87' lang='lat' dir='ltr'><strong>tins</strong></span> <span class='ocrx_word' id='word_1_34' title='bbox 267 647 398 724; x_wconf 86' lang='lat' dir='ltr'><strong>saperet</strong></span> <span class='ocrx_word' id='word_1_35' title='bbox 435 661 494 704; x_wconf 87' lang='lat' dir='ltr'><strong>rex</strong></span> <span class='ocrx_word' id='word_1_36' title='bbox 532 637 717 704; x_wconf 83' lang='lat' dir='ltr'><strong>Galliarum</strong></span> <span class='ocrx_word' id='word_1_37' title='bbox 750 637 948 704; x_wconf 72' lang='lat' dir='ltr'><strong>Franci-seue·</strong></span> <span class='ocrx_word' id='word_1_38' title='bbox 997 637 1134 704; x_wconf 90' lang='lat' dir='ltr'><strong>Utinam</strong></span> <span class='ocrx_word' id='word_1_39' title='bbox 1185 638 1423 704; x_wconf 83' lang='lat' dir='ltr'><strong>mendatiorum</strong></span> <span class='ocrx_word' id='word_1_40' title='bbox 1454 637 1576 704; x_wconf 88' lang='lat' dir='ltr'><strong>habeas</strong></span> <span class='ocrx_word' id='word_1_41' title='bbox 1611 649 1760 707; x_wconf 89' lang='lat' dir='ltr'><strong>extrema</strong></span> <span class='ocrx_word' id='word_1_42' title='bbox 1786 643 1979 709; x_wconf 85' lang='lat' dir='ltr'><strong>necessitate</strong></span> <span class='ocrx_word' id='word_1_43' title='bbox 2008 643 2158 710; x_wconf 84' lang='lat' dir='ltr'><strong>laboren·</strong></span> 
     </span>
     <span class='ocr_line' id='line_1_5' title="bbox 162 722 2158 808; baseline 0.002 -13"><span class='ocrx_word' id='word_1_44' title='bbox 162 728 333 795; x_wconf 85' lang='lat' dir='ltr'><strong>Ohristnm</strong></span> <span class='ocrx_word' id='word_1_45' title='bbox 353 725 390 789; x_wconf 94' lang='lat' dir='ltr'><strong>in</strong></span> <span class='ocrx_word' id='word_1_46' title='bbox 410 725 474 808; x_wconf 89' lang='lat' dir='ltr'><strong>piis</strong></span> <span class='ocrx_word' id='word_1_47' title='bbox 495 733 743 807; x_wconf 89' lang='lat' dir='ltr'><strong>persequeretur</strong></span> <span class='ocrx_word' id='word_1_48' title='bbox 755 723 873 790; x_wconf 89' lang='lat' dir='ltr'><strong>minus.</strong></span> <span class='ocrx_word' id='word_1_49' title='bbox 910 723 1023 788; x_wconf 82' lang='lat' dir='ltr'><strong>Metuo</strong></span> <span class='ocrx_word' id='word_1_50' title='bbox 1045 722 1134 788; x_wconf 90' lang='lat' dir='ltr'><strong>enim</strong></span> <span class='ocrx_word' id='word_1_51' title='bbox 1185 726 1293 803; x_wconf 57' lang='lat' dir='ltr'><strong>teme</strong></span> <span class='ocrx_word' id='word_1_52' title='bbox 1325 725 1375 790; x_wconf 78' lang='lat' dir='ltr'><strong>Eo</strong></span> <span class='ocrx_word' id='word_1_53' title='bbox 1397 724 1484 788; x_wconf 90' lang='lat' dir='ltr'><strong>euim</strong></span> <span class='ocrx_word' id='word_1_54' title='bbox 1506 725 1611 791; x_wconf 88' lang='lat' dir='ltr'><strong>officio</strong></span> <span class='ocrx_word' id='word_1_55' title='bbox 1633 726 1733 792; x_wconf 89' lang='lat' dir='ltr'><strong>tetius</strong></span> <span class='ocrx_word' id='word_1_56' title='bbox 1755 749 1832 792; x_wconf 89' lang='lat' dir='ltr'><strong>suae</strong></span> <span class='ocrx_word' id='word_1_57' title='bbox 1854 728 1966 794; x_wconf 89' lang='lat' dir='ltr'><strong>classis</strong></span> <span class='ocrx_word' id='word_1_58' title='bbox 1986 729 2103 796; x_wconf 83' lang='lat' dir='ltr'><strong>fratres</strong></span> <span class='ocrx_word' id='word_1_59' title='bbox 2125 739 2158 798; x_wconf 91' lang='lat' dir='ltr'><strong>te</strong></span> 
     </span>
     <span class='ocr_line' id='line_1_6' title="bbox 163 807 2158 900; baseline 0.001 -21"><span class='ocrx_word' id='word_1_60' title='bbox 163 836 205 879; x_wconf 92' lang='lat' dir='ltr'><strong>ne</strong></span> <span class='ocrx_word' id='word_1_61' title='bbox 227 821 262 876; x_wconf 90' lang='lat' dir='ltr'><strong>et</strong></span> <span class='ocrx_word' id='word_1_62' title='bbox 282 811 385 894; x_wconf 89' lang='lat' dir='ltr'><strong>ipsius</strong></span> <span class='ocrx_word' id='word_1_63' title='bbox 406 831 546 894; x_wconf 81' lang='lat' dir='ltr'><strong>regnum</strong></span> <span class='ocrx_word' id='word_1_64' title='bbox 568 819 601 874; x_wconf 90' lang='lat' dir='ltr'><strong>et</strong></span> <span class='ocrx_word' id='word_1_65' title='bbox 622 811 784 876; x_wconf 87' lang='lat' dir='ltr'><strong>exercitus</strong></span> <span class='ocrx_word' id='word_1_66' title='bbox 813 810 900 874; x_wconf 91' lang='lat' dir='ltr'><strong>iusto</strong></span> <span class='ocrx_word' id='word_1_67' title='bbox 922 807 985 873; x_wconf 91' lang='lat' dir='ltr'><strong>Dei</strong></span> <span class='ocrx_word' id='word_1_68' title='bbox 1015 808 1134 874; x_wconf 92' lang='lat' dir='ltr'><strong>iudicio</strong></span> <span class='ocrx_word' id='word_1_69' title='bbox 1186 809 1345 875; x_wconf 85' lang='lat' dir='ltr'><strong>demereri</strong></span> <span class='ocrx_word' id='word_1_70' title='bbox 1373 810 1616 894; x_wconf 84' lang='lat' dir='ltr'><strong>arctissimeque</strong></span> <span class='ocrx_word' id='word_1_71' title='bbox 1645 811 1873 878; x_wconf 85' lang='lat' dir='ltr'><strong>benevolentia</strong></span> <span class='ocrx_word' id='word_1_72' title='bbox 1898 813 1959 878; x_wconf 90' lang='lat' dir='ltr'><strong>tibi</strong></span> <span class='ocrx_word' id='word_1_73' title='bbox 1980 814 2158 900; x_wconf 81' lang='lat' dir='ltr'><strong>adiungere</strong></span> 
     </span>
     <span class='ocr_line' id='line_1_7' title="bbox 163 891 2157 985; baseline 0 -21"><span class='ocrx_word' id='word_1_74' title='bbox 163 895 336 982; x_wconf 80' lang='lat' dir='ltr'><strong>aliquando</strong></span> <span class='ocrx_word' id='word_1_75' title='bbox 365 907 566 978; x_wconf 83' lang='lat' dir='ltr'><strong>premantur.</strong></span> <span class='ocrx_word' id='word_1_76' title='bbox 609 894 697 960; x_wconf 81' lang='lat' dir='ltr'><strong>Sunt</strong></span> <span class='ocrx_word' id='word_1_77' title='bbox 723 895 810 960; x_wconf 90' lang='lat' dir='ltr'><strong>enim</strong></span> <span class='ocrx_word' id='word_1_78' title='bbox 832 895 886 977; x_wconf 91' lang='lat' dir='ltr'><strong>qui</strong></span> <span class='ocrx_word' id='word_1_79' title='bbox 910 891 951 959; x_wconf 89' lang='lat' dir='ltr'><strong>de</strong></span> <span class='ocrx_word' id='word_1_80' title='bbox 971 893 1029 958; x_wconf 94' lang='lat' dir='ltr'><strong>illo</strong></span> <span class='ocrx_word' id='word_1_81' title='bbox 1050 895 1134 959; x_wconf 86' lang='lat' dir='ltr'><strong>reie-</strong></span> <span class='ocrx_word' id='word_1_82' title='bbox 1185 915 1289 978; x_wconf 88' lang='lat' dir='ltr'><strong>posse.</strong></span> <span class='ocrx_word' id='word_1_83' title='bbox 1314 894 1412 976; x_wconf 79' lang='lat' dir='ltr'><strong>Quod</strong></span> <span class='ocrx_word' id='word_1_84' title='bbox 1433 903 1471 960; x_wconf 91' lang='lat' dir='ltr'><strong>ut</strong></span> <span class='ocrx_word' id='word_1_85' title='bbox 1490 897 1589 962; x_wconf 82' lang='lat' dir='ltr'><strong>facias</strong></span> <span class='ocrx_word' id='word_1_86' title='bbox 1610 917 1677 963; x_wconf 91' lang='lat' dir='ltr'><strong>uon</strong></span> <span class='ocrx_word' id='word_1_87' title='bbox 1700 907 1749 962; x_wconf 88' lang='lat' dir='ltr'><strong>est</strong></span> <span class='ocrx_word' id='word_1_88' title='bbox 1770 905 1808 962; x_wconf 90' lang='lat' dir='ltr'><strong>ut</strong></span> <span class='ocrx_word' id='word_1_89' title='bbox 1828 919 2024 985; x_wconf 76' lang='lat' dir='ltr'><strong>magnopere</strong></span> <span class='ocrx_word' id='word_1_90' title='bbox 2046 908 2078 965; x_wconf 93' lang='lat' dir='ltr'><strong>te</strong></span> <span class='ocrx_word' id='word_1_91' title='bbox 2100 901 2157 966; x_wconf 86' lang='lat' dir='ltr'><strong>nd·</strong></span> 
     </span>
     <span class='ocr_line' id='line_1_8' title="bbox 162 980 2157 1068; baseline 0.002 -18"><span class='ocrx_word' id='word_1_92' title='bbox 162 993 250 1050; x_wconf 80' lang='lat' dir='ltr'><strong>runt</strong></span> <span class='ocrx_word' id='word_1_93' title='bbox 263 983 343 1049; x_wconf 87' lang='lat' dir='ltr'><strong>eatis</strong></span> <span class='ocrx_word' id='word_1_94' title='bbox 364 981 496 1047; x_wconf 88' lang='lat' dir='ltr'><strong>atrocia.</strong></span> <span class='ocrx_word' id='word_1_95' title='bbox 525 981 651 1045; x_wconf 89' lang='lat' dir='ltr'><strong>Verum</strong></span> <span class='ocrx_word' id='word_1_96' title='bbox 672 981 833 1046; x_wconf 88' lang='lat' dir='ltr'><strong>orandum</strong></span> <span class='ocrx_word' id='word_1_97' title='bbox 854 987 932 1064; x_wconf 90' lang='lat' dir='ltr'><strong>puto</strong></span> <span class='ocrx_word' id='word_1_98' title='bbox 954 980 1134 1044; x_wconf 90' lang='lat' dir='ltr'><strong>Dominum</strong></span> <span class='ocrx_word' id='word_1_99' title='bbox 1185 980 1306 1058; x_wconf 85' lang='lat' dir='ltr'><strong>horter,</strong></span> <span class='ocrx_word' id='word_1_100' title='bbox 1329 981 1383 1064; x_wconf 93' lang='lat' dir='ltr'><strong>qui</strong></span> <span class='ocrx_word' id='word_1_101' title='bbox 1406 991 1462 1046; x_wconf 85' lang='lat' dir='ltr'><strong>tua</strong></span> <span class='ocrx_word' id='word_1_102' title='bbox 1483 989 1598 1063; x_wconf 88' lang='lat' dir='ltr'><strong>sponte</strong></span> <span class='ocrx_word' id='word_1_103' title='bbox 1615 983 1706 1048; x_wconf 86' lang='lat' dir='ltr'><strong>etad</strong></span> <span class='ocrx_word' id='word_1_104' title='bbox 1724 985 1919 1048; x_wconf 88' lang='lat' dir='ltr'><strong>miserorum</strong></span> <span class='ocrx_word' id='word_1_105' title='bbox 1941 987 2157 1068; x_wconf 86' lang='lat' dir='ltr'><strong>patrooinium</strong></span> 
     </span>
     <span class='ocr_line' id='line_1_9' title="bbox 164 1065 2157 1152; baseline 0.001 -17"><span class='ocrx_word' id='word_1_106' title='bbox 164 1068 310 1145; x_wconf 82' lang='lat' dir='ltr'><strong>assidue,</strong></span> <span class='ocrx_word' id='word_1_107' title='bbox 338 1075 375 1133; x_wconf 92' lang='lat' dir='ltr'><strong>ut</strong></span> <span class='ocrx_word' id='word_1_108' title='bbox 395 1067 432 1130; x_wconf 93' lang='lat' dir='ltr'><strong>in</strong></span> <span class='ocrx_word' id='word_1_109' title='bbox 454 1067 507 1131; x_wconf 91' lang='lat' dir='ltr'><strong>his</strong></span> <span class='ocrx_word' id='word_1_110' title='bbox 526 1065 685 1131; x_wconf 88' lang='lat' dir='ltr'><strong>bellorum</strong></span> <span class='ocrx_word' id='word_1_111' title='bbox 708 1065 911 1150; x_wconf 85' lang='lat' dir='ltr'><strong>gravissimis</strong></span> <span class='ocrx_word' id='word_1_112' title='bbox 940 1065 1134 1132; x_wconf 83' lang='lat' dir='ltr'><strong>tumultibus</strong></span> <span class='ocrx_word' id='word_1_113' title='bbox 1186 1073 1220 1130; x_wconf 89' lang='lat' dir='ltr'><strong>et</strong></span> <span class='ocrx_word' id='word_1_114' title='bbox 1241 1075 1389 1132; x_wconf 87' lang='lat' dir='ltr'><strong>mutuam</strong></span> <span class='ocrx_word' id='word_1_115' title='bbox 1411 1067 1672 1134; x_wconf 86' lang='lat' dir='ltr'><strong>coniunctionem</strong></span> <span class='ocrx_word' id='word_1_116' title='bbox 1694 1067 1844 1134; x_wconf 86' lang='lat' dir='ltr'><strong>alendam</strong></span> <span class='ocrx_word' id='word_1_117' title='bbox 1863 1078 1896 1132; x_wconf 89' lang='lat' dir='ltr'><strong>at</strong></span> <span class='ocrx_word' id='word_1_118' title='bbox 1913 1069 2157 1152; x_wconf 87' lang='lat' dir='ltr'><strong>provehendam</strong></span> 
     </span>
     <span class='ocr_line' id='line_1_10' title="bbox 163 1151 2158 1238; baseline 0.001 -18"><span class='ocrx_word' id='word_1_119' title='bbox 163 1155 331 1223; x_wconf 88' lang='lat' dir='ltr'><strong>eeclesiam</strong></span> <span class='ocrx_word' id='word_1_120' title='bbox 353 1174 447 1218; x_wconf 86' lang='lat' dir='ltr'><strong>suam</strong></span> <span class='ocrx_word' id='word_1_121' title='bbox 468 1160 586 1218; x_wconf 82' lang='lat' dir='ltr'><strong>servat</strong></span> <span class='ocrx_word' id='word_1_122' title='bbox 1187 1171 1221 1216; x_wconf 91' lang='lat' dir='ltr'><strong>es</strong></span> <span class='ocrx_word' id='word_1_123' title='bbox 1243 1153 1405 1218; x_wconf 88' lang='lat' dir='ltr'><strong>incitatus.</strong></span> <span class='ocrx_word' id='word_1_124' title='bbox 1449 1151 1610 1218; x_wconf 79' lang='lat' dir='ltr'><strong>Hortatur</strong></span> <span class='ocrx_word' id='word_1_125' title='bbox 1636 1175 1708 1218; x_wconf 89' lang='lat' dir='ltr'><strong>sum</strong></span> <span class='ocrx_word' id='word_1_126' title='bbox 1734 1153 1918 1232; x_wconf 77' lang='lat' dir='ltr'><strong>Claudium,</strong></span> <span class='ocrx_word' id='word_1_127' title='bbox 1948 1155 2158 1238; x_wconf 89' lang='lat' dir='ltr'><strong>quomadmo-</strong></span> 
     </span>
     <span class='ocr_line' id='line_1_11' title="bbox 249 1236 2157 1323; baseline 0.002 -18"><span class='ocrx_word' id='word_1_128' title='bbox 249 1238 497 1305; x_wconf 87' lang='lat' dir='ltr'><strong>Adolescentem</strong></span> <span class='ocrx_word' id='word_1_129' title='bbox 526 1258 622 1320; x_wconf 91' lang='lat' dir='ltr'><strong>quem</strong></span> <span class='ocrx_word' id='word_1_130' title='bbox 649 1237 731 1301; x_wconf 92' lang='lat' dir='ltr'><strong>mihi</strong></span> <span class='ocrx_word' id='word_1_131' title='bbox 752 1236 986 1304; x_wconf 78' lang='lat' dir='ltr'><strong>commendasti</strong></span> <span class='ocrx_word' id='word_1_132' title='bbox 1008 1236 1132 1320; x_wconf 83' lang='lat' dir='ltr'><strong>excepi.</strong></span> <span class='ocrx_word' id='word_1_133' title='bbox 1187 1236 1265 1302; x_wconf 90' lang='lat' dir='ltr'><strong>dum</strong></span> <span class='ocrx_word' id='word_1_134' title='bbox 1286 1245 1320 1301; x_wconf 90' lang='lat' dir='ltr'><strong>et</strong></span> <span class='ocrx_word' id='word_1_135' title='bbox 1340 1244 1499 1316; x_wconf 83' lang='lat' dir='ltr'><strong>caeteros,</strong></span> <span class='ocrx_word' id='word_1_136' title='bbox 1529 1259 1587 1320; x_wconf 89' lang='lat' dir='ltr'><strong>pro</strong></span> <span class='ocrx_word' id='word_1_137' title='bbox 1616 1240 1722 1304; x_wconf 85' lang='lat' dir='ltr'><strong>officio</strong></span> <span class='ocrx_word' id='word_1_138' title='bbox 1744 1241 1793 1304; x_wconf 88' lang='lat' dir='ltr'><strong>ati</strong></span> <span class='ocrx_word' id='word_1_139' title='bbox 1814 1253 1847 1304; x_wconf 84' lang='lat' dir='ltr'><strong>te</strong></span> <span class='ocrx_word' id='word_1_140' title='bbox 1871 1242 2102 1323; x_wconf 88' lang='lat' dir='ltr'><strong>complectatur</strong></span> <span class='ocrx_word' id='word_1_141' title='bbox 2123 1243 2157 1308; x_wconf 90' lang='lat' dir='ltr'><strong>in</strong></span> 
     </span>
     <span class='ocr_line' id='line_1_12' title="bbox 163 1321 2158 1409; baseline -0.001 -15"><span class='ocrx_word' id='word_1_142' title='bbox 163 1326 280 1394; x_wconf 83' lang='lat' dir='ltr'><strong>Scriba</strong></span> <span class='ocrx_word' id='word_1_143' title='bbox 306 1323 396 1390; x_wconf 89' lang='lat' dir='ltr'><strong>urbis</strong></span> <span class='ocrx_word' id='word_1_144' title='bbox 424 1332 555 1390; x_wconf 86' lang='lat' dir='ltr'><strong>nostrae</strong></span> <span class='ocrx_word' id='word_1_145' title='bbox 584 1324 751 1405; x_wconf 81' lang='lat' dir='ltr'><strong>primus,⁸)</strong></span> <span class='ocrx_word' id='word_1_146' title='bbox 783 1325 834 1388; x_wconf 89' lang='lat' dir='ltr'><strong>vir</strong></span> <span class='ocrx_word' id='word_1_147' title='bbox 862 1322 983 1400; x_wconf 89' lang='lat' dir='ltr'><strong>clarus,</strong></span> <span class='ocrx_word' id='word_1_148' title='bbox 1012 1323 1134 1404; x_wconf 89' lang='lat' dir='ltr'><strong>recepit</strong></span> <span class='ocrx_word' id='word_1_149' title='bbox 1187 1321 1343 1402; x_wconf 91' lang='lat' dir='ltr'><strong>Domino,</strong></span> <span class='ocrx_word' id='word_1_150' title='bbox 1366 1323 1516 1389; x_wconf 87' lang='lat' dir='ltr'><strong>observet</strong></span> <span class='ocrx_word' id='word_1_151' title='bbox 1538 1333 1572 1389; x_wconf 90' lang='lat' dir='ltr'><strong>et</strong></span> <span class='ocrx_word' id='word_1_152' title='bbox 1592 1324 1691 1402; x_wconf 84' lang='lat' dir='ltr'><strong>eolat,</strong></span> <span class='ocrx_word' id='word_1_153' title='bbox 1714 1325 1833 1409; x_wconf 87' lang='lat' dir='ltr'><strong>detque</strong></span> <span class='ocrx_word' id='word_1_154' title='bbox 1854 1346 1986 1409; x_wconf 85' lang='lat' dir='ltr'><strong>operam</strong></span> <span class='ocrx_word' id='word_1_155' title='bbox 2008 1347 2083 1392; x_wconf 91' lang='lat' dir='ltr'><strong>oum</strong></span> <span class='ocrx_word' id='word_1_156' title='bbox 2105 1349 2158 1392; x_wconf 89' lang='lat' dir='ltr'><strong>re·</strong></span> 
     </span>
     <span class='ocr_line' id='line_1_13' title="bbox 163 1407 2158 1496; baseline 0 -18"><span class='ocrx_word' id='word_1_157' title='bbox 163 1415 279 1496; x_wconf 89' lang='lat' dir='ltr'><strong>ipsum.</strong></span> <span class='ocrx_word' id='word_1_158' title='bbox 324 1410 472 1474; x_wconf 85' lang='lat' dir='ltr'><strong>Pretium</strong></span> <span class='ocrx_word' id='word_1_159' title='bbox 505 1410 541 1473; x_wconf 92' lang='lat' dir='ltr'><strong>iu</strong></span> <span class='ocrx_word' id='word_1_160' title='bbox 573 1429 676 1474; x_wconf 85' lang='lat' dir='ltr'><strong>anuos</strong></span> <span class='ocrx_word' id='word_1_161' title='bbox 708 1408 853 1492; x_wconf 87' lang='lat' dir='ltr'><strong>postulat</strong></span> <span class='ocrx_word' id='word_1_162' title='bbox 884 1415 1054 1473; x_wconf 86' lang='lat' dir='ltr'><strong>coronatos</strong></span> <span class='ocrx_word' id='word_1_163' title='bbox 1084 1413 1132 1472; x_wconf 82' lang='lat'><strong>16.</strong></span> <span class='ocrx_word' id='word_1_164' title='bbox 1186 1407 1300 1491; x_wconf 90' lang='lat' dir='ltr'><strong>liquis,</strong></span> <span class='ocrx_word' id='word_1_165' title='bbox 1327 1409 1376 1473; x_wconf 92' lang='lat' dir='ltr'><strong>uti</strong></span> <span class='ocrx_word' id='word_1_166' title='bbox 1403 1409 1676 1491; x_wconf 89' lang='lat' dir='ltr'><strong>quemadmodum</strong></span> <span class='ocrx_word' id='word_1_167' title='bbox 1707 1411 1771 1476; x_wconf 84' lang='lat' dir='ltr'><strong>iarn</strong></span> <span class='ocrx_word' id='word_1_168' title='bbox 1801 1411 1932 1476; x_wconf 87' lang='lat' dir='ltr'><strong>tandem</strong></span> <span class='ocrx_word' id='word_1_169' title='bbox 1962 1413 2049 1476; x_wconf 89' lang='lat' dir='ltr'><strong>inter</strong></span> <span class='ocrx_word' id='word_1_170' title='bbox 2076 1411 2158 1478; x_wconf 84' lang='lat' dir='ltr'><strong>duas</strong></span> 
     </span>
     <span class='ocr_line' id='line_1_14' title="bbox 163 1493 2159 1579; baseline -0.001 -16"><span class='ocrx_word' id='word_1_171' title='bbox 163 1497 302 1564; x_wconf 89' lang='lat' dir='ltr'><strong>Interim</strong></span> <span class='ocrx_word' id='word_1_172' title='bbox 325 1517 402 1560; x_wconf 89' lang='lat' dir='ltr'><strong>vero</strong></span> <span class='ocrx_word' id='word_1_173' title='bbox 424 1503 458 1558; x_wconf 90' lang='lat' dir='ltr'><strong>et</strong></span> <span class='ocrx_word' id='word_1_174' title='bbox 479 1503 587 1560; x_wconf 88' lang='lat' dir='ltr'><strong>vestes</strong></span> <span class='ocrx_word' id='word_1_175' title='bbox 608 1503 642 1558; x_wconf 91' lang='lat' dir='ltr'><strong>et</strong></span> <span class='ocrx_word' id='word_1_176' title='bbox 663 1493 737 1558; x_wconf 89' lang='lat' dir='ltr'><strong>libri</strong></span> <span class='ocrx_word' id='word_1_177' title='bbox 766 1493 911 1559; x_wconf 91' lang='lat' dir='ltr'><strong>solvendi</strong></span> <span class='ocrx_word' id='word_1_178' title='bbox 933 1501 1018 1558; x_wconf 93' lang='lat' dir='ltr'><strong>sunt.</strong></span> <span class='ocrx_word' id='word_1_179' title='bbox 1061 1494 1134 1576; x_wconf 80' lang='lat' dir='ltr'><strong>Ego</strong></span> <span class='ocrx_word' id='word_1_180' title='bbox 1187 1493 1247 1559; x_wconf 85' lang='lat' dir='ltr'><strong>has</strong></span> <span class='ocrx_word' id='word_1_181' title='bbox 1258 1494 1460 1576; x_wconf 88' lang='lat' dir='ltr'><strong>respublicas</strong></span> <span class='ocrx_word' id='word_1_182' title='bbox 1471 1515 1536 1577; x_wconf 86' lang='lat' dir='ltr'><strong>pax</strong></span> <span class='ocrx_word' id='word_1_183' title='bbox 1558 1496 1762 1579; x_wconf 75' lang='lat' dir='ltr'><strong>amicitiaque</strong></span> <span class='ocrx_word' id='word_1_184' title='bbox 1781 1495 1864 1561; x_wconf 92' lang='lat' dir='ltr'><strong>dono</strong></span> <span class='ocrx_word' id='word_1_185' title='bbox 1875 1497 1938 1564; x_wconf 89' lang='lat' dir='ltr'><strong>Dei</strong></span> <span class='ocrx_word' id='word_1_186' title='bbox 1960 1498 2088 1576; x_wconf 87' lang='lat' dir='ltr'><strong>coaluit,</strong></span> <span class='ocrx_word' id='word_1_187' title='bbox 2111 1499 2159 1564; x_wconf 85' lang='lat' dir='ltr'><strong>ita</strong></span> 
     </span>
     <span class='ocr_line' id='line_1_15' title="bbox 164 1579 2157 1660; baseline -0.001 -11"><span class='ocrx_word' id='word_1_188' title='bbox 164 1583 227 1650; x_wconf 91' lang='lat' dir='ltr'><strong>fide</strong></span> <span class='ocrx_word' id='word_1_189' title='bbox 259 1582 347 1647; x_wconf 89' lang='lat' dir='ltr'><strong>iussi.</strong></span> <span class='ocrx_word' id='word_1_190' title='bbox 399 1579 474 1660; x_wconf 79' lang='lat' dir='ltr'><strong>Quo</strong></span> <span class='ocrx_word' id='word_1_191' title='bbox 505 1581 590 1644; x_wconf 88' lang='lat' dir='ltr'><strong>eirea</strong></span> <span class='ocrx_word' id='word_1_192' title='bbox 622 1601 642 1644; x_wconf 89' lang='lat' dir='ltr'><strong>a</strong></span> <span class='ocrx_word' id='word_1_193' title='bbox 675 1589 716 1657; x_wconf 89' lang='lat' dir='ltr'><strong>te,</strong></span> <span class='ocrx_word' id='word_1_194' title='bbox 749 1581 795 1643; x_wconf 90' lang='lat' dir='ltr'><strong>mi</strong></span> <span class='ocrx_word' id='word_1_195' title='bbox 827 1581 994 1645; x_wconf 89' lang='lat' dir='ltr'><strong>carissime</strong></span> <span class='ocrx_word' id='word_1_196' title='bbox 1024 1580 1133 1658; x_wconf 85' lang='lat' dir='ltr'><strong>frater,</strong></span> <span class='ocrx_word' id='word_1_197' title='bbox 1186 1580 1274 1644; x_wconf 86' lang='lat' dir='ltr'><strong>inter</strong></span> <span class='ocrx_word' id='word_1_198' title='bbox 1294 1580 1504 1646; x_wconf 87' lang='lat' dir='ltr'><strong>ecclesiaram</strong></span> <span class='ocrx_word' id='word_1_199' title='bbox 1522 1581 1691 1646; x_wconf 88' lang='lat' dir='ltr'><strong>ministros</strong></span> <span class='ocrx_word' id='word_1_200' title='bbox 1712 1603 1824 1646; x_wconf 89' lang='lat' dir='ltr'><strong>omnes</strong></span> <span class='ocrx_word' id='word_1_201' title='bbox 1847 1602 1944 1648; x_wconf 90' lang='lat' dir='ltr'><strong>verus</strong></span> <span class='ocrx_word' id='word_1_202' title='bbox 1962 1581 1997 1646; x_wconf 92' lang='lat' dir='ltr'><strong>in</strong></span> <span class='ocrx_word' id='word_1_203' title='bbox 2015 1584 2157 1648; x_wconf 89' lang='lat' dir='ltr'><strong>Domino</strong></span> 
     </span>
     <span class='ocr_line' id='line_1_16' title="bbox 164 1664 2158 1754; baseline 0 -21"><span class='ocrx_word' id='word_1_204' title='bbox 164 1668 294 1754; x_wconf 87' lang='lat' dir='ltr'><strong>postulo</strong></span> <span class='ocrx_word' id='word_1_205' title='bbox 322 1673 358 1730; x_wconf 93' lang='lat' dir='ltr'><strong>ut</strong></span> <span class='ocrx_word' id='word_1_206' title='bbox 384 1673 543 1730; x_wconf 88' lang='lat' dir='ltr'><strong>mereator</strong></span> <span class='ocrx_word' id='word_1_207' title='bbox 569 1665 625 1730; x_wconf 91' lang='lat' dir='ltr'><strong>ille</strong></span> <span class='ocrx_word' id='word_1_208' title='bbox 653 1666 746 1732; x_wconf 89' lang='lat' dir='ltr'><strong>ouius</strong></span> <span class='ocrx_word' id='word_1_209' title='bbox 767 1673 804 1728; x_wconf 93' lang='lat' dir='ltr'><strong>tu</strong></span> <span class='ocrx_word' id='word_1_210' title='bbox 829 1665 1028 1729; x_wconf 91' lang='lat' dir='ltr'><strong>montionem</strong></span> <span class='ocrx_word' id='word_1_211' title='bbox 1055 1664 1135 1730; x_wconf 81' lang='lat' dir='ltr'><strong>sacis</strong></span> <span class='ocrx_word' id='word_1_212' title='bbox 1186 1685 1363 1731; x_wconf 87' lang='lat' dir='ltr'><strong>consensus</strong></span> <span class='ocrx_word' id='word_1_213' title='bbox 1385 1685 1539 1748; x_wconf 87' lang='lat' dir='ltr'><strong>amorque</strong></span> <span class='ocrx_word' id='word_1_214' title='bbox 1560 1667 1724 1732; x_wconf 88' lang='lat' dir='ltr'><strong>fraternus</strong></span> <span class='ocrx_word' id='word_1_215' title='bbox 1745 1668 1897 1748; x_wconf 88' lang='lat' dir='ltr'><strong>obtineat,</strong></span> <span class='ocrx_word' id='word_1_216' title='bbox 1920 1666 2017 1752; x_wconf 91' lang='lat' dir='ltr'><strong>idque</strong></span> <span class='ocrx_word' id='word_1_217' title='bbox 2040 1689 2074 1733; x_wconf 92' lang='lat' dir='ltr'><strong>se</strong></span> <span class='ocrx_word' id='word_1_218' title='bbox 2091 1670 2158 1734; x_wconf 87' lang='lat' dir='ltr'><strong>fac·</strong></span> 
     </span>
     <span class='ocr_line' id='line_1_17' title="bbox 166 1749 1767 1836; baseline -0.002 -16"><span class='ocrx_word' id='word_1_219' title='bbox 166 1757 201 1820; x_wconf 93' lang='lat' dir='ltr'><strong>in</strong></span> <span class='ocrx_word' id='word_1_220' title='bbox 218 1753 324 1818; x_wconf 89' lang='lat' dir='ltr'><strong>literis</strong></span> <span class='ocrx_word' id='word_1_221' title='bbox 340 1753 416 1830; x_wconf 89' lang='lat' dir='ltr'><strong>tuis,</strong></span> <span class='ocrx_word' id='word_1_222' title='bbox 438 1751 521 1816; x_wconf 91' lang='lat' dir='ltr'><strong>mihi</strong></span> <span class='ocrx_word' id='word_1_223' title='bbox 538 1752 667 1828; x_wconf 88' lang='lat' dir='ltr'><strong>scribat,</strong></span> <span class='ocrx_word' id='word_1_224' title='bbox 686 1771 803 1815; x_wconf 91' lang='lat' dir='ltr'><strong>nomen</strong></span> <span class='ocrx_word' id='word_1_225' title='bbox 822 1769 918 1815; x_wconf 91' lang='lat' dir='ltr'><strong>suum</strong></span> <span class='ocrx_word' id='word_1_226' title='bbox 935 1749 998 1828; x_wconf 90' lang='lat' dir='ltr'><strong>det,</strong></span> <span class='ocrx_word' id='word_1_227' title='bbox 1021 1749 1136 1815; x_wconf 87' lang='lat' dir='ltr'><strong>tidem·</strong></span> <span class='ocrx_word' id='word_1_228' title='bbox 1187 1758 1296 1816; x_wconf 88' lang='lat' dir='ltr'><strong>turum</strong></span> <span class='ocrx_word' id='word_1_229' title='bbox 1319 1759 1355 1815; x_wconf 92' lang='lat' dir='ltr'><strong>ut</strong></span> <span class='ocrx_word' id='word_1_230' title='bbox 1377 1758 1410 1816; x_wconf 89' lang='lat' dir='ltr'><strong>et</strong></span> <span class='ocrx_word' id='word_1_231' title='bbox 1431 1751 1485 1816; x_wconf 84' lang='lat' dir='ltr'><strong>alii</strong></span> <span class='ocrx_word' id='word_1_232' title='bbox 1505 1761 1616 1817; x_wconf 90' lang='lat' dir='ltr'><strong>sancte</strong></span> <span class='ocrx_word' id='word_1_233' title='bbox 1637 1754 1767 1836; x_wconf 86' lang='lat' dir='ltr'><strong>recepit</strong></span> 
     </span>
    </p>

    <p class='ocr_par' dir='ltr' id='par_1_3' title="bbox 165 1836 2159 2774">
     <span class='ocr_line' id='line_1_18' title="bbox 167 1836 2156 1923; baseline -0.002 -16"><span class='ocrx_word' id='word_1_234' title='bbox 167 1863 227 1923; x_wconf 93' lang='lat' dir='ltr'><strong>que</strong></span> <span class='ocrx_word' id='word_1_235' title='bbox 252 1838 442 1921; x_wconf 81' lang='lat' dir='ltr'><strong>obstringat.</strong></span> <span class='ocrx_word' id='word_1_236' title='bbox 487 1837 621 1912; x_wconf 86' lang='lat' dir='ltr'><strong>Vestes,</strong></span> <span class='ocrx_word' id='word_1_237' title='bbox 648 1837 748 1900; x_wconf 90' lang='lat' dir='ltr'><strong>libros</strong></span> <span class='ocrx_word' id='word_1_238' title='bbox 770 1836 948 1900; x_wconf 70' lang='lat' dir='ltr'><strong>obviatum</strong></span> <span class='ocrx_word' id='word_1_239' title='bbox 969 1837 1135 1900; x_wconf 88' lang='lat' dir='ltr'><strong>ministra-</strong></span> <span class='ocrx_word' id='word_1_240' title='bbox 1279 1837 1419 1901; x_wconf 84' lang='lat' dir='ltr'><strong>Viretum</strong></span> <span class='ocrx_word' id='word_1_241' title='bbox 1440 1836 1501 1900; x_wconf 90' lang='lat' dir='ltr'><strong>tibi</strong></span> <span class='ocrx_word' id='word_1_242' title='bbox 1529 1836 1666 1920; x_wconf 71' lang='grc' dir='ltr'><strong>συνεργὸν</strong></span> <span class='ocrx_word' id='word_1_243' title='bbox 1687 1839 1875 1903; x_wconf 89' lang='lat' dir='ltr'><strong>eoncessum</strong></span> <span class='ocrx_word' id='word_1_244' title='bbox 1898 1841 2004 1922; x_wconf 63' lang='lat' dir='ltr'><strong>essai)</strong></span> <span class='ocrx_word' id='word_1_245' title='bbox 2030 1837 2156 1922; x_wconf 84' lang='lat' dir='ltr'><strong>gaudeo</strong></span> 
     </span>
     <span class='ocr_line' id='line_1_19' title="bbox 165 1920 2158 2009; baseline -0.002 -17"><span class='ocrx_word' id='word_1_246' title='bbox 165 1928 247 1992; x_wconf 91' lang='lat' dir='ltr'><strong>bunt</strong></span> <span class='ocrx_word' id='word_1_247' title='bbox 277 1924 339 2006; x_wconf 91' lang='lat' dir='ltr'><strong>ipsi</strong></span> <span class='ocrx_word' id='word_1_248' title='bbox 371 1921 476 1988; x_wconf 86' lang='lat' dir='ltr'><strong>scriba</strong></span> <span class='ocrx_word' id='word_1_249' title='bbox 504 1935 539 1987; x_wconf 89' lang='lat' dir='ltr'><strong>et</strong></span> <span class='ocrx_word' id='word_1_250' title='bbox 559 1923 645 1988; x_wconf 90' lang='lat' dir='ltr'><strong>cives</strong></span> <span class='ocrx_word' id='word_1_251' title='bbox 667 1921 750 1986; x_wconf 90' lang='lat' dir='ltr'><strong>boui.</strong></span> <span class='ocrx_word' id='word_1_252' title='bbox 795 1922 866 2005; x_wconf 83' lang='lat' dir='ltr'><strong>Ego</strong></span> <span class='ocrx_word' id='word_1_253' title='bbox 898 1920 994 1985; x_wconf 89' lang='lat' dir='ltr'><strong>fidem</strong></span> <span class='ocrx_word' id='word_1_254' title='bbox 1028 1941 1136 1985; x_wconf 87' lang='lat' dir='ltr'><strong>meam</strong></span> <span class='ocrx_word' id='word_1_255' title='bbox 1186 1921 1411 1999; x_wconf 88' lang='lat' dir='ltr'><strong>vehementer,</strong></span> <span class='ocrx_word' id='word_1_256' title='bbox 1442 1929 1475 1986; x_wconf 90' lang='lat' dir='ltr'><strong>et</strong></span> <span class='ocrx_word' id='word_1_257' title='bbox 1495 1921 1580 2004; x_wconf 92' lang='lat' dir='ltr'><strong>quod</strong></span> <span class='ocrx_word' id='word_1_258' title='bbox 1603 1923 1720 1988; x_wconf 84' lang='lat' dir='ltr'><strong>studiis</strong></span> <span class='ocrx_word' id='word_1_259' title='bbox 1741 1925 1808 1988; x_wconf 90' lang='lat' dir='ltr'><strong>tuis</strong></span> <span class='ocrx_word' id='word_1_260' title='bbox 1830 1923 2074 2009; x_wconf 79' lang='lat' dir='ltr'><strong>valetudinique</strong></span> <span class='ocrx_word' id='word_1_261' title='bbox 2095 1925 2158 1988; x_wconf 91' lang='lat' dir='ltr'><strong>im·</strong></span> 
     </span>
     <span class='ocr_line' id='line_1_20' title="bbox 165 2005 2157 2092; baseline -0.001 -16"><span class='ocrx_word' id='word_1_262' title='bbox 165 2011 229 2078; x_wconf 89' lang='lat' dir='ltr'><strong>illis</strong></span> <span class='ocrx_word' id='word_1_263' title='bbox 256 2009 430 2075; x_wconf 79' lang='lat' dir='ltr'><strong>obstrinxi:</strong></span> <span class='ocrx_word' id='word_1_264' title='bbox 459 2009 550 2073; x_wconf 87' lang='lat' dir='ltr'><strong>office</strong></span> <span class='ocrx_word' id='word_1_265' title='bbox 578 2028 656 2092; x_wconf 83' lang='lat' dir='ltr'><strong>ergo</strong></span> <span class='ocrx_word' id='word_1_266' title='bbox 683 2029 725 2072; x_wconf 90' lang='lat' dir='ltr'><strong>ne</strong></span> <span class='ocrx_word' id='word_1_267' title='bbox 749 2007 829 2071; x_wconf 91' lang='lat' dir='ltr'><strong>mihi</strong></span> <span class='ocrx_word' id='word_1_268' title='bbox 857 2005 963 2070; x_wconf 83' lang='lat' dir='ltr'><strong>fraudi</strong></span> <span class='ocrx_word' id='word_1_269' title='bbox 991 2007 1042 2071; x_wconf 90' lang='lat' dir='ltr'><strong>sit.</strong></span> <span class='ocrx_word' id='word_1_270' title='bbox 1085 2009 1135 2072; x_wconf 83' lang='lat' dir='ltr'><strong>Ae</strong></span> <span class='ocrx_word' id='word_1_271' title='bbox 1187 2027 1285 2089; x_wconf 88' lang='lat' dir='ltr'><strong>pense</strong></span> <span class='ocrx_word' id='word_1_272' title='bbox 1306 2008 1410 2084; x_wconf 81' lang='lat' dir='ltr'><strong>faveo,</strong></span> <span class='ocrx_word' id='word_1_273' title='bbox 1432 2007 1549 2089; x_wconf 92' lang='lat' dir='ltr'><strong>quibus</strong></span> <span class='ocrx_word' id='word_1_274' title='bbox 1570 2009 1717 2074; x_wconf 82' lang='lat' dir='ltr'><strong>conferre</strong></span> <span class='ocrx_word' id='word_1_275' title='bbox 1736 2009 1834 2074; x_wconf 82' lang='lat' dir='ltr'><strong>Vireti</strong></span> <span class='ocrx_word' id='word_1_276' title='bbox 1851 2029 1956 2092; x_wconf 87' lang='lat' dir='ltr'><strong>opera,</strong></span> <span class='ocrx_word' id='word_1_277' title='bbox 1979 2017 2017 2073; x_wconf 93' lang='lat' dir='ltr'><strong>ut</strong></span> <span class='ocrx_word' id='word_1_278' title='bbox 2034 2007 2157 2090; x_wconf 88' lang='lat' dir='ltr'><strong>scribis,</strong></span> 
     </span>
     <span class='ocr_line' id='line_1_21' title="bbox 165 2091 2159 2178; baseline -0.002 -16"><span class='ocrx_word' id='word_1_279' title='bbox 165 2097 241 2163; x_wconf 91' lang='lat' dir='ltr'><strong>boni</strong></span> <span class='ocrx_word' id='word_1_280' title='bbox 263 2094 408 2174; x_wconf 85' lang='lat' dir='ltr'><strong>consule,</strong></span> <span class='ocrx_word' id='word_1_281' title='bbox 430 2113 502 2170; x_wconf 90' lang='lat' dir='ltr'><strong>oro,</strong></span> <span class='ocrx_word' id='word_1_282' title='bbox 525 2093 610 2175; x_wconf 93' lang='lat' dir='ltr'><strong>quod</strong></span> <span class='ocrx_word' id='word_1_283' title='bbox 632 2094 713 2158; x_wconf 85' lang='lat' dir='ltr'><strong>haee</strong></span> <span class='ocrx_word' id='word_1_284' title='bbox 735 2092 870 2175; x_wconf 88' lang='lat' dir='ltr'><strong>postulo.</strong></span> <span class='ocrx_word' id='word_1_285' title='bbox 915 2091 1025 2157; x_wconf 83' lang='lat' dir='ltr'><strong>Semel</strong></span> <span class='ocrx_word' id='word_1_286' title='bbox 1046 2093 1135 2156; x_wconf 89' lang='lat' dir='ltr'><strong>enim</strong></span> <span class='ocrx_word' id='word_1_287' title='bbox 1186 2099 1292 2174; x_wconf 89' lang='lat' dir='ltr'><strong>potest</strong></span> <span class='ocrx_word' id='word_1_288' title='bbox 1313 2092 1491 2174; x_wconf 89' lang='lat' dir='ltr'><strong>plurimum</strong></span> <span class='ocrx_word' id='word_1_289' title='bbox 1509 2093 1614 2158; x_wconf 87' lang='lat' dir='ltr'><strong>tidelis</strong></span> <span class='ocrx_word' id='word_1_290' title='bbox 1631 2093 1755 2177; x_wconf 91' lang='lat' dir='ltr'><strong>tibique</strong></span> <span class='ocrx_word' id='word_1_291' title='bbox 1772 2101 1874 2178; x_wconf 81' lang='lat' dir='ltr'><strong>grata,</strong></span> <span class='ocrx_word' id='word_1_292' title='bbox 1898 2103 1931 2159; x_wconf 93' lang='lat' dir='ltr'><strong>et</strong></span> <span class='ocrx_word' id='word_1_293' title='bbox 1949 2093 2033 2178; x_wconf 91' lang='lat' dir='ltr'><strong>quod</strong></span> <span class='ocrx_word' id='word_1_294' title='bbox 2049 2095 2159 2177; x_wconf 88' lang='lat' dir='ltr'><strong>ipsum</strong></span> 
     </span>
     <span class='ocr_line' id='line_1_22' title="bbox 165 2177 2159 2265; baseline -0.001 -17"><span class='ocrx_word' id='word_1_295' title='bbox 165 2191 261 2265; x_wconf 88' lang='lat' dir='ltr'><strong>atquo</strong></span> <span class='ocrx_word' id='word_1_296' title='bbox 277 2182 397 2245; x_wconf 89' lang='lat' dir='ltr'><strong>iterum</strong></span> <span class='ocrx_word' id='word_1_297' title='bbox 418 2179 573 2242; x_wconf 89' lang='lat' dir='ltr'><strong>damnum</strong></span> <span class='ocrx_word' id='word_1_298' title='bbox 591 2199 650 2261; x_wconf 84' lang='lat' dir='ltr'><strong>per</strong></span> <span class='ocrx_word' id='word_1_299' title='bbox 660 2178 915 2262; x_wconf 88' lang='lat' dir='ltr'><strong>imprudentiam</strong></span> <span class='ocrx_word' id='word_1_300' title='bbox 926 2177 1011 2242; x_wconf 90' lang='lat' dir='ltr'><strong>senei</strong></span> <span class='ocrx_word' id='word_1_301' title='bbox 1023 2197 1135 2241; x_wconf 90' lang='lat' dir='ltr'><strong>rerum</strong></span> <span class='ocrx_word' id='word_1_302' title='bbox 1187 2179 1285 2243; x_wconf 87' lang='lat' dir='ltr'><strong>ctiam</strong></span> <span class='ocrx_word' id='word_1_303' title='bbox 1315 2177 1454 2243; x_wconf 79' lang='lat' dir='ltr'><strong>Virrium</strong></span> <span class='ocrx_word' id='word_1_304' title='bbox 1482 2177 1649 2244; x_wconf 87' lang='lat' dir='ltr'><strong>disturbiis</strong></span> <span class='ocrx_word' id='word_1_305' title='bbox 1670 2179 1872 2262; x_wconf 87' lang='lat' dir='ltr'><strong>quibusdam,</strong></span> <span class='ocrx_word' id='word_1_306' title='bbox 1896 2201 1979 2262; x_wconf 87' lang='lat' dir='ltr'><strong>quae</strong></span> <span class='ocrx_word' id='word_1_307' title='bbox 2000 2201 2065 2244; x_wconf 87' lang='lat' dir='ltr'><strong>non</strong></span> <span class='ocrx_word' id='word_1_308' title='bbox 2088 2181 2159 2246; x_wconf 91' lang='lat' dir='ltr'><strong>siue</strong></span> 
     </span>
     <span class='ocr_line' id='line_1_23' title="bbox 166 2261 2157 2348; baseline -0.003 -15"><span class='ocrx_word' id='word_1_309' title='bbox 166 2287 322 2334; x_wconf 87' lang='lat' dir='ltr'><strong>mearum.</strong></span> <span class='ocrx_word' id='word_1_310' title='bbox 345 2263 437 2342; x_wconf 84' lang='lat' dir='ltr'><strong>Vale,</strong></span> <span class='ocrx_word' id='word_1_311' title='bbox 456 2264 571 2329; x_wconf 85' lang='lat' dir='ltr'><strong>dilecte</strong></span> <span class='ocrx_word' id='word_1_312' title='bbox 591 2275 623 2328; x_wconf 89' lang='lat' dir='ltr'><strong>et</strong></span> <span class='ocrx_word' id='word_1_313' title='bbox 640 2265 817 2347; x_wconf 88' lang='lat' dir='ltr'><strong>plurimum</strong></span> <span class='ocrx_word' id='word_1_314' title='bbox 835 2263 916 2326; x_wconf 91' lang='lat' dir='ltr'><strong>mihi</strong></span> <span class='ocrx_word' id='word_1_315' title='bbox 933 2261 1135 2329; x_wconf 83' lang='lat' dir='ltr'><strong>observande</strong></span> <span class='ocrx_word' id='word_1_316' title='bbox 1187 2263 1296 2328; x_wconf 93' lang='lat' dir='ltr'><strong>dolore</strong></span> <span class='ocrx_word' id='word_1_317' title='bbox 1321 2264 1446 2346; x_wconf 85' lang='lat' dir='ltr'><strong>accepi,</strong></span> <span class='ocrx_word' id='word_1_318' title='bbox 1475 2264 1575 2328; x_wconf 86' lang='lat' dir='ltr'><strong>eximi</strong></span> <span class='ocrx_word' id='word_1_319' title='bbox 1604 2263 1645 2328; x_wconf 90' lang='lat' dir='ltr'><strong>ad</strong></span> <span class='ocrx_word' id='word_1_320' title='bbox 1673 2273 1804 2346; x_wconf 88' lang='lat' dir='ltr'><strong>tempus</strong></span> <span class='ocrx_word' id='word_1_321' title='bbox 1833 2265 1972 2331; x_wconf 86' lang='lat' dir='ltr'><strong>iudicem</strong></span> <span class='ocrx_word' id='word_1_322' title='bbox 1993 2265 2157 2348; x_wconf 86' lang='lat' dir='ltr'><strong>expedire,</strong></span> 
     </span>
     <span class='ocr_line' id='line_1_24' title="bbox 168 2346 2157 2433; baseline -0.003 -14"><span class='ocrx_word' id='word_1_323' title='bbox 168 2352 304 2419; x_wconf 70' lang='grc' dir='ltr'><strong>Οαῑυίιιε.</strong></span> <span class='ocrx_word' id='word_1_324' title='bbox 355 2351 469 2433; x_wconf 66' lang='grc' dir='ltr'>Φὶςιιιὶ</span> <span class='ocrx_word' id='word_1_325' title='bbox 498 2353 535 2412; x_wconf 90' lang='grc'><strong>16</strong></span> <span class='ocrx_word' id='word_1_326' title='bbox 564 2351 646 2414; x_wconf 90' lang='lat' dir='ltr'><strong>Maii</strong></span> <span class='ocrx_word' id='word_1_327' title='bbox 673 2371 760 2432; x_wconf 89' lang='lat' dir='ltr'><strong>anno</strong></span> <span class='ocrx_word' id='word_1_328' title='bbox 787 2354 875 2413; x_wconf 79' lang='lat'>1544.</span> <span class='ocrx_word' id='word_1_329' title='bbox 921 2346 1074 2412; x_wconf 82' lang='lat' dir='ltr'><strong>Salutant</strong></span> <span class='ocrx_word' id='word_1_330' title='bbox 1102 2355 1135 2411; x_wconf 90' lang='lat' dir='ltr'><strong>te</strong></span> <span class='ocrx_word' id='word_1_331' title='bbox 1186 2348 1290 2412; x_wconf 91' lang='lat' dir='ltr'><strong>donee</strong></span> <span class='ocrx_word' id='word_1_332' title='bbox 1317 2369 1376 2430; x_wconf 91' lang='lat' dir='ltr'><strong>pro</strong></span> <span class='ocrx_word' id='word_1_333' title='bbox 1405 2369 1501 2414; x_wconf 89' lang='lat' dir='ltr'><strong>cursu</strong></span> <span class='ocrx_word' id='word_1_334' title='bbox 1528 2350 1700 2432; x_wconf 90' lang='lat' dir='ltr'><strong>temporis,</strong></span> <span class='ocrx_word' id='word_1_335' title='bbox 1729 2352 1899 2415; x_wconf 77' lang='lat' dir='ltr'><strong>exstinctis</strong></span> <span class='ocrx_word' id='word_1_336' title='bbox 1925 2350 2074 2415; x_wconf 93' lang='lat' dir='ltr'><strong>nonnihil</strong></span> <span class='ocrx_word' id='word_1_337' title='bbox 2095 2351 2157 2414; x_wconf 92' lang='lat' dir='ltr'><strong>im·</strong></span> 
     </span>
     <span class='ocr_line' id='line_1_25' title="bbox 166 2432 2159 2521; baseline -0.001 -19"><span class='ocrx_word' id='word_1_338' title='bbox 166 2438 282 2503; x_wconf 81' lang='lat' dir='ltr'><strong>fratres</strong></span> <span class='ocrx_word' id='word_1_339' title='bbox 301 2435 480 2521; x_wconf 61' lang='lat' dir='ltr'><strong>Mapouden</strong></span> <span class='ocrx_word' id='word_1_340' title='bbox 498 2435 696 2514; x_wconf 82' lang='lat' dir='ltr'><strong>Bibliauder,</strong></span> <span class='ocrx_word' id='word_1_341' title='bbox 722 2434 908 2510; x_wconf 83' lang='lat' dir='ltr'><strong>Pelliaonus,</strong></span> <span class='ocrx_word' id='word_1_342' title='bbox 935 2433 1134 2512; x_wconf 68' lang='lat' dir='ltr'><strong>Gnatum,</strong></span> <span class='ocrx_word' id='word_1_343' title='bbox 1185 2432 1360 2514; x_wconf 88' lang='lat' dir='ltr'><strong>proborum</strong></span> <span class='ocrx_word' id='word_1_344' title='bbox 1389 2434 1594 2517; x_wconf 91' lang='lat' dir='ltr'><strong>quorundam</strong></span> <span class='ocrx_word' id='word_1_345' title='bbox 1620 2435 1701 2500; x_wconf 88' lang='lat' dir='ltr'><strong>odiis</strong></span> <span class='ocrx_word' id='word_1_346' title='bbox 1728 2436 1897 2518; x_wconf 85' lang='lat' dir='ltr'><strong>furiisque,</strong></span> <span class='ocrx_word' id='word_1_347' title='bbox 1926 2436 2061 2500; x_wconf 89' lang='lat' dir='ltr'><strong>meliore</strong></span> <span class='ocrx_word' id='word_1_348' title='bbox 2083 2455 2159 2500; x_wconf 91' lang='lat' dir='ltr'><strong>cum</strong></span> 
     </span>
     <span class='ocr_line' id='line_1_26' title="bbox 167 2519 2158 2605; baseline -0.002 -16"><span class='ocrx_word' id='word_1_349' title='bbox 167 2523 331 2589; x_wconf 77' lang='lat' dir='ltr'><strong>Febr-ilius</strong></span> <span class='ocrx_word' id='word_1_350' title='bbox 351 2531 411 2589; x_wconf 89' lang='lat' dir='ltr'><strong>ete.</strong></span> <span class='ocrx_word' id='word_1_351' title='bbox 1185 2519 1279 2602; x_wconf 79' lang='lat' dir='ltr'><strong>fruge</strong></span> <span class='ocrx_word' id='word_1_352' title='bbox 1308 2527 1406 2600; x_wconf 86' lang='lat' dir='ltr'><strong>queat</strong></span> <span class='ocrx_word' id='word_1_353' title='bbox 1433 2539 1583 2601; x_wconf 89' lang='lat' dir='ltr'><strong>pracesse</strong></span> <span class='ocrx_word' id='word_1_354' title='bbox 1612 2541 1783 2586; x_wconf 88' lang='lat' dir='ltr'><strong>reversus:</strong></span> <span class='ocrx_word' id='word_1_355' title='bbox 1813 2541 1998 2605; x_wconf 89' lang='lat' dir='ltr'><strong>quanquam</strong></span> <span class='ocrx_word' id='word_1_356' title='bbox 2026 2542 2083 2603; x_wconf 92' lang='lat' dir='ltr'><strong>per</strong></span> <span class='ocrx_word' id='word_1_357' title='bbox 2105 2539 2158 2585; x_wconf 91' lang='lat' dir='ltr'><strong>me</strong></span> 
     </span>
     <span class='ocr_line' id='line_1_27' title="bbox 663 2601 2159 2690; baseline 0 -20"><span class='ocrx_word' id='word_1_358' title='bbox 663 2606 706 2670; x_wconf 88' lang='lat' dir='ltr'><strong>H.</strong></span> <span class='ocrx_word' id='word_1_359' title='bbox 729 2604 941 2689; x_wconf 84' lang='lat' dir='ltr'><strong>Bullingerus</strong></span> <span class='ocrx_word' id='word_1_360' title='bbox 962 2609 1047 2668; x_wconf 88' lang='lat' dir='ltr'><strong>tuus.</strong></span> <span class='ocrx_word' id='word_1_361' title='bbox 1185 2601 1314 2686; x_wconf 89' lang='lat' dir='ltr'><strong>quidem</strong></span> <span class='ocrx_word' id='word_1_362' title='bbox 1336 2623 1402 2668; x_wconf 91' lang='lat' dir='ltr'><strong>non</strong></span> <span class='ocrx_word' id='word_1_363' title='bbox 1426 2605 1525 2668; x_wconf 88' lang='lat' dir='ltr'><strong>stabit</strong></span> <span class='ocrx_word' id='word_1_364' title='bbox 1546 2607 1720 2687; x_wconf 91' lang='lat' dir='ltr'><strong>quominus</strong></span> <span class='ocrx_word' id='word_1_365' title='bbox 1743 2605 1924 2672; x_wconf 89' lang='lat' dir='ltr'><strong>diutissime</strong></span> <span class='ocrx_word' id='word_1_366' title='bbox 1951 2607 2048 2672; x_wconf 88' lang='lat' dir='ltr'><strong>etiam</strong></span> <span class='ocrx_word' id='word_1_367' title='bbox 2070 2604 2159 2690; x_wconf 87' lang='lat' dir='ltr'><strong>apud</strong></span> 
     </span>
     <span class='ocr_line' id='line_1_28' title="bbox 1185 2688 2159 2774; baseline 0.004 -22"><span class='ocrx_word' id='word_1_368' title='bbox 1185 2696 1218 2752; x_wconf 90' lang='lat' dir='ltr'><strong>te</strong></span> <span class='ocrx_word' id='word_1_369' title='bbox 1240 2688 1382 2752; x_wconf 87' lang='lat' dir='ltr'><strong>haereat.</strong></span> <span class='ocrx_word' id='word_1_370' title='bbox 1427 2691 1532 2752; x_wconf 73' lang='lat' dir='ltr'><strong>Tuam</strong></span> <span class='ocrx_word' id='word_1_371' title='bbox 1562 2689 1781 2774; x_wconf 88' lang='lat' dir='ltr'><strong>ecclesiaeque</strong></span> <span class='ocrx_word' id='word_1_372' title='bbox 1803 2699 1879 2756; x_wconf 89' lang='lat' dir='ltr'><strong>tuac</strong></span> <span class='ocrx_word' id='word_1_373' title='bbox 1900 2691 2159 2758; x_wconf 84' lang='lat' dir='ltr'><strong>incolumitatem</strong></span> 
     </span>
    </p>

    <p class='ocr_par' dir='ltr' id='par_1_4' title="bbox 410 2772 2158 3971">
     <span class='ocr_line' id='line_1_29' title="bbox 1185 2772 2061 2860; baseline 0.005 -22"><span class='ocrx_word' id='word_1_374' title='bbox 1185 2772 1320 2857; x_wconf 88' lang='lat' dir='ltr'><strong>perinde</strong></span> <span class='ocrx_word' id='word_1_375' title='bbox 1342 2795 1379 2839; x_wconf 89' lang='lat' dir='ltr'><strong>ao</strong></span> <span class='ocrx_word' id='word_1_376' title='bbox 1400 2779 1585 2840; x_wconf 87' lang='lat' dir='ltr'><strong>nostrerum</strong></span> <span class='ocrx_word' id='word_1_377' title='bbox 1608 2783 1731 2840; x_wconf 88' lang='lat' dir='ltr'><strong>sartam</strong></span> <span class='ocrx_word' id='word_1_378' title='bbox 1754 2785 1937 2860; x_wconf 87' lang='lat' dir='ltr'><strong>tectamque</strong></span> <span class='ocrx_word' id='word_1_379' title='bbox 1959 2777 2061 2860; x_wconf 89' lang='lat' dir='ltr'><strong>cupio.</strong></span> 
     </span>
     <span class='ocr_line' id='line_1_30' title="bbox 555 2857 2158 2943; baseline 0.003 -21"><span class='ocrx_word' id='word_1_380' title='bbox 555 2909 753 2922; x_wconf 42' lang='lat' dir='ltr'><strong>...m-.-</strong></span> <span class='ocrx_word' id='word_1_381' title='bbox 1270 2858 1312 2924; x_wconf 93' lang='lat' dir='ltr'><strong>D.</strong></span> <span class='ocrx_word' id='word_1_382' title='bbox 1337 2857 1475 2925; x_wconf 83' lang='lat' dir='ltr'><strong>Claudio</strong></span> <span class='ocrx_word' id='word_1_383' title='bbox 1496 2860 1534 2925; x_wconf 85' lang='lat' dir='ltr'><strong>de</strong></span> <span class='ocrx_word' id='word_1_384' title='bbox 1558 2858 1722 2942; x_wconf 82' lang='lat' dir='ltr'><strong>Oumpie⁴)</strong></span> <span class='ocrx_word' id='word_1_385' title='bbox 1753 2862 1925 2943; x_wconf 80' lang='lat' dir='ltr'><strong>impetravi</strong></span> <span class='ocrx_word' id='word_1_386' title='bbox 1948 2861 2158 2928; x_wconf 88' lang='lat' dir='ltr'><strong>sustentatio·</strong></span> 
     </span>
     <span class='ocr_line' id='line_1_31' title="bbox 1185 2945 2158 3030; baseline 0.004 -22"><span class='ocrx_word' id='word_1_387' title='bbox 1185 2965 1261 3010; x_wconf 90' lang='lat' dir='ltr'><strong>nem</strong></span> <span class='ocrx_word' id='word_1_388' title='bbox 1289 2945 1486 3010; x_wconf 87' lang='lat' dir='ltr'><strong>Lausannae</strong></span> <span class='ocrx_word' id='word_1_389' title='bbox 1514 2945 1555 3010; x_wconf 90' lang='lat' dir='ltr'><strong>ad</strong></span> <span class='ocrx_word' id='word_1_390' title='bbox 1585 2966 1643 3010; x_wconf 83' lang='lat' dir='ltr'><strong>sex</strong></span> <span class='ocrx_word' id='word_1_391' title='bbox 1671 2966 1816 3024; x_wconf 90' lang='lat' dir='ltr'><strong>mensos,</strong></span> <span class='ocrx_word' id='word_1_392' title='bbox 1853 2967 1989 3030; x_wconf 89' lang='lat' dir='ltr'><strong>eamque</strong></span> <span class='ocrx_word' id='word_1_393' title='bbox 2018 2945 2059 3012; x_wconf 88' lang='lat' dir='ltr'><strong>ad</strong></span> <span class='ocrx_word' id='word_1_394' title='bbox 2087 2967 2158 3012; x_wconf 89' lang='lat' dir='ltr'><strong>rem</strong></span> 
     </span>
     <span class='ocr_line' id='line_1_32' title="bbox 1184 3029 2158 3114; baseline 0.002 -20"><span class='ocrx_word' id='word_1_395' title='bbox 1184 3029 1363 3112; x_wconf 89' lang='lat' dir='ltr'><strong>plurimum</strong></span> <span class='ocrx_word' id='word_1_396' title='bbox 1390 3029 1511 3114; x_wconf 86' lang='lat' dir='ltr'><strong>proluit</strong></span> <span class='ocrx_word' id='word_1_397' title='bbox 1540 3029 1775 3096; x_wconf 87' lang='lat' dir='ltr'><strong>commendatio</strong></span> <span class='ocrx_word' id='word_1_398' title='bbox 1805 3040 1862 3096; x_wconf 88' lang='lat' dir='ltr'><strong>tua</strong></span> <span class='ocrx_word' id='word_1_399' title='bbox 1888 3032 1930 3096; x_wconf 88' lang='lat' dir='ltr'><strong>ad</strong></span> <span class='ocrx_word' id='word_1_400' title='bbox 1952 3030 2158 3096; x_wconf 85' lang='lat' dir='ltr'><strong>consulome</strong></span> 
     </span>
     <span class='ocr_line' id='line_1_33' title="bbox 609 3113 2156 3221; baseline 0.001 -42"><span class='ocrx_word' id='word_1_401' title='bbox 609 3151 673 3221; x_wconf 70' lang='lat'><strong>549</strong></span> <span class='ocrx_word' id='word_1_402' title='bbox 1192 3113 1372 3182; x_wconf 77' lang='lat' dir='ltr'><strong>Wolteuwil.</strong></span> <span class='ocrx_word' id='word_1_403' title='bbox 1418 3115 1551 3180; x_wconf 90' lang='lat' dir='ltr'><strong>Pridem</strong></span> <span class='ocrx_word' id='word_1_404' title='bbox 1573 3117 1669 3195; x_wconf 90' lang='lat' dir='ltr'><strong>euim,</strong></span> <span class='ocrx_word' id='word_1_405' title='bbox 1693 3117 1754 3181; x_wconf 90' lang='lat' dir='ltr'><strong>hoc</strong></span> <span class='ocrx_word' id='word_1_406' title='bbox 1776 3125 1827 3180; x_wconf 90' lang='lat' dir='ltr'><strong>est</strong></span> <span class='ocrx_word' id='word_1_407' title='bbox 1848 3118 2037 3202; x_wconf 88' lang='lat' dir='ltr'><strong>priusquam</strong></span> <span class='ocrx_word' id='word_1_408' title='bbox 2059 3113 2100 3180; x_wconf 91' lang='lat' dir='ltr'><strong>ad</strong></span> <span class='ocrx_word' id='word_1_409' title='bbox 2123 3121 2156 3180; x_wconf 90' lang='lat' dir='ltr'><strong>te</strong></span> 
     </span>
     <span class='ocr_line' id='line_1_34' title="bbox 675 3200 2157 3285; baseline 0.002 -22"><span class='ocrx_word' id='word_1_410' title='bbox 675 3200 685 3223; x_wconf 76' lang='grc'><strong><em>’</em></strong></span> <span class='ocrx_word' id='word_1_411' title='bbox 1184 3202 1460 3284; x_wconf 86' lang='lat' dir='ltr'><strong>proficisceretur,</strong></span> <span class='ocrx_word' id='word_1_412' title='bbox 1482 3200 1517 3266; x_wconf 92' lang='lat' dir='ltr'><strong>id</strong></span> <span class='ocrx_word' id='word_1_413' title='bbox 1538 3201 1660 3266; x_wconf 86' lang='lat' dir='ltr'><strong>frustra</strong></span> <span class='ocrx_word' id='word_1_414' title='bbox 1681 3209 1893 3285; x_wconf 82' lang='lat' dir='ltr'><strong>tentaveram,</strong></span> <span class='ocrx_word' id='word_1_415' title='bbox 1916 3201 2002 3284; x_wconf 91' lang='lat' dir='ltr'><strong>quod</strong></span> <span class='ocrx_word' id='word_1_416' title='bbox 2023 3201 2157 3284; x_wconf 90' lang='lat' dir='ltr'><strong>quibus·</strong></span> 
     </span>
     <span class='ocr_line' id='line_1_35' title="bbox 410 3285 2156 3375; baseline 0.001 -26"><span class='ocrx_word' id='word_1_417' title='bbox 410 3305 649 3375; x_wconf 68' lang='lat' dir='ltr'>SULZERUS</span> <span class='ocrx_word' id='word_1_418' title='bbox 672 3303 888 3372; x_wconf 67' lang='lat' dir='ltr'>QAININQ</span> <span class='ocrx_word' id='word_1_419' title='bbox 1185 3286 1260 3350; x_wconf 88' lang='lat' dir='ltr'><strong>dam</strong></span> <span class='ocrx_word' id='word_1_420' title='bbox 1288 3295 1455 3370; x_wconf 88' lang='lat' dir='ltr'><strong>suspectus</strong></span> <span class='ocrx_word' id='word_1_421' title='bbox 1484 3285 1659 3352; x_wconf 88' lang='lat' dir='ltr'><strong>haberetur</strong></span> <span class='ocrx_word' id='word_1_422' title='bbox 1684 3289 1761 3370; x_wconf 86' lang='lat' dir='ltr'><strong>quia</strong></span> <span class='ocrx_word' id='word_1_423' title='bbox 1789 3287 1828 3352; x_wconf 91' lang='lat' dir='ltr'><strong>ab</strong></span> <span class='ocrx_word' id='word_1_424' title='bbox 1857 3287 2077 3372; x_wconf 80' lang='lat' dir='ltr'><strong>Argentorato</strong></span> <span class='ocrx_word' id='word_1_425' title='bbox 2100 3307 2156 3350; x_wconf 90' lang='lat' dir='ltr'><strong>ve·</strong></span> 
     </span>
     <span class='ocr_line' id='line_1_36' title="bbox 1184 3371 2157 3456; baseline 0 -19"><span class='ocrx_word' id='word_1_426' title='bbox 1184 3379 1279 3437; x_wconf 89' lang='lat' dir='ltr'><strong>uerat</strong></span> <span class='ocrx_word' id='word_1_427' title='bbox 1300 3371 1554 3437; x_wconf 87' lang='lat' dir='ltr'><strong>commendatus.</strong></span> <span class='ocrx_word' id='word_1_428' title='bbox 1587 3373 1643 3439; x_wconf 80' lang='lat' dir='ltr'><strong>Sic</strong></span> <span class='ocrx_word' id='word_1_429' title='bbox 1665 3381 1742 3438; x_wconf 92' lang='lat' dir='ltr'><strong>eunt</strong></span> <span class='ocrx_word' id='word_1_430' title='bbox 1763 3372 1965 3456; x_wconf 88' lang='lat' dir='ltr'><strong>quorundam</strong></span> <span class='ocrx_word' id='word_1_431' title='bbox 1987 3371 2157 3438; x_wconf 89' lang='lat' dir='ltr'><strong>hominum</strong></span> 
     </span>
     <span class='ocr_line' id='line_1_37' title="bbox 1185 3457 2155 3544; baseline 0.003 -23"><span class='ocrx_word' id='word_1_432' title='bbox 1185 3457 1300 3522; x_wconf 88' lang='lat' dir='ltr'><strong>studia.</strong></span> <span class='ocrx_word' id='word_1_433' title='bbox 1346 3457 1441 3538; x_wconf 79' lang='lat' dir='ltr'><strong>Quod</strong></span> <span class='ocrx_word' id='word_1_434' title='bbox 1472 3467 1503 3522; x_wconf 91' lang='lat' dir='ltr'><strong>tc</strong></span> <span class='ocrx_word' id='word_1_435' title='bbox 1533 3458 1615 3524; x_wconf 90' lang='lat' dir='ltr'><strong>scire</strong></span> <span class='ocrx_word' id='word_1_436' title='bbox 1644 3458 1746 3538; x_wconf 89' lang='lat' dir='ltr'><strong>volui,</strong></span> <span class='ocrx_word' id='word_1_437' title='bbox 1776 3469 1814 3522; x_wconf 93' lang='lat' dir='ltr'><strong>ut</strong></span> <span class='ocrx_word' id='word_1_438' title='bbox 1835 3457 2000 3544; x_wconf 89' lang='lat' dir='ltr'><strong>deinceps,</strong></span> <span class='ocrx_word' id='word_1_439' title='bbox 2026 3457 2054 3522; x_wconf 86' lang='lat' dir='ltr'><strong>ei</strong></span> <span class='ocrx_word' id='word_1_440' title='bbox 2076 3475 2155 3539; x_wconf 85' lang='lat' dir='ltr'><strong>qnos</strong></span> 
     </span>
     <span class='ocr_line' id='line_1_38' title="bbox 1184 3541 2156 3622; baseline 0 -16"><span class='ocrx_word' id='word_1_441' title='bbox 1184 3543 1266 3608; x_wconf 90' lang='lat' dir='ltr'><strong>velis</strong></span> <span class='ocrx_word' id='word_1_442' title='bbox 1294 3541 1387 3607; x_wconf 90' lang='lat' dir='ltr'><strong>nobis</strong></span> <span class='ocrx_word' id='word_1_443' title='bbox 1416 3541 1681 3622; x_wconf 74' lang='lat' dir='ltr'><strong>commendatos,</strong></span> <span class='ocrx_word' id='word_1_444' title='bbox 1702 3565 1756 3608; x_wconf 91' lang='lat' dir='ltr'><strong>eos</strong></span> <span class='ocrx_word' id='word_1_445' title='bbox 1784 3543 1882 3608; x_wconf 90' lang='lat' dir='ltr'><strong>etiam</strong></span> <span class='ocrx_word' id='word_1_446' title='bbox 1903 3553 1961 3608; x_wconf 89' lang='lat' dir='ltr'><strong>tua</strong></span> <span class='ocrx_word' id='word_1_447' title='bbox 1983 3543 2156 3609; x_wconf 84' lang='lat' dir='ltr'><strong>autoritate</strong></span> 
     </span>
     <span class='ocr_line' id='line_1_39' title="bbox 1184 3627 2155 3711; baseline -0.001 -17"><span class='ocrx_word' id='word_1_448' title='bbox 1184 3627 1398 3706; x_wconf 85' lang='lat' dir='ltr'><strong>commendes,</strong></span> <span class='ocrx_word' id='word_1_449' title='bbox 1422 3627 1506 3710; x_wconf 92' lang='lat' dir='ltr'><strong>quod</strong></span> <span class='ocrx_word' id='word_1_450' title='bbox 1523 3627 1651 3711; x_wconf 89' lang='lat' dir='ltr'><strong>pondus</strong></span> <span class='ocrx_word' id='word_1_451' title='bbox 1668 3648 1739 3694; x_wconf 89' lang='lat' dir='ltr'><strong>eam</strong></span> <span class='ocrx_word' id='word_1_452' title='bbox 1752 3629 1938 3695; x_wconf 87' lang='lat' dir='ltr'><strong>habituram</strong></span> <span class='ocrx_word' id='word_1_453' title='bbox 1957 3651 2027 3696; x_wconf 87' lang='lat' dir='ltr'><strong>esse</strong></span> <span class='ocrx_word' id='word_1_454' title='bbox 2039 3627 2155 3694; x_wconf 89' lang='lat' dir='ltr'><strong>norim.</strong></span> 
     </span>
     <span class='ocr_line' id='line_1_40' title="bbox 1269 3713 2155 3800; baseline 0.001 -23"><span class='ocrx_word' id='word_1_455' title='bbox 1269 3713 1320 3778; x_wconf 88' lang='lat' dir='ltr'><strong>De</strong></span> <span class='ocrx_word' id='word_1_456' title='bbox 1337 3713 1534 3780; x_wconf 82' lang='lat' dir='ltr'><strong>Germaniae</strong></span> <span class='ocrx_word' id='word_1_457' title='bbox 1551 3721 1639 3780; x_wconf 88' lang='lat' dir='ltr'><strong>statu</strong></span> <span class='ocrx_word' id='word_1_458' title='bbox 1656 3714 1704 3778; x_wconf 89' lang='lat' dir='ltr'><strong>sie</strong></span> <span class='ocrx_word' id='word_1_459' title='bbox 1721 3713 1831 3779; x_wconf 88' lang='lat' dir='ltr'><strong>scribit</strong></span> <span class='ocrx_word' id='word_1_460' title='bbox 1849 3715 1889 3778; x_wconf 92' lang='lat' dir='ltr'><strong>ad</strong></span> <span class='ocrx_word' id='word_1_461' title='bbox 1908 3737 1959 3779; x_wconf 90' lang='lat' dir='ltr'><strong>me</strong></span> <span class='ocrx_word' id='word_1_462' title='bbox 1972 3715 2155 3800; x_wconf 72' lang='lat' dir='ltr'><strong>Myconius:</strong></span> 
     </span>
     <span class='ocr_line' id='line_1_41' title="bbox 1183 3795 2153 3882; baseline -0.001 -18"><span class='ocrx_word' id='word_1_463' title='bbox 1183 3795 1314 3864; x_wconf 90' lang='lat' dir='ltr'><strong>Bellum</strong></span> <span class='ocrx_word' id='word_1_464' title='bbox 1337 3808 1452 3864; x_wconf 88' lang='lat' dir='ltr'><strong>contra</strong></span> <span class='ocrx_word' id='word_1_465' title='bbox 1473 3798 1607 3864; x_wconf 85' lang='lat' dir='ltr'><strong>Gallum</strong></span> <span class='ocrx_word' id='word_1_466' title='bbox 1630 3799 1783 3882; x_wconf 85' lang='lat' dir='ltr'><strong>procedit.</strong></span> <span class='ocrx_word' id='word_1_467' title='bbox 1827 3799 1932 3865; x_wconf 87' lang='lat' dir='ltr'><strong>Nemo</strong></span> <span class='ocrx_word' id='word_1_468' title='bbox 1955 3823 2020 3866; x_wconf 92' lang='lat' dir='ltr'><strong>non</strong></span> <span class='ocrx_word' id='word_1_469' title='bbox 2043 3797 2153 3864; x_wconf 82' lang='lat' dir='ltr'><strong>currit</strong></span> 
     </span>
     <span class='ocr_line' id='line_1_42' title="bbox 1183 3882 2153 3971; baseline 0.001 -23"><span class='ocrx_word' id='word_1_470' title='bbox 1183 3882 1292 3948; x_wconf 91' lang='lat' dir='ltr'><strong>Hodie</strong></span> <span class='ocrx_word' id='word_1_471' title='bbox 1330 3883 1394 3948; x_wconf 92' lang='lat' dir='ltr'><strong>duo</strong></span> <span class='ocrx_word' id='word_1_472' title='bbox 1426 3885 1560 3969; x_wconf 87' lang='lat' dir='ltr'><strong>navigia</strong></span> <span class='ocrx_word' id='word_1_473' title='bbox 1591 3885 1749 3951; x_wconf 89' lang='lat' dir='ltr'><strong>militibus</strong></span> <span class='ocrx_word' id='word_1_474' title='bbox 1777 3886 1875 3971; x_wconf 89' lang='lat' dir='ltr'><strong>plena</strong></span> <span class='ocrx_word' id='word_1_475' title='bbox 1907 3907 1966 3969; x_wconf 90' lang='lat' dir='ltr'><strong>per</strong></span> <span class='ocrx_word' id='word_1_476' title='bbox 1997 3886 2153 3950; x_wconf 90' lang='lat' dir='ltr'><strong>Rhenum</strong></span> 
     </span>
    </p>
   </div>
   <div class='ocr_carea' id='block_1_3' title="bbox 165 3489 1133 3818">
    <p class='ocr_par' dir='ltr' id='par_1_5' title="bbox 165 3489 1133 3818">
     <span class='ocr_line' id='line_1_43' title="bbox 257 3489 1133 3578; baseline -0.005 -18"><span class='ocrx_word' id='word_1_477' title='bbox 257 3495 358 3562; x_wconf 84' lang='lat' dir='ltr'><strong>Varia</strong></span> <span class='ocrx_word' id='word_1_478' title='bbox 371 3495 499 3561; x_wconf 67' lang='lat' dir='ltr'><strong>bertier</strong></span> <span class='ocrx_word' id='word_1_479' title='bbox 512 3495 559 3562; x_wconf 86' lang='lat' dir='ltr'><strong>uel</strong></span> <span class='ocrx_word' id='word_1_480' title='bbox 570 3501 780 3562; x_wconf 80' lang='lat' dir='ltr'><strong>cornmcmorat</strong></span> <span class='ocrx_word' id='word_1_481' title='bbox 793 3495 840 3561; x_wconf 83' lang='lat' dir='ltr'><strong>ael</strong></span> <span class='ocrx_word' id='word_1_482' title='bbox 853 3494 984 3578; x_wconf 82' lang='lat' dir='ltr'><strong>attiupit,</strong></span> <span class='ocrx_word' id='word_1_483' title='bbox 1004 3489 1133 3560; x_wconf 76' lang='lat' dir='ltr'><strong>Claudii</strong></span> 
     </span>
     <span class='ocr_line' id='line_1_44' title="bbox 166 3577 1133 3659; baseline -0.005 -13"><span class='ocrx_word' id='word_1_484' title='bbox 166 3583 199 3646; x_wconf 83' lang='lat' dir='ltr'><strong>iu</strong></span> <span class='ocrx_word' id='word_1_485' title='bbox 217 3580 383 3648; x_wconf 83' lang='lat' dir='ltr'><strong>Galeiuum</strong></span> <span class='ocrx_word' id='word_1_486' title='bbox 404 3581 560 3647; x_wconf 84' lang='lat' dir='ltr'><strong>meliorem</strong></span> <span class='ocrx_word' id='word_1_487' title='bbox 582 3583 730 3659; x_wconf 84' lang='lat' dir='ltr'><strong>ocimum,</strong></span> <span class='ocrx_word' id='word_1_488' title='bbox 749 3581 847 3646; x_wconf 77' lang='lat' dir='ltr'><strong>Vtrtti</strong></span> <span class='ocrx_word' id='word_1_489' title='bbox 867 3581 1051 3646; x_wconf 81' lang='lat' dir='ltr'><strong>vocatiouem</strong></span> <span class='ocrx_word' id='word_1_490' title='bbox 1075 3577 1133 3642; x_wconf 80' lang='lat' dir='ltr'><strong>Ge-</strong></span> 
     </span>
     <span class='ocr_line' id='line_1_45' title="bbox 165 3663 1133 3750; baseline -0.005 -18"><span class='ocrx_word' id='word_1_491' title='bbox 165 3687 334 3744; x_wconf 82' lang='lat' dir='ltr'><strong>uouensem,</strong></span> <span class='ocrx_word' id='word_1_492' title='bbox 362 3667 483 3733; x_wconf 84' lang='lat' dir='ltr'><strong>bellicos</strong></span> <span class='ocrx_word' id='word_1_493' title='bbox 503 3671 602 3731; x_wconf 85' lang='lat' dir='ltr'><strong>metus</strong></span> <span class='ocrx_word' id='word_1_494' title='bbox 623 3669 658 3731; x_wconf 86' lang='lat' dir='ltr'><strong>iu</strong></span> <span class='ocrx_word' id='word_1_495' title='bbox 680 3667 820 3746; x_wconf 83' lang='lat' dir='ltr'><strong>Alsatio,</strong></span> <span class='ocrx_word' id='word_1_496' title='bbox 845 3665 1025 3750; x_wconf 77' lang='lat' dir='ltr'><strong>Myconium</strong></span> <span class='ocrx_word' id='word_1_497' title='bbox 1046 3663 1133 3745; x_wconf 81' lang='lat' dir='ltr'><strong>apud</strong></span> 
     </span>
     <span class='ocr_line' id='line_1_46' title="bbox 168 3753 719 3818; baseline -0.005 0"><span class='ocrx_word' id='word_1_498' title='bbox 168 3753 353 3818; x_wconf 78' lang='lat' dir='ltr'><strong>Turieeueee</strong></span> <span class='ocrx_word' id='word_1_499' title='bbox 373 3753 453 3818; x_wconf 82' lang='lat' dir='ltr'><strong>mele</strong></span> <span class='ocrx_word' id='word_1_500' title='bbox 474 3753 648 3818; x_wconf 78' lang='lat' dir='ltr'><strong>audientem</strong></span> <span class='ocrx_word' id='word_1_501' title='bbox 668 3757 719 3818; x_wconf 84' lang='lat' dir='ltr'><strong>etc.</strong></span> 
     </span>
    </p>
   </div>
   <div class='ocr_carea' id='block_1_4' title="bbox 165 3935 2154 4074">
    <p class='ocr_par' dir='ltr' id='par_1_6' title="bbox 165 3935 2154 4074">
     <span class='ocr_line' id='line_1_47' title="bbox 165 3935 2154 4074; baseline 0.008 -56"><span class='ocrx_word' id='word_1_502' title='bbox 165 3941 220 4006; x_wconf 73' lang='lat' dir='ltr'><strong>OE¹</strong></span> <span class='ocrx_word' id='word_1_503' title='bbox 249 3939 404 4012; x_wconf 62' lang='lat' dir='ltr'><strong>⁸P⁰V⁸P¹¹⁰</strong></span> <span class='ocrx_word' id='word_1_504' title='bbox 433 3937 910 4074; x_wconf 41' lang='lat' dir='ltr'><strong>ffffiliqffissgllgdnssssssafffil</strong></span> <span class='ocrx_word' id='word_1_505' title='bbox 936 3935 1002 3992; x_wconf 79' lang='lat'><strong>⁰⁰¹¹·</strong></span> <span class='ocrx_word' id='word_1_506' title='bbox 1025 3935 1131 4006; x_wconf 82' lang='lat' dir='ltr'><strong>Dupny.</strong></span> <span class='ocrx_word' id='word_1_507' title='bbox 1182 3977 1355 4048; x_wconf 86' lang='lat' dir='ltr'><strong>venerunt.</strong></span> <span class='ocrx_word' id='word_1_508' title='bbox 1378 3970 1549 4035; x_wconf 86' lang='lat' dir='ltr'><strong>Venerunt</strong></span> <span class='ocrx_word' id='word_1_509' title='bbox 1570 3970 1668 4034; x_wconf 89' lang='lat' dir='ltr'><strong>etiam</strong></span> <span class='ocrx_word' id='word_1_510' title='bbox 1690 3971 1768 4036; x_wconf 87' lang='lat' dir='ltr'><strong>Itali</strong></span> <span class='ocrx_word' id='word_1_511' title='bbox 1788 3971 1841 4038; x_wconf 90' lang='lat' dir='ltr'><strong>his</strong></span> <span class='ocrx_word' id='word_1_512' title='bbox 1863 3971 1985 4038; x_wconf 89' lang='lat' dir='ltr'><strong>dicbus.</strong></span> <span class='ocrx_word' id='word_1_513' title='bbox 2015 3970 2154 4038; x_wconf 87' lang='lat' dir='ltr'><strong>Interim</strong></span> 
     </span>
    </p>
   </div>
   <div class='ocr_carea' id='block_1_5' title="bbox 1105 4053 2154 4312">
    <p class='ocr_par' dir='ltr' id='par_1_7' title="bbox 1105 4053 2154 4312">
     <span class='ocr_line' id='line_1_48' title="bbox 1184 4053 2153 4140; baseline -0.003 -20"><span class='ocrx_word' id='word_1_514' title='bbox 1184 4061 1291 4120; x_wconf 87' lang='lat' dir='ltr'><strong>tamen</strong></span> <span class='ocrx_word' id='word_1_515' title='bbox 1314 4053 1354 4120; x_wconf 92' lang='lat' dir='ltr'><strong>de</strong></span> <span class='ocrx_word' id='word_1_516' title='bbox 1375 4075 1452 4138; x_wconf 86' lang='lat' dir='ltr'><strong>paee</strong></span> <span class='ocrx_word' id='word_1_517' title='bbox 1473 4055 1641 4138; x_wconf 81' lang='lat' dir='ltr'><strong>religionis</strong></span> <span class='ocrx_word' id='word_1_518' title='bbox 1663 4078 1704 4122; x_wconf 90' lang='lat' dir='ltr'><strong>ne</strong></span> <span class='ocrx_word' id='word_1_519' title='bbox 1728 4058 1862 4123; x_wconf 91' lang='lat' dir='ltr'><strong>verbum</strong></span> <span class='ocrx_word' id='word_1_520' title='bbox 1885 4057 2014 4140; x_wconf 91' lang='lat' dir='ltr'><strong>quidem</strong></span> <span class='ocrx_word' id='word_1_521' title='bbox 2047 4055 2153 4122; x_wconf 89' lang='lat' dir='ltr'><strong>audio.</strong></span> 
     </span>
     <span class='ocr_line' id='line_1_49' title="bbox 1183 4139 2154 4223; baseline 0.001 -19"><span class='ocrx_word' id='word_1_522' title='bbox 1183 4140 1252 4205; x_wconf 90' lang='lat' dir='ltr'><strong>Neo</strong></span> <span class='ocrx_word' id='word_1_523' title='bbox 1270 4140 1366 4204; x_wconf 88' lang='lat' dir='ltr'><strong>audio</strong></span> <span class='ocrx_word' id='word_1_524' title='bbox 1383 4139 1460 4223; x_wconf 92' lang='lat' dir='ltr'><strong>quid</strong></span> <span class='ocrx_word' id='word_1_525' title='bbox 1473 4140 1590 4206; x_wconf 88' lang='lat' dir='ltr'><strong>Gallus</strong></span> <span class='ocrx_word' id='word_1_526' title='bbox 1608 4151 1720 4207; x_wconf 84' lang='lat' dir='ltr'><strong>contra</strong></span> <span class='ocrx_word' id='word_1_527' title='bbox 1737 4143 1897 4208; x_wconf 90' lang='lat' dir='ltr'><strong>instituat.</strong></span> <span class='ocrx_word' id='word_1_528' title='bbox 1920 4143 2008 4207; x_wconf 89' lang='lat' dir='ltr'><strong>Hine</strong></span> <span class='ocrx_word' id='word_1_529' title='bbox 2026 4144 2154 4209; x_wconf 89' lang='lat' dir='ltr'><strong>ooniee·</strong></span> 
     </span>
     <span class='ocr_line' id='line_1_50' title="bbox 1105 4225 2153 4312; baseline 0.001 -21"><span class='ocrx_word' id='word_1_530' title='bbox 1105 4226 1130 4291; x_wconf 92' lang='grc'><strong>.“</strong></span> <span class='ocrx_word' id='word_1_531' title='bbox 1183 4233 1291 4290; x_wconf 89' lang='lat' dir='ltr'><strong>turam</strong></span> <span class='ocrx_word' id='word_1_532' title='bbox 1325 4226 1449 4291; x_wconf 86' lang='lat' dir='ltr'><strong>faciunt</strong></span> <span class='ocrx_word' id='word_1_533' title='bbox 1481 4225 1628 4308; x_wconf 89' lang='lat' dir='ltr'><strong>quidam,</strong></span> <span class='ocrx_word' id='word_1_534' title='bbox 1664 4227 1736 4292; x_wconf 90' lang='lat' dir='ltr'><strong>belli</strong></span> <span class='ocrx_word' id='word_1_535' title='bbox 1769 4229 1953 4310; x_wconf 85' lang='lat' dir='ltr'><strong>primarios,</strong></span> <span class='ocrx_word' id='word_1_536' title='bbox 1983 4239 2153 4312; x_wconf 89' lang='lat' dir='ltr'><strong>postquam</strong></span> 
     </span>
    </p>
   </div>
   <div class='ocr_carea' id='block_1_6' title="bbox 249 4191 1115 4277">
    <p class='ocr_par' dir='ltr' id='par_1_8' title="bbox 249 4191 1115 4277">
     <span class='ocr_line' id='line_1_51' title="bbox 249 4191 1115 4277; baseline -0.007 -15"><span class='ocrx_word' id='word_1_537' title='bbox 249 4193 284 4262; x_wconf 82' lang='lat' dir='ltr'><strong>S.</strong></span> <span class='ocrx_word' id='word_1_538' title='bbox 330 4196 381 4261; x_wconf 92' lang='lat' dir='ltr'><strong>De</strong></span> <span class='ocrx_word' id='word_1_539' title='bbox 403 4195 466 4260; x_wconf 86' lang='lat' dir='ltr'><strong>lide</strong></span> <span class='ocrx_word' id='word_1_540' title='bbox 488 4194 735 4277; x_wconf 90' lang='lat' dir='ltr'><strong>sinceritatequc</strong></span> <span class='ocrx_word' id='word_1_541' title='bbox 755 4205 811 4257; x_wconf 86' lang='lat' dir='ltr'><strong>tua</strong></span> <span class='ocrx_word' id='word_1_542' title='bbox 833 4213 911 4277; x_wconf 86' lang='lat' dir='ltr'><strong>erga</strong></span> <span class='ocrx_word' id='word_1_543' title='bbox 932 4213 1044 4257; x_wconf 91' lang='lat' dir='ltr'><strong>omnes</strong></span> <span class='ocrx_word' id='word_1_544' title='bbox 1066 4191 1115 4256; x_wconf 84' lang='lat' dir='ltr'><strong>fra</strong></span> 
     </span>
    </p>
   </div>
   <div class='ocr_carea' id='block_1_7' title="bbox 162 4279 2153 4425">
    <p class='ocr_par' dir='ltr' id='par_1_9' title="bbox 162 4279 2153 4425">
     <span class='ocr_line' id='line_1_52' title="bbox 162 4279 2153 4425; baseline 0.008 -78"><span class='ocrx_word' id='word_1_545' title='bbox 162 4287 231 4347; x_wconf 86' lang='lat' dir='ltr'><strong>tres</strong></span> <span class='ocrx_word' id='word_1_546' title='bbox 262 4279 345 4344; x_wconf 92' lang='lat' dir='ltr'><strong>nihil</strong></span> <span class='ocrx_word' id='word_1_547' title='bbox 379 4281 497 4359; x_wconf 81' lang='lat' dir='ltr'><strong>diffido,</strong></span> <span class='ocrx_word' id='word_1_548' title='bbox 529 4289 566 4345; x_wconf 89' lang='lat' dir='ltr'><strong>ut</strong></span> <span class='ocrx_word' id='word_1_549' title='bbox 598 4279 820 4363; x_wconf 86' lang='lat' dir='ltr'><strong>quampridem</strong></span> <span class='ocrx_word' id='word_1_550' title='bbox 853 4285 903 4342; x_wconf 90' lang='lat' dir='ltr'><strong>tot</strong></span> <span class='ocrx_word' id='word_1_551' title='bbox 931 4285 1130 4425; x_wconf 42' lang='lat' dir='ltr'><strong>erffumentre</strong></span> <span class='ocrx_word' id='word_1_552' title='bbox 1182 4311 1291 4376; x_wconf 61' lang='lat' dir='ltr'><strong>omnia</strong></span> <span class='ocrx_word' id='word_1_553' title='bbox 1322 4312 1388 4376; x_wconf 61' lang='lat' dir='ltr'>sint</span> <span class='ocrx_word' id='word_1_554' title='bbox 1419 4312 1520 4394; x_wconf 61' lang='lat' dir='ltr'><strong>probe</strong></span> <span class='ocrx_word' id='word_1_555' title='bbox 1552 4321 1681 4394; x_wconf 54' lang='lat' dir='ltr'><strong>parata,</strong></span> <span class='ocrx_word' id='word_1_556' title='bbox 1709 4333 1821 4396; x_wconf 57' lang='lat' dir='ltr'><strong>pacem</strong></span> <span class='ocrx_word' id='word_1_557' title='bbox 1850 4313 1992 4379; x_wconf 56' lang='lat' dir='ltr'>facturos</span> <span class='ocrx_word' id='word_1_558' title='bbox 2020 4336 2091 4380; x_wconf 66' lang='lat'><strong>0530</strong></span> <span class='ocrx_word' id='word_1_559' title='bbox 2120 4319 2153 4378; x_wconf 68' lang='lat' dir='ltr'><strong>et</strong></span> 
     </span>
    </p>
   </div>
   <div class='ocr_carea' id='block_1_8' title="bbox 162 4362 2152 4568">
    <p class='ocr_par' dir='ltr' id='par_1_10' title="bbox 162 4362 2152 4568">
     <span class='ocr_line' id='line_1_53' title="bbox 163 4362 2152 4470; baseline -0.002 -4"><span class='ocrx_word' id='word_1_560' title='bbox 163 4365 252 4469; x_wconf 68' lang='lat' dir='ltr'><strong>⁸qu</strong></span> <span class='ocrx_word' id='word_1_561' title='bbox 271 4366 371 4431; x_wconf 74' lang='lat' dir='ltr'>b⁰¹¹⁰⁸</span> <span class='ocrx_word' id='word_1_562' title='bbox 393 4367 544 4466; x_wconf 60' lang='lat' dir='ltr'><strong>innl&#39;luil’</strong></span> <span class='ocrx_word' id='word_1_563' title='bbox 567 4373 604 4430; x_wconf 62' lang='lat' dir='ltr'><strong>ut</strong></span> <span class='ocrx_word' id='word_1_564' title='bbox 626 4385 690 4430; x_wconf 76' lang='lat'>⁰⁰¹¹</span> <span class='ocrx_word' id='word_1_565' title='bbox 711 4365 812 4448; x_wconf 59' lang='lat' dir='ltr'><strong>p⁰³⁵ll</strong></span> <span class='ocrx_word' id='word_1_566' title='bbox 829 4362 971 4464; x_wconf 64' lang='lat' dir='ltr'><strong>¹¹¹¹².‘l⁰⁰</strong></span> <span class='ocrx_word' id='word_1_567' title='bbox 984 4364 1140 4446; x_wconf 57' lang='lat' dir='ltr'><strong>”alimm-</strong></span> <span class='ocrx_word' id='word_1_568' title='bbox 1182 4397 1258 4462; x_wconf 88' lang='lat' dir='ltr'><strong>totis</strong></span> <span class='ocrx_word' id='word_1_569' title='bbox 1281 4396 1405 4462; x_wconf 89' lang='lat' dir='ltr'><strong>viribus</strong></span> <span class='ocrx_word' id='word_1_570' title='bbox 1417 4418 1609 4464; x_wconf 87' lang='lat' dir='ltr'><strong>conversum</strong></span> <span class='ocrx_word' id='word_1_571' title='bbox 1622 4399 1662 4462; x_wconf 90' lang='lat' dir='ltr'><strong>iri</strong></span> <span class='ocrx_word' id='word_1_572' title='bbox 1684 4405 1878 4470; x_wconf 82' lang='lat' dir='ltr'><strong>contranos.</strong></span> <span class='ocrx_word' id='word_1_573' title='bbox 1908 4397 1950 4462; x_wconf 93' lang='lat' dir='ltr'><strong>In</strong></span> <span class='ocrx_word' id='word_1_574' title='bbox 1972 4400 2058 4466; x_wconf 87' lang='lat' dir='ltr'><strong>votis</strong></span> <span class='ocrx_word' id='word_1_575' title='bbox 2080 4416 2152 4466; x_wconf 81' lang='lat' dir='ltr'><strong>esse</strong></span> 
     </span>
     <span class='ocr_line' id='line_1_54' title="bbox 162 4447 2151 4568; baseline -0.001 -23"><span class='ocrx_word' id='word_1_576' title='bbox 162 4460 297 4520; x_wconf 58' lang='lat' dir='ltr'><strong>mmm</strong></span> <span class='ocrx_word' id='word_1_577' title='bbox 318 4450 466 4516; x_wconf 67' lang='lat' dir='ltr'>⁰⁰¹¹V⁶fl¹·</span> <span class='ocrx_word' id='word_1_578' title='bbox 499 4449 587 4518; x_wconf 51' lang='grc' dir='ltr'><strong>ΒΗΘ</strong></span> <span class='ocrx_word' id='word_1_579' title='bbox 610 4471 685 4517; x_wconf 62' lang='lat' dir='ltr'><strong>V⁰f⁰</strong></span> <span class='ocrx_word' id='word_1_580' title='bbox 709 4471 767 4514; x_wconf 77' lang='lat'>¹¹⁰⁰</span> <span class='ocrx_word' id='word_1_581' title='bbox 791 4447 982 4526; x_wconf 66' lang='lat' dir='ltr'><strong>Ol⁰²⁶d²u⁸’¹)</strong></span> <span class='ocrx_word' id='word_1_582' title='bbox 1005 4469 1067 4531; x_wconf 67' lang='lat'>‘³¹¹⁰</span> <span class='ocrx_word' id='word_1_583' title='bbox 1090 4447 1130 4513; x_wconf 61' lang='lat'><strong>‘¹⁰</strong></span> <span class='ocrx_word' id='word_1_584' title='bbox 1182 4481 1301 4547; x_wconf 87' lang='lat' dir='ltr'><strong>dieitur</strong></span> <span class='ocrx_word' id='word_1_585' title='bbox 1323 4469 1455 4547; x_wconf 81' lang='lat' dir='ltr'><strong>(laesuri</strong></span> <span class='ocrx_word' id='word_1_586' title='bbox 1483 4483 1706 4549; x_wconf 89' lang='lat' dir='ltr'><strong>monarchiam</strong></span> <span class='ocrx_word' id='word_1_587' title='bbox 1739 4483 1845 4547; x_wconf 90' lang='lat' dir='ltr'><strong>meliri</strong></span> <span class='ocrx_word' id='word_1_588' title='bbox 1876 4484 1910 4548; x_wconf 93' lang='lat' dir='ltr'><strong>in</strong></span> <span class='ocrx_word' id='word_1_589' title='bbox 1938 4485 2089 4568; x_wconf 84' lang='lat' dir='ltr'><strong>Europa,</strong></span> <span class='ocrx_word' id='word_1_590' title='bbox 2117 4480 2151 4545; x_wconf 90' lang='lat' dir='ltr'><strong>id</strong></span> 
     </span>
    </p>
   </div>
   <div class='ocr_carea' id='block_1_9' title="bbox 162 4534 2151 4738">
    <p class='ocr_par' dir='ltr' id='par_1_11' title="bbox 162 4534 2151 4738">
     <span class='ocr_line' id='line_1_55' title="bbox 162 4534 2151 4652; baseline -0.001 -19"><span class='ocrx_word' id='word_1_591' title='bbox 162 4537 289 4615; x_wconf 62' lang='lat' dir='ltr'><strong>wibis’</strong></span> <span class='ocrx_word' id='word_1_592' title='bbox 322 4535 404 4602; x_wconf 66' lang='lat' dir='ltr'><strong>nihil</strong></span> <span class='ocrx_word' id='word_1_593' title='bbox 436 4544 486 4602; x_wconf 61' lang='lat' dir='ltr'><strong>est</strong></span> <span class='ocrx_word' id='word_1_594' title='bbox 517 4557 723 4624; x_wconf 63' lang='lat' dir='ltr'><strong>m³g¹¹⁰l³0¹¹⁰t</strong></span> <span class='ocrx_word' id='word_1_595' title='bbox 756 4555 855 4618; x_wconf 68' lang='lat' dir='ltr'><strong>quum</strong></span> <span class='ocrx_word' id='word_1_596' title='bbox 888 4541 973 4633; x_wconf 40' lang='lat'><strong>⁶⁵5⁶*</strong></span> <span class='ocrx_word' id='word_1_597' title='bbox 1004 4534 1130 4634; x_wconf 58' lang='lat' dir='ltr'><strong>legam</strong></span> <span class='ocrx_word' id='word_1_598' title='bbox 1181 4566 1265 4650; x_wconf 88' lang='lat' dir='ltr'><strong>quod</strong></span> <span class='ocrx_word' id='word_1_599' title='bbox 1293 4567 1363 4632; x_wconf 85' lang='lat' dir='ltr'><strong>fleri</strong></span> <span class='ocrx_word' id='word_1_600' title='bbox 1390 4569 1503 4652; x_wconf 89' lang='lat' dir='ltr'><strong>nequit</strong></span> <span class='ocrx_word' id='word_1_601' title='bbox 1535 4568 1597 4632; x_wconf 90' lang='lat' dir='ltr'><strong>nisi</strong></span> <span class='ocrx_word' id='word_1_602' title='bbox 1633 4567 1764 4634; x_wconf 88' lang='lat' dir='ltr'><strong>domitis</strong></span> <span class='ocrx_word' id='word_1_603' title='bbox 1791 4568 1960 4634; x_wconf 88' lang='lat' dir='ltr'><strong>Helvetiis.</strong></span> <span class='ocrx_word' id='word_1_604' title='bbox 2006 4570 2151 4634; x_wconf 87' lang='lat' dir='ltr'><strong>Videant</strong></span> 
     </span>
     <span class='ocr_line' id='line_1_56' title="bbox 162 4619 2148 4738; baseline 0.002 -22"><span class='ocrx_word' id='word_1_605' title='bbox 162 4621 390 4706; x_wconf 56' lang='lat' dir='ltr'><strong>fflbfflquuluh</strong></span> <span class='ocrx_word' id='word_1_606' title='bbox 403 4620 491 4705; x_wconf 88' lang='lat' dir='ltr'><strong>apud</strong></span> <span class='ocrx_word' id='word_1_607' title='bbox 501 4643 554 4688; x_wconf 77' lang='lat'><strong>¹¹²⁰</strong></span> <span class='ocrx_word' id='word_1_608' title='bbox 564 4629 713 4706; x_wconf 47' lang='lat' dir='ltr'><strong>tumtum</strong></span> <span class='ocrx_word' id='word_1_609' title='bbox 730 4621 875 4703; x_wconf 67' lang='lat' dir='ltr'><strong>³d⁰⁰q¹¹⁰</strong></span> <span class='ocrx_word' id='word_1_610' title='bbox 893 4629 991 4686; x_wconf 61' lang='lat' dir='ltr'><strong>‘mm</strong></span> <span class='ocrx_word' id='word_1_611' title='bbox 1003 4619 1129 4688; x_wconf 65' lang='lat' dir='ltr'><strong>¹¹¹⁰⁸l¹⁰</strong></span> <span class='ocrx_word' id='word_1_612' title='bbox 1180 4653 1283 4718; x_wconf 86' lang='lat' dir='ltr'><strong>nostri</strong></span> <span class='ocrx_word' id='word_1_613' title='bbox 1305 4650 1382 4736; x_wconf 90' lang='lat' dir='ltr'><strong>quid</strong></span> <span class='ocrx_word' id='word_1_614' title='bbox 1404 4661 1511 4737; x_wconf 83' lang='lat' dir='ltr'><strong>agant.</strong></span> <span class='ocrx_word' id='word_1_615' title='bbox 1536 4653 1678 4720; x_wconf 82' lang='lat' dir='ltr'><strong>Bueerue</strong></span> <span class='ocrx_word' id='word_1_616' title='bbox 1697 4651 1840 4720; x_wconf 89' lang='lat' dir='ltr'><strong>nondum</strong></span> <span class='ocrx_word' id='word_1_617' title='bbox 1859 4673 1877 4718; x_wconf 91' lang='lat' dir='ltr'><strong>e</strong></span> <span class='ocrx_word' id='word_1_618' title='bbox 1896 4653 1993 4738; x_wconf 78' lang='lat' dir='ltr'><strong>Spita</strong></span> <span class='ocrx_word' id='word_1_619' title='bbox 2010 4653 2148 4729; x_wconf 61' lang='lat' dir='ltr'><strong>reuirat)</strong></span> 
     </span>
    </p>
   </div>
   <div class='ocr_carea' id='block_1_10' title="bbox 158 4838 2147 5186">
    <p class='ocr_par' dir='ltr' id='par_1_12' title="bbox 158 4838 2147 5186">
     <span class='ocr_line' id='line_1_57' title="bbox 1281 4838 1502 4906; baseline 0.009 -14"><span class='ocrx_word' id='word_1_620' title='bbox 1281 4838 1311 4906; x_wconf 77' lang='lat'><strong>2)</strong></span> <span class='ocrx_word' id='word_1_621' title='bbox 1330 4839 1502 4896; x_wconf 64' lang='grc' dir='ltr'><strong>θονιωὸιιιιιῖ</strong></span> 
     </span>
     <span class='ocr_line' id='line_1_58' title="bbox 264 4907 2146 4982; baseline -0.001 -16"><span class='ocrx_word' id='word_1_622' title='bbox 264 4914 293 4974; x_wconf 72' lang='grc'><strong>3)</strong></span> <span class='ocrx_word' id='word_1_623' title='bbox 318 4911 465 4968; x_wconf 79' lang='lat' dir='ltr'><strong>Wcruerut</strong></span> <span class='ocrx_word' id='word_1_624' title='bbox 481 4912 621 4982; x_wconf 72' lang='lat' dir='ltr'><strong>Bypetim.</strong></span> <span class='ocrx_word' id='word_1_625' title='bbox 1141 4942 1144 4952; x_wconf 55' lang='grc' dir='ltr'>ι</span> <span class='ocrx_word' id='word_1_626' title='bbox 1281 4908 1311 4964; x_wconf 72' lang='lat' dir='ltr'><strong>Bt</strong></span> <span class='ocrx_word' id='word_1_627' title='bbox 1331 4908 1374 4975; x_wconf 75' lang='lat' dir='ltr'><strong>Of.</strong></span> <span class='ocrx_word' id='word_1_628' title='bbox 1392 4910 1431 4964; x_wconf 84' lang='lat' dir='ltr'><strong>N.</strong></span> <span class='ocrx_word' id='word_1_629' title='bbox 1441 4909 1501 4963; x_wconf 76' lang='lat'><strong>537.</strong></span> <span class='ocrx_word' id='word_1_630' title='bbox 1519 4907 1571 4962; x_wconf 80' lang='lat' dir='ltr'><strong>ate</strong></span> <span class='ocrx_word' id='word_1_631' title='bbox 1587 4923 1621 4963; x_wconf 78' lang='lat' dir='ltr'><strong>ec</strong></span> <span class='ocrx_word' id='word_1_632' title='bbox 1676 4907 1738 4963; x_wconf 70' lang='lat' dir='ltr'><strong>seue</strong></span> <span class='ocrx_word' id='word_1_633' title='bbox 1755 4909 1822 4978; x_wconf 80' lang='lat' dir='ltr'><strong>quid</strong></span> <span class='ocrx_word' id='word_1_634' title='bbox 1838 4909 1880 4963; x_wconf 82' lang='lat' dir='ltr'><strong>rei</strong></span> <span class='ocrx_word' id='word_1_635' title='bbox 1894 4907 1980 4974; x_wconf 62' lang='lat' dir='ltr'><strong>fudit</strong></span> <span class='ocrx_word' id='word_1_636' title='bbox 1995 4908 2076 4976; x_wconf 72' lang='lat' dir='ltr'><strong>faede</strong></span> <span class='ocrx_word' id='word_1_637' title='bbox 2092 4909 2146 4965; x_wconf 85' lang='lat' dir='ltr'><strong>ecl·</strong></span> 
     </span>
     <span class='ocr_line' id='line_1_59' title="bbox 180 4975 2147 5050; baseline 0 -14"><span class='ocrx_word' id='word_1_638' title='bbox 180 4980 248 5044; x_wconf 65' lang='lat' dir='ltr'><strong>w.</strong></span> <span class='ocrx_word' id='word_1_639' title='bbox 269 4982 296 5040; x_wconf 85' lang='lat' dir='ltr'><strong>ll</strong></span> <span class='ocrx_word' id='word_1_640' title='bbox 315 4981 486 5050; x_wconf 66' lang='lat' dir='ltr'><strong>mamm</strong></span> <span class='ocrx_word' id='word_1_641' title='bbox 516 4981 666 5038; x_wconf 74' lang='lat' dir='ltr'><strong>ouatmvm</strong></span> <span class='ocrx_word' id='word_1_642' title='bbox 674 4978 995 5050; x_wconf 75' lang='lat' dir='ltr'><strong>eapitemueambipiuue.</strong></span> <span class='ocrx_word' id='word_1_643' title='bbox 1021 4976 1129 5032; x_wconf 71' lang='lat' dir='ltr'><strong>Nemea</strong></span> <span class='ocrx_word' id='word_1_644' title='bbox 1178 4975 1253 5044; x_wconf 75' lang='lat' dir='ltr'><strong>lipsa.</strong></span> <span class='ocrx_word' id='word_1_645' title='bbox 1271 4976 1369 5031; x_wconf 76' lang='lat' dir='ltr'><strong>Etiam</strong></span> <span class='ocrx_word' id='word_1_646' title='bbox 1384 4979 1510 5045; x_wconf 72' lang='lat' dir='ltr'><strong>proxim</strong></span> <span class='ocrx_word' id='word_1_647' title='bbox 1526 4993 1616 5032; x_wconf 76' lang='lat' dir='ltr'><strong>meuse</strong></span> <span class='ocrx_word' id='word_1_648' title='bbox 1651 4979 1717 5032; x_wconf 71' lang='lat' dir='ltr'><strong>ueto</strong></span> <span class='ocrx_word' id='word_1_649' title='bbox 1735 4979 1814 5032; x_wconf 72' lang='lat' dir='ltr'><strong>etmel</strong></span> <span class='ocrx_word' id='word_1_650' title='bbox 1830 4983 1855 5032; x_wconf 78' lang='lat' dir='ltr'><strong>et</strong></span> <span class='ocrx_word' id='word_1_651' title='bbox 1872 4978 1970 5032; x_wconf 69' lang='lat' dir='ltr'><strong>summ</strong></span> <span class='ocrx_word' id='word_1_652' title='bbox 1987 4977 2020 5030; x_wconf 77' lang='lat' dir='ltr'><strong>ia</strong></span> <span class='ocrx_word' id='word_1_653' title='bbox 2037 4979 2147 5036; x_wconf 73' lang='lat' dir='ltr'><strong>amru</strong></span> 
     </span>
     <span class='ocr_line' id='line_1_60' title="bbox 158 5045 1723 5122; baseline -0.004 -15"><span class='ocrx_word' id='word_1_654' title='bbox 158 5050 419 5122; x_wconf 58' lang='lat' dir='ltr'><strong>taqueum.</strong></span> <span class='ocrx_word' id='word_1_655' title='bbox 437 5051 469 5106; x_wconf 88' lang='grc' dir='ltr'>Η</span> <span class='ocrx_word' id='word_1_656' title='bbox 524 5050 598 5104; x_wconf 72' lang='lat' dir='ltr'><strong>imus</strong></span> <span class='ocrx_word' id='word_1_657' title='bbox 614 5049 730 5118; x_wconf 77' lang='lat' dir='ltr'><strong>aliquem</strong></span> <span class='ocrx_word' id='word_1_658' title='bbox 750 5049 789 5104; x_wconf 83' lang='lat' dir='ltr'><strong>Ol.</strong></span> <span class='ocrx_word' id='word_1_659' title='bbox 806 5049 839 5104; x_wconf 79' lang='lat' dir='ltr'><strong>de</strong></span> <span class='ocrx_word' id='word_1_660' title='bbox 856 5047 997 5104; x_wconf 69' lang='lat' dir='ltr'><strong>elocuta</strong></span> <span class='ocrx_word' id='word_1_661' title='bbox 1013 5047 1046 5100; x_wconf 81' lang='lat' dir='ltr'><strong>iu</strong></span> <span class='ocrx_word' id='word_1_662' title='bbox 1060 5059 1136 5115; x_wconf 70' lang='lat' dir='ltr'><strong>apro,</strong></span> <span class='ocrx_word' id='word_1_663' title='bbox 1179 5045 1213 5102; x_wconf 80' lang='lat' dir='ltr'><strong>de</strong></span> <span class='ocrx_word' id='word_1_664' title='bbox 1228 5061 1258 5102; x_wconf 81' lang='lat' dir='ltr'><strong>eo</strong></span> <span class='ocrx_word' id='word_1_665' title='bbox 1277 5045 1414 5102; x_wconf 74' lang='lat' dir='ltr'><strong>Gmuem</strong></span> <span class='ocrx_word' id='word_1_666' title='bbox 1430 5045 1551 5102; x_wconf 70' lang='lat' dir='ltr'><strong>vocando</strong></span> <span class='ocrx_word' id='word_1_667' title='bbox 1569 5051 1659 5100; x_wconf 82' lang='lat' dir='ltr'><strong>aetum</strong></span> <span class='ocrx_word' id='word_1_668' title='bbox 1675 5052 1723 5101; x_wconf 80' lang='lat' dir='ltr'><strong>eet.</strong></span> 
     </span>
     <span class='ocr_line' id='line_1_61' title="bbox 159 5113 1521 5186; baseline -0.007 -8"><span class='ocrx_word' id='word_1_669' title='bbox 159 5120 285 5178; x_wconf 79' lang='lat' dir='ltr'><strong>Bieleuti</strong></span> <span class='ocrx_word' id='word_1_670' title='bbox 300 5124 325 5174; x_wconf 83' lang='lat' dir='ltr'><strong>et</strong></span> <span class='ocrx_word' id='word_1_671' title='bbox 348 5119 435 5177; x_wconf 77' lang='lat' dir='ltr'><strong>alium</strong></span> <span class='ocrx_word' id='word_1_672' title='bbox 458 5118 497 5174; x_wconf 81' lang='lat' dir='ltr'><strong>Ol.</strong></span> <span class='ocrx_word' id='word_1_673' title='bbox 518 5119 665 5184; x_wconf 61' lang='lat' dir='ltr'><strong>turtum,</strong></span> <span class='ocrx_word' id='word_1_674' title='bbox 692 5123 832 5186; x_wconf 70' lang='lat' dir='ltr'><strong>acumem</strong></span> <span class='ocrx_word' id='word_1_675' title='bbox 851 5119 884 5174; x_wconf 80' lang='lat' dir='ltr'><strong>iu</strong></span> <span class='ocrx_word' id='word_1_676' title='bbox 906 5117 936 5174; x_wconf 78' lang='lat' dir='ltr'><strong>S.</strong></span> <span class='ocrx_word' id='word_1_677' title='bbox 954 5115 1070 5183; x_wconf 65' lang='lat' dir='ltr'><strong>Attina-</strong></span> <span class='ocrx_word' id='word_1_678' title='bbox 1095 5115 1128 5169; x_wconf 64' lang='grc' dir='ltr'><strong>ἀι</strong></span> <span class='ocrx_word' id='word_1_679' title='bbox 1280 5117 1309 5180; x_wconf 78' lang='lat' dir='ltr'><strong>t)</strong></span> <span class='ocrx_word' id='word_1_680' title='bbox 1329 5115 1368 5168; x_wconf 89' lang='lat' dir='ltr'><strong>N.</strong></span> <span class='ocrx_word' id='word_1_681' title='bbox 1386 5115 1443 5169; x_wconf 83' lang='lat' dir='ltr'><strong>ato.</strong></span> <span class='ocrx_word' id='word_1_682' title='bbox 1462 5113 1521 5169; x_wconf 80' lang='lat'>545.</span> 
     </span>
    </p>
   </div>
   <div class='ocr_carea' id='block_1_11' title="bbox 158 5183 1941 5303">
    <p class='ocr_par' dir='ltr' id='par_1_13' title="bbox 158 5183 1941 5303">
     <span class='ocr_line' id='line_1_62' title="bbox 158 5183 1941 5303; baseline 0.012 -63"><span class='ocrx_word' id='word_1_683' title='bbox 158 5187 596 5258; x_wconf 57' lang='lat' dir='ltr'><strong>monueramus.</strong></span> <span class='ocrx_word' id='word_1_684' title='bbox 615 5185 687 5241; x_wconf 81' lang='lat' dir='ltr'><strong>tuae.</strong></span> <span class='ocrx_word' id='word_1_685' title='bbox 1281 5183 1310 5250; x_wconf 79' lang='lat' dir='ltr'><strong>b)</strong></span> <span class='ocrx_word' id='word_1_686' title='bbox 1329 5183 1445 5240; x_wconf 59' lang='lat' dir='ltr'><strong>Mitt·</strong></span> <span class='ocrx_word' id='word_1_687' title='bbox 1886 5248 1941 5303; x_wconf 67' lang='lat'><strong>45,</strong></span> 
     </span>
    </p>
   </div>
   <div class='ocr_carea' id='block_1_12' title="bbox 0 0 2457 5970">
    <p class='ocr_par' dir='ltr' id='par_1_14' title="bbox 0 0 2457 5970">
     <span class='ocr_line' id='line_1_63' title="bbox 0 0 2457 5970; baseline 0 0"><span class='ocrx_word' id='word_1_688' title='bbox 0 0 2457 5970; x_wconf 95' lang='lat' dir='ltr'><strong> </strong></span> 
     </span>
    </p>
   </div>
  </div>
 </body>
</html>
