4888 5966
294 301 357 366 ara
1061 280 1322 358 umerorum
1344 295 1512 359 aio-sia

296 485 413 586 deinde
439 502 611 566 pergamus
638 481 730 546 nobis
758 502 826 547 non
841 501 924 579 ‘esse
956 478 1135 580 dissimiles.
1185 479 1261 544 Non
1762 477 1833 550 811,

296 569 737 723 illlislsltillttlll
756 565 1105 734 {attitulata
1122 575 1262 716 still
1340 615 1587 683 PR1N01PES
1610 616 1827 683 GERMAM
1848 615 1964 682 Rssffl
1985 616 2257 686 casseaco.

296 739 485 810 certandum
524 747 573 803 est
605 738 697 802 nobis
733 738 801 802 sola
837 737 1092 820 perseverantia,
1131 736 1262 818 pietate,

296 826 512 924 simplicitate,
536 822 618 920 adde
636 831 670 888 et
691 824 848 972 pssticntia
869 821 1096 972 crulqirso:inlpzno
1117 831 1263 971 iplrgngppq

296 909 956 1081 iiiiieiclgiidiiruhlliiisilhsrrstdindihlditaro
973 927 1263 1074 obsecioqreliquos

1403 785 1602 852 Clausulam
1623 787 1691 852 eim
1710 792 1738 852 cl
1758 787 1915 852 iustitiam
1936 787 2097 870 appellant
2117 809 2180 871 pro
2209 789 2283 854 Vol-

1314 873 1460 938 densibus
1480 879 1508 938 at
1528 872 1770 954 Delphinotilms
1790 873 1826 938 ob
1839 873 2017 956 religionem
2030 875 2281 940 miserevacatia.

297 1085 414 1149 ratres
441 1101 553 1146 omnes
580 1080 711 1161 quantis
739 1087 830 1162 potes
867 1079 1005 1154 nribus,
1039 1085 1077 1141 ut
1109 1079 1263 1160 uoniam
1315 1043 1580 1233 {mathilt
1595 1042 2284 1181 a·a⁸³.·.ar·u·laaazaatalra

297 1169 449 1236 ecclesiae
471 1165 638 1247 disciplina
654 1167 678 1246 ¹)
700 1165 843 1228 maxima
870 1185 912 1227 ex
939 1172 1032 1246 parte
1056 1164 1198 1240 evanuit,
1231 1170 1265 1226 et
1341 1189 1414 1234 asae
1444 1197 1550 1250 quoque
1576 1181 1603 1234 ic
1630 1181 1710 1250 Gorp.
1738 1181 1796 1234 Res.
1821 1179 1867 1233 lv.
1892 1198 1918 1249 p.
1943 1180 1995 1233 325
2020 1183 2049 1234 in
2068 1181 2284 1235 Melanchlaenas

297 1255 381 1320 icrtc
411 1253 481 1317 sino
504 1253 653 1335 graviore
681 1249 767 1314 malo
799 1249 928 1314 restitui
960 1252 995 1312 in
1026 1247 1173 1313 ordinem
1207 1249 1263 1312 vix
1315 1250 1385 1318 Epp.
1404 1249 1444 1302 sd.
1464 1250 1549 1302 Lonu.
1567 1250 1583 1302 1.
1602 1249 1648 1302 111.
1667 1265 1709 1318 ep.
1727 1247 1752 1314 2,
1771 1250 1814 1302 lol.
1832 1247 1892 1317 488,
1911 1249 2014 1302 Gordos
2032 1249 2283 1320 licaretllrapp.

297 1345 412 1426 potest,
434 1347 472 1401 ut
493 1337 606 1401 saltem
629 1343 662 1400 et
683 1336 843 1418 principes
868 1347 901 1398 et
921 1335 1133 1417 magistratus
1160 1335 1264 1398 nostri
1744 1335 1770 1386 Ρ·
1791 1316 1858 1379 1⁰⁰1)

300 1433 431 1492 strenue
459 1421 723 1486 animadvertant
744 1421 876 1484 invitia
901 1429 934 1482 et
955 1418 1107 1484 scaudala
1124 1419 1263 1502 publiea,

320 1533 363 1576 uo
396 1507 509 1574 saltem
548 1507 609 1572 hac
637 1507 693 1571 via
720 1515 878 1590 purgetur
906 1505 1054 1578 ecclesia,
1082 1525 1264 1586 nomenque
1401 1503 1550 1571 Salutem
1584 1513 1617 1570 et
1642 1506 1831 1587 obsequium
1867 1512 2030 1582 nostrum,
2066 1503 2283 1570 Serenissime

299 1533 423 1663 iibristi
452 1592 538 1676 apud
566 1592 704 1674 reliquos
736 1591 854 1655 melius
880 1589 1006 1668 audiat,
1038 1589 1121 1672 quod
1157 1591 1264 1672 ipsum
1317 1599 1413 1673 atque
1438 1591 1715 1656 Christianissimo
1741 1591 1824 1656 Rex.
1876 1589 2038 1667 Quoniam
2072 1611 2112 1655 ea
2145 1591 2283 1656 benevo-

299 1677 544 1766 quoquedeest
566 1677 718 1742 Christus
740 1698 799 1742 suo
821 1676 945 1758 spiritu.
998 1675 1069 1740 Ah!
1092 1697 1133 1739 ne
1155 1675 1264 1759 oppri·
1317 1677 1435 1741 lamiae
1470 1677 1565 1760 signa
1592 1677 1697 1760 Regia
1724 1675 1867 1759 dignitas
1888 1677 2009 1740 Vestra
2040 1675 2133 1742 nobis
2154 1697 2285 1760 semper

298 1775 368 1832 mat
388 1785 448 1831 nos
469 1763 668 1846 ingratitudo
691 1771 723 1827 et
745 1762 907 1826 iniustitia
927 1763 981 1843 qui
1004 1761 1044 1825 dc
1066 1760 1210 1825 bonitate
1233 1769 1266 1824 et
1318 1762 1480 1838 exhibuit,
1512 1783 1595 1843 quac
1627 1770 1830 1844 argumento·
1859 1783 1929 1826 csse
1965 1762 2107 1843 possint,
2143 1762 2284 1845 Regiam

298 1851 424 1917 iustitia
453 1849 515 1914 Dei
544 1857 670 1912 tantum
705 1848 890 1930 gloriamur.
946 1845 1077 1928 Quanta
1109 1846 1266 1911 bonorum
1318 1849 1522 1912 Maiestatem
1560 1848 1714 1912 Vestram
1752 1849 1874 1928 optimo
1913 1868 1983 1912 esse
2019 1857 2054 1911 et
2089 1848 2284 1912 amicissimo

299 1935 591 2003 ecclesiasticorum
613 1933 762 1997 habenda
781 1934 824 1996 sit
846 1933 936 2010 ratio,
958 1953 1023 1996 non
1048 1953 1129 2016 opus
1147 1941 1198 1997 est
1215 1952 1266 1995 re-
1318 1955 1397 2016 crga
1426 1954 1484 1996 nos
1510 1933 1627 2009 animo,
1661 1933 1835 2014 aliquando
1868 1932 1967 1997 etiam
2005 1932 2132 2015 experti
2171 1953 2284 1998 sumus

300 2022 416 2089 citare:
445 2029 573 2084 tantum
603 2018 644 2083 da
671 2039 801 2099 operam
830 2017 915 2100 apud
942 2017 1042 2082 bonos
1070 2038 1196 2092 ornnes,
1230 2026 1267 2080 ut
1319 2018 1406 2100 apud
1440 2019 1579 2101 Regiam
1607 2017 1691 2082 Cels.
1726 2017 1880 2084 Vestram
1918 2025 2048 2084 nostras
2080 2038 2193 2100 preces
2218 2039 2284 2084 non

299 2118 427 2173 nostros
451 2105 492 2169 ad
511 2115 659 2169 sanctum
681 2104 811 2168 illorum
833 2125 929 2168 usum
947 2104 1265 2167 ssrioexhortcntur.
1319 2123 1435 2186 parum
1464 2103 1615 2168 habuisse
1642 2105 1813 2168 momenti:
1850 2105 1958 2185 itaque
1988 2123 2077 2168 nuno
2109 2105 2207 2168 etiam
2244 2103 2285 2168 da

299 2193 376 2258 Huc
405 2191 491 2255 enim
522 2199 657 2252 ventum
686 2189 816 2254 videtur
844 2188 940 2273 (quod
969 2199 1078 2252 tamen
1108 2210 1174 2252 non
1197 2188 1267 2251 sinc
1319 2187 1520 2272 quorundam
1548 2189 1750 2271 privatorum
1777 2188 2007 2264 incolumitate,
2030 2189 2084 2269 qui
2109 2189 2228 2271 partim
2249 2189 2285 2254 in

300 2277 425 2362 gemitu
447 2273 600 2358 dixerim)
629 2283 666 2337 ut
694 2296 814 2356 magna
838 2282 1024 2340 nostrorum
1052 2295 1127 2356 pars
1156 2273 1268 2339 credat
1319 2275 1418 2338 variis
1440 2274 1534 2357 regni
1556 2275 1668 2338 Vestri
1692 2275 1778 2353 loeis,
1801 2274 1991 2358 praesertim
2005 2273 2230 2356 Gratianopoli
2252 2283 2286 2340 et

300 2383 371 2428 sese
393 2373 462 2425 tum
486 2359 616 2424 demum
638 2381 716 2423 vere
738 2381 877 2442 regnum
900 2359 1093 2423 Antichristi
1116 2360 1267 2436 evasisse,
1319 2360 1391 2424 aliis
1403 2359 1596 2424 Provinciae
1613 2359 1756 2437 urbibus,
1780 2361 1865 2441 capti
1884 2370 2046 2436 tenentur,
2069 2361 2188 2441 partim
2210 2381 2285 2424 eum

301 2450 329 2514 si
356 2468 430 2512 eum
456 2444 550 2509 bonis
578 2444 729 2508 ccclesiae
752 2443 867 2509 ludant
888 2465 946 2526 pro
974 2444 1082 2522 libito,
1117 2465 1177 2508 neo
1208 2445 1268 2507 ulli
1318 2447 1427 2528 parvis
1455 2445 1565 2509 liboris
1598 2447 1707 2508 miscri
1722 2451 1745 2518 ¹)
1772 2446 1975 2526 reliquerunt
2001 2465 2076 2509 siras
2103 2445 2225 2522 domos,
2253 2457 2286 2510 et

301 2532 492 2614 disciplinae
520 2531 654 2595 subsint
711 2529 741 2596 Ο
775 2531 941 2613 egregium
974 2529 1265 2596 christianismum!
1318 2531 1353 2594 in
1382 2551 1539 2596 cavernas
1567 2531 1681 2614 fugere
1709 2533 1809 2596 coacti
1833 2539 1918 2606 sunt,
1946 2541 2119 2612 propterca
2139 2530 2225 2612 quod
2246 2531 2285 2595 de

300 2617 355 2683 Da
374 2637 451 2700 ergo
478 2637 608 2697 operam
637 2623 675 2680 ut
701 2635 767 2680 non
794 2617 897 2680 solum
925 2637 999 2680 cum
1021 2617 1156 2698 papistis
1177 2616 1268 2680 vobis
1318 2616 1464 2682 doctrina
1485 2617 1663 2680 christiana
1683 2616 1771 2680 idem
1792 2617 1938 2680 sentiunt
1953 2615 2039 2697 quod
2057 2615 2210 2682 ecclesiae
2227 2637 2286 2682 no·

301 2703 469 2786 negotium
494 2703 545 2778 sit,
568 2700 623 2764 sod
645 2701 809 2766 intervos
837 2721 964 2783 qnoque
992 2711 1025 2764 et
1053 2723 1126 2766 cum
1149 2702 1267 2766 vestris
1319 2711 1406 2766 strae
1428 2703 1630 2784 profitentur,
1653 2701 1858 2766 scribendum
1881 2710 1914 2763 et
1936 2701 2021 2783 apud
2043 2702 2181 2785 Regiam
2201 2701 2284 2768 Cels.

301 2793 440 2853 tractate
469 2807 550 2870 quae
578 2787 613 2850 in
642 2807 713 2850 rem
741 2786 893 2852 ecelesiae
915 2786 1102 2869 Christique
1130 2787 1267 2870 gloriam
1319 2788 1471 2852 Vestram
1503 2787 1767 2852 intercedendum
1800 2785 1961 2852 duximus
2023 2787 2145 2869 Magno
2178 2786 2287 2852 dolore

301 2873 406 2938 facore
426 2878 570 2954 possunt,
593 2892 740 2954 quaeque
761 2872 890 2955 placare
912 2881 1049 2954 possunt
1070 2873 1266 2936 Dominum:
1319 2873 1494 2948 afficimur,
1529 2872 1616 2955 quod
1653 2893 1753 2954 quum
1786 2873 1901 2955 negari
1933 2893 1999 2936 non
2032 2871 2135 2953 possit
2166 2871 2287 2938 multos

300 2979 343 3024 na
361 2959 482 3041 ingrati
503 2958 642 3040 pessime
665 2977 842 3039 percamus.
893 2957 989 3022 Hanc
1018 2957 1268 3022 sollicitudinem
1318 2967 1444 3023 veteres
1473 2957 1592 3022 abusus
1621 2957 1755 3022 haerere
1781 2959 1816 3022 in
1844 2957 2002 3034 eeclesiis,
2030 2958 2076 3022 ita
2098 2967 2208 3023 tamen
2230 2979 2287 3024 ex·

300 3051 334 3110 et
355 3064 467 3109 curam
490 3042 647 3126 largiatur
674 3044 766 3108 nobis
794 3043 880 3108 filius
908 3043 970 3106 Dei
991 3043 1084 3106 Iesus
1107 3043 1266 3108 Christus.
1319 3045 1436 3108 arserit
1457 3043 1624 3108 iracundia
1645 3044 1774 3126 passim,
1797 3051 1834 3107 ut
1855 3051 1888 3107 at
1915 3043 2073 3108 salutares
2105 3045 2289 3108 sententias

300 3129 416 3194 Amen.
461 3127 522 3192 Ille
544 3137 577 3192 te
595 3147 668 3192 oum
688 3128 780 3193 bonis
797 3127 947 3192 omnibus
960 3127 1139 3192 diutissimo
1150 3139 1266 3193 servet.
1319 3130 1509 3206 obruantur,
1532 3137 1565 3192 et
1585 3147 1652 3192 non
1674 3129 1779 3193 solum
1802 3128 2089 3210 hominesprivati,
2113 3129 2289 3194 sedetiam

301 3211 368 3280 Sed
386 3235 427 3278 ne
445 3213 590 3297 graveris
608 3233 680 3278 mco
698 3214 829 3277 nomine
847 3212 988 3277 salutare
1012 3235 1123 3277 omncs
1140 3213 1266 3292 fratres,
1320 3223 1434 3296 gentes
1462 3223 1550 3278 totae
1585 3216 1717 3280 veniant
1749 3215 1782 3278 in
1816 3215 2005 3296 periculum.
2061 3213 2154 3294 Quae
2187 3235 2290 3296 quum

302 3299 495 3382 Philippum,
514 3299 679 3378 Baream,
704 3299 876 3376 Frecbtum,
901 3297 1114 3382 umalama
1137 3308 1170 3363 et
1192 3299 1267 3364 reli·
1320 3301 1483 3382 supplices
1514 3301 1597 3364 fiunt
1631 3300 1753 3383 Regiae
1796 3298 1881 3364 Cels.
1923 3298 2075 3376 Vestrae,
2121 3301 2290 3366 existimet·

301 3405 397 3470 qnos,
426 3393 460 3449 et
489 3393 596 3448 servet
617 3405 672 3448 eos
701 3405 813 3448 omnes
836 3383 969 3465 spiritus
991 3384 1116 3449 Christi
1137 3386 1173 3448 in
1195 3386 1267 3449 uni·
1320 3386 1425 3468 Regia
1457 3384 1541 3450 Cels.
1574 3383 1690 3449 Vestra
1721 3406 1787 3448 non
1820 3405 1877 3448 nos
1909 3382 2053 3462 tantum,
2085 3384 2143 3450 sed
2184 3386 2291 3468 ipsam

301 3477 378 3544 tate,
397 3469 649 3552 perseverantia,
668 3468 883 3550 simplicitate,
895 3469 1033 3533 veritate
1045 3479 1077 3532 et
1088 3469 1266 3534 tolerantia.
1320 3471 1486 3535 ecclesiam
1516 3469 1638 3534 Christi
1670 3471 1834 3551 lugentem
1862 3472 1965 3535 iacere
1997 3469 2037 3534 ad
2071 3469 2168 3550 pedes
2199 3491 2290 3536 sum-

302 3553 404 3619 Orate
425 3575 504 3618 vero
526 3574 639 3618 omnes
660 3575 718 3636 pro
736 3553 871 3618 ecelesia
887 3573 969 3635 quae
987 3555 1267 3632 eetConstantiae,
1320 3577 1448 3620 morum
1470 3577 1583 3640 regum
1606 3564 1639 3620 et
1659 3577 1753 3637 opem
1774 3555 1948 3637 implorare
1970 3578 2007 3622 ao
2020 3569 2144 3638 potere,
2168 3577 2210 3621 ne
2231 3556 2291 3622 lux

301 3647 339 3704 ut
366 3639 401 3703 in
430 3637 492 3702 fido
521 3645 651 3703 crescat.
703 3638 857 3704 Salutant
885 3647 993 3704 autem
1016 3647 1047 3704 tc
1075 3649 1108 3705 et
1128 3641 1268 3723 reliquos
1320 3643 1498 3707 exorientis
1530 3641 1690 3724 evangelii
1723 3642 1965 3724 exstinguatur,
2001 3651 2034 3705 et
2065 3649 2105 3706 ut
2134 3641 2291 3707 modestis

302 3723 528 3805 Ambosimss)
556 3735 589 3788 et
615 3723 731 3806 reliqui
753 3745 864 3788 omnes
883 3733 1091 3810 symmystae,
1115 3737 1267 3810 rogantes
1321 3728 1506 3792 hominibus
1534 3747 1571 3792 ac
1603 3727 1726 3791 Christi
1758 3727 1912 3791 membris
1947 3735 2106 3808 parcatur.
2159 3726 2292 3794 Scimus

303 3810 482 3876 Dominum
510 3815 642 3873 strenue
671 3819 708 3873 ut
735 3810 769 3874 in
800 3809 857 3874 illo
890 3810 1010 3892 optime
1042 3811 1202 3880 habeatis.
1236 3819 1269 3876 et
1321 3813 1380 3877 hos
1402 3814 1456 3896 qui
1479 3823 1609 3895 propter
1630 3813 1715 3894 piam
1738 3811 1916 3876 doctrinam
1939 3813 2067 3876 suntin
2085 3812 2168 3886 odio,
2191 3813 2292 3880 inter-

304 3895 467 3980 erangelii
485 3895 650 3977 negotium
668 3894 750 3960 bone
768 3894 927 3961 succedat.
959 3899 1073 3962 Amen.
1109 3899 1163 3962 Ex
1182 3897 1268 3962 Con·
1321 3899 1397 3962 dum
1419 3898 1629 3982 praegravari
1651 3897 1724 3962 aliis
1746 3897 1944 3976 criminibus,
1967 3917 2006 3961 aa
2024 3897 2086 3962 dici
2108 3898 2290 3964 seditiosos.

304 3983 434 4060 stantia,
459 3985 505 4044 12.
529 3981 609 4044 Maii
637 3985 725 4044 1541.
1324 3983 1469 4048 Vidimus
1480 3997 1588 4048 autem
1599 3983 1869 4066 confessioncm²)
1881 4003 2145 4048 aerumnosarum
2158 3983 2292 4049 illorum

1321 4071 1461 4134 oblatam
1489 4069 1608 4134 Curiae
1638 4069 1976 4149 Gratianopolitanae,
2006 4079 2039 4132 et
2059 4070 2292 4152 purgationem

1321 4156 1516 4220 obiectorum
1544 4155 1725 4220 criminum.
1776 4153 1886 4232 Quare
1913 4155 2018 4236 magis
2047 4153 2291 4236 deprecandum

1321 4261 1391 4305 esse
1417 4261 1476 4322 pro
1506 4242 1551 4305 eis
1580 4240 1740 4316 dommus,
1770 4240 1847 4322 quia
1868 4238 2035 4302 doctrinae
2056 4241 2215 4305 confessio
2238 4243 2294 4322 pia

319 4335 384 4416 Cli).
405 4338 427 4396 ll
446 4353 528 4404 aarum
545 4338 604 4404 ipss
621 4352 682 4390 ami
699 4337 836 4392 Blocwero
856 4338 1032 4394 Cormtcatioe
1048 4341 1207 4396 senatorem
1224 4343 1267 4396 ia·
1321 4337 1378 4398 est,
1402 4337 1435 4390 et
1456 4326 1543 4390 haud
1566 4325 1662 4390 dubio
1684 4345 1767 4407 pura
1794 4326 1956 4388 sententia
1981 4325 2158 4392 catholicae
2188 4327 2293 4392 ecole-

302 4404 469 4460 mundam
485 4411 631 4460 curaverat
650 4407 723 4460 1531.
760 4406 890 4473 (Prmtl,
908 4409 1036 4464 Blamer.
1056 4409 1115 4478 170,
1134 4409 1205 4476 547)
1321 4413 1386 4475 siae
1420 4411 1559 4488 Christi,
1599 4431 1697 4494 quum
1735 4418 1769 4473 et
1801 4431 1860 4474 nos
1893 4411 2089 4490 profitemur.
2145 4409 2294 4476 Oramus

304 4537 366 4606 M
385 4473 984 4664 ΜθῇθηαὲῠνοιτὲἷιξῆἵζέθᾲῐέΐῗΡθΜΜ
1011 4479 1133 4533 mim·
1174 4479 1267 4548 (0⁰'d
1321 4498 1422 4579 igitur
1458 4497 1595 4580 Regiam
1633 4495 1717 4562 Ccls.
1747 4495 1902 4573 Vestram,
1943 4504 1982 4558 ut
2016 4505 2087 4560 tum
2119 4505 2295 4578 captorum

351 4607 615 4744 4513)Bracrm⁸‚
634 4613 762 4667 (pugo,
810 4613 1129 4684 mmmmm
1149 4616 1270 4684 (pm
1320 4583 1460 4655 illorum,
1483 4589 1552 4646 tum
1576 4583 1721 4655 aliorum,
1745 4581 1770 4643 ei
1794 4580 1850 4661 qui
1872 4588 2005 4662 proptor
2022 4579 2150 4644 easdem
2174 4601 2294 4648 causas

300 4691 332 4745 p.
403 4719 408 4728 .

793 4117 885 4181 Tuus
907 4117 1048 4183 Ioannes
1071 4119 1181 4183 Zuick.

302 4257 490 4268 ———.---.
497 4259 503 4264 -

1341 4757 1389 4763 —-
1400 4757 1521 4764 ..0--0—

1338 4854 1399 4914 llll.
1419 4856 1447 4914 l)
1467 4871 1532 4907 avec
1558 4856 1629 4906 leurs
1655 4854 1810 4906 miserables
1838 4855 1939 4906 enfans.
1963 4883 1995 4892 -
2019 4855 2115 4922 Aaou
2140 4855 2174 4909 do
2203 4857 2294 4912 mirra

1321 4923 1486 5045 zeraam
1504 4921 1645 4976 Cabrierer
1662 4927 1687 4975 a
1704 4921 1851 4988 Mirindol,
1869 4921 1932 4977 aida
1948 4923 2024 4976 Hirr.
2042 4924 2095 4977 recl
2113 4923 2194 5004 1:³⁷·
2212 4925 2295 4982 Hiar

1355 4991 1513 5068 aucupa
1533 4991 1588 5043 141.
1624 4991 1724 5044 abac„
1740 4991 1758 5043 l.
1780 4991 1831 5045 VI.
1849 5006 1871 5044 c.
1892 4991 2296 5050 ι6.-1)οοωωιοκιιιηιι

1322 5075 1364 5128 φ’
1382 5075 1406 5112 ”’
1424 5059 1649 5186 iiidmliaaii.
1667 5127 1738 5196 sps.
1762 5128 1838 5194 1541,
1856 5128 2009 5198 uocaus
2028 5129 2096 5184 aas
2123 5129 2204 5186 moro
2229 5133 2296 5188 aas

1323 5195 1397 5250 daia
1414 5195 1487 5250 flia.
1514 5195 1572 5250 sect.
1600 5203 1625 5250 ct
1642 5197 1815 5268 Martyrum,
1838 5203 1865 5252 ct
1885 5215 1932 5267 op.
1958 5197 2061 5254 Caedes
2086 5198 2140 5253 IV.
2158 5215 2231 5268 app.
2252 5203 2297 5256 87.
