4888 5966
166 337 226 399 341
1007 345 1084 406 1541
1110 341 1312 410 NOVEMB.
2096 353 2158 414 342

165 549 224 613 pre
242 525 305 592 loci
324 533 357 588 et
374 526 528 608 temporis
550 527 705 608 qualitate
728 527 900 610 designare
922 549 1137 611 accusareque
1188 537 1239 592 tra
1256 529 1335 612 quid
1353 532 1547 613 exspectetis
1569 529 1696 612 etquid
1714 530 1808 596 vobis
1829 533 2041 600 metuendum
2064 537 2107 602 sit
2123 538 2159 604 in

167 613 305 694 denique
333 621 366 675 et
392 611 517 693 insequi
547 611 717 695 intrepide.
761 615 938 679 Possemus
959 635 1041 695 quae
1063 635 1136 696 pro·
1188 615 1351 697 praesenti
1373 617 1506 700 negotio
1519 617 1648 694 Forelli,
1672 617 1847 682 silueritis
1869 619 2010 700 insipidi,
2032 620 2158 704 impru-

165 699 334 783 posuimus
364 695 520 762 hactenus
548 708 803 764 commonstrare
830 701 1012 782 praeceptis
1039 709 1137 782 atque
1188 699 1302 765 dentes
1324 711 1357 766 et
1378 702 1500 786 ignavi.
1546 700 1605 768 Sal
1632 703 1809 768 acrimonia
1836 725 1897 768 sna
1926 715 2035 772 servat
2057 728 2077 772 a
2098 728 2159 790 pu·

167 783 326 866 exemplis
349 783 482 860 Christi,
512 783 744 866 prophetarum
767 793 800 848 et
822 785 1051 868 apostolorum,
1073 787 1137 849 nisi
1188 784 1315 850 tredine
1337 793 1371 852 et
1387 788 1604 870 corruptione.
1638 787 1708 854 Vos
1730 788 1841 870 itaque
1862 791 1991 871 pietate,
2012 793 2158 872 consilio,

167 870 327 936 sciremus
355 889 393 934 eo
422 869 533 932 labere
560 890 618 933 nos
648 869 733 952 apud
762 879 809 948 te,
837 892 947 934 rerum
969 891 1135 936 sacrarum
1188 871 1364 952 prudentia
1385 893 1423 938 ac
1444 871 1617 938 sedulitate
1644 881 1834 938 conservate
1858 875 2010 942 eeclesias
2032 886 2159 944 vestras

165 957 411 1040 peritissimum,
441 977 556 1038 aquam
581 955 729 1020 derivare
750 957 785 1019 in
808 977 974 1021 oceanum.
1021 955 1136 1022 Caete-
1188 963 1222 1021 et
1252 958 1439 1022 ministeria
1471 957 1698 1024 commendata
1730 980 1750 1024 a
1781 960 1933 1024 Domino.
1989 963 2158 1028 Luxatum

165 1063 239 1106 rum
263 1041 390 1106 vulneri
413 1042 535 1106 inflicto
563 1040 661 1104 iussit
687 1039 771 1105 idom
794 1041 848 1106 ille
877 1043 1032 1124 magister
1052 1045 1137 1106 vitae
1188 1063 1267 1106 vero
1289 1044 1351 1108 erit
1362 1044 1581 1108 ministerium
1599 1053 1745 1109 vestrum
1762 1045 1789 1110 si
1808 1057 1941 1129 prepter
1958 1047 2159 1128 parrhasium

165 1127 328 1191 medelam
356 1127 511 1191 adhibere
540 1125 662 1190 Christi
690 1128 861 1202 moritum,
890 1128 1075 1208 praeteritis
1104 1134 1138 1190 ct
1188 1128 1328 1210 pelletur
1355 1129 1519 1207 Farellus,
1547 1150 1653 1212 neque
1680 1152 1757 1194 vcro
1786 1142 1820 1195 et
1847 1132 2000 1196 ecelesiae
2029 1141 2159 1199 vestrae

166 1214 296 1278 reiectis
323 1213 475 1277 omnibns
509 1211 581 1276 aliis
615 1211 765 1276 medendi
798 1212 986 1276 rationibus.
1043 1213 1136 1292 Quae
1188 1213 1299 1278 salvae
1320 1235 1391 1278 csse
1412 1215 1559 1296 quibunt,
1580 1216 1650 1279 aine
1671 1215 1788 1286 idoneo
1809 1225 1842 1280 et
1863 1218 2002 1284 heroicis
2023 1219 2159 1284 faculta—

166 1298 298 1364 tamotsi
318 1299 582 1380 praesentissime
604 1298 647 1362 sit
669 1319 706 1362 ac
728 1299 969 1380 pretiosissima,
993 1299 1138 1362 exoritur
1188 1299 1275 1364 tibus
1304 1297 1422 1365 donato
1451 1321 1488 1365 ac
1515 1301 1635 1383 insigni
1665 1303 1815 1384 quopiam
1844 1303 2010 1382 ministro,
2041 1305 2096 1386 qui
2124 1306 2160 1368 in

166 1393 277 1451 tamen
300 1407 343 1450 ex
363 1386 433 1467 ipsa
454 1385 634 1448 ministerio
652 1395 685 1447 et
702 1385 860 1448 ministris
879 1385 969 1448 varia
991 1385 1137 1460 tentatio,
1188 1386 1270 1450 urbe
1303 1395 1412 1450 vestra
1440 1386 1595 1469 primaria
1622 1406 1733 1450 curam
1766 1399 1860 1470 gerat
1888 1397 1922 1454 et
1948 1388 2079 1454 urbicae
2109 1411 2160 1456 ec·

166 1471 276 1537 odium
298 1471 412 1534 mundi
435 1479 467 1534 at
488 1469 697 1552 persequutio
720 1471 838 1552 gravis.
883 1469 1054 1534 Praedixit
1077 1471 1137 1534 hoc
1189 1470 1306 1535 clasiae
1329 1479 1361 1534 et
1383 1473 1529 1536 omnium
1547 1471 1669 1554 pariter
1686 1471 1895 1538 ecelesiarum
1917 1485 2102 1540 vestrarum
2124 1475 2160 1540 in

166 1559 314 1623 futurum
336 1557 404 1638 ipsc
425 1555 589 1620 Dominus
612 1556 647 1618 in
670 1555 853 1638 evangelie,
882 1565 913 1619 et
942 1557 987 1619 ita
1016 1555 1137 1619 factum
1189 1575 1278 1638 agro.
1323 1555 1430 1636 Quem
1453 1565 1563 1622 autem
1584 1557 1768 1636 invenietis,
1795 1579 1924 1640 quaeso,
1949 1560 2075 1626 Farello
2097 1562 2160 1626 istc

167 1663 238 1710 cese
259 1645 455 1708 confirmant
477 1641 626 1722 exempla
649 1642 838 1724 apostolica,
867 1661 950 1722 quae
971 1655 1003 1705 te
1025 1663 1135 1706 conso·
1189 1651 1299 1706 nostro
1336 1642 1436 1719 (absit
1464 1643 1564 1707 verbo
1592 1641 1748 1726 invidiai)
1782 1643 1935 1708 idoneum
1969 1646 2017 1708 rei
2051 1655 2161 1712 tantae

165 1729 278 1794 lentur
299 1727 386 1792 haud
409 1727 519 1801 dubie,
548 1728 688 1807 siparia
715 1749 788 1792 eum
811 1727 890 1808 ipsis
912 1727 984 1790 odia
1006 1737 1138 1810 proptor
1188 1727 1317 1811 magia?
1363 1727 1509 1793 Forellas
1537 1729 1609 1810 pius
1638 1738 1704 1805 est,
1733 1739 1874 1804 sanctus,
1901 1731 2054 1812 prudens,
2077 1741 2161 1796 tem·

166 1817 339 1880 veritatem
361 1813 517 1890 sustines,
549 1813 694 1894 cogitans
720 1813 834 1894 utique
863 1812 948 1875 nihil
979 1813 1054 1876 novi
1077 1813 1138 1878 tibi
1189 1833 1316 1895 perans,
1340 1814 1441 1892 fortis,
1464 1813 1656 1896 intrepidus,
1680 1814 1884 1880 doctissimus
1909 1825 1942 1880 et
1964 1816 2160 1898 eloquentis·

167 1901 323 1966 obvenire
351 1921 370 1964 a
399 1899 549 1963 Domino.
602 1896 758 1977 Quinimo
788 1899 921 1980 spiritus
944 1897 1077 1962 Domini
1105 1909 1138 1962 et
1189 1899 1306 1964 simus:
1337 1898 1475 1982 denique
1497 1901 1620 1982 optima
1640 1921 1785 1982 quaeque
1814 1900 1912 1979 dona,
1942 1922 2024 1984 quae
2052 1903 2159 1986 requi-

168 1987 318 2068 exempla
346 1985 564 2066 apostolorum
592 1983 803 2064 pollicentur,
833 2005 887 2048 eos
916 1985 970 2065 qui
999 1981 1138 2048 ederunt
1190 1992 1310 2049 runtur
1337 2005 1357 2048 a
1383 1983 1468 2050 fideli
1503 1986 1670 2068 episcopo,
1704 1985 1814 2050 divina
1842 1987 1969 2052 bonitas
2001 1988 2036 2051 in
2069 1987 2159 2054 hunc

168 2069 342 2154 aliquando
364 2070 582 2134 infensissimo
609 2091 683 2132 mox
713 2078 880 2133 amaturos
903 2067 1136 2136 ardentissimo.
1191 2091 1291 2134 unum
1320 2068 1498 2135 transfudit
1526 2071 1760 2136 liberalissime.
1812 2071 1878 2136 Sed
1907 2082 1941 2136 et
1969 2073 2071 2137 multa
2101 2095 2160 2156 per

167 2157 260 2222 Nosti
284 2155 359 2240 quid
382 2177 444 2219 usu
467 2154 735 2219 veneritGalatis
757 2155 914 2232 etPaulo‚
937 2155 1014 2237 quid
1034 2156 1137 2220 Atha·
1190 2155 1327 2220 eandem
1356 2157 1420 2220 Dei
1448 2157 1589 2238 gratiam
1620 2157 1744 2222 diutino
1773 2179 1835 2222 usu
1868 2167 1901 2222 et
1929 2160 2160 2226 exercitatione

168 2243 260 2308 nasio
290 2251 322 2307 et
349 2241 596 2316 Alexandrinis,
627 2240 802 2322 multisque
829 2241 900 2306 aliis
929 2242 1138 2307 ecclesiarum
1190 2242 1282 2306 varia
1316 2241 1437 2318 didicit,
1471 2251 1639 2324 praeterea
1673 2263 1775 2306 senex
1810 2251 1859 2308 est
1896 2253 1929 2307 et
1962 2244 2159 2310 senescendo

168 2327 371 2412 praesidibus
400 2348 474 2392 cum
501 2328 567 2391 suis
596 2327 747 2391 eeclesiis.
791 2326 935 2390 Proinde
957 2349 1022 2390 non
1045 2337 1138 2410 puta·
1189 2327 1353 2408 permulta
1375 2327 1467 2392 vidit.
1513 2329 1622 2393 Huius
1643 2329 1826 2392 ministerio
1853 2331 1959 2412 prima
1987 2329 2072 2414 apud
2101 2350 2160 2396 vos

169 2436 243 2480 mus
260 2415 329 2490 tibi,
350 2413 450 2476 irater
467 2415 501 2476 in
513 2411 655 2476 Domino
674 2411 866 2480 venerando.
886 2411 926 2476 ob
944 2421 1137 2477 commotam
1190 2411 1374 2476 rudimenta
1390 2434 1426 2478 ac
1444 2413 1656 2478 fundamenta
1673 2414 1840 2496 religionis
1857 2436 1955 2478 verae
1972 2415 2056 2480 iacta
2074 2424 2159 2480 sunt.

168 2499 300 2565 turbam
322 2507 356 2562 et
377 2497 450 2571 odia.
471 2499 648 2561 multorum
677 2498 922 2578 relinquendam
945 2520 1015 2562 esse
1037 2499 1137 2562 coele·
1190 2499 1300 2562 Huius
1327 2499 1509 2563 ministerio
1537 2521 1615 2564 usus
1645 2509 1695 2564 est
1717 2501 1878 2564 Dominus
1906 2501 1946 2564 ad
1975 2523 2028 2565 res
2055 2503 2160 2566 maxi·

169 2587 260 2652 siam.
306 2583 485 2666 Speremus
514 2584 602 2648 enim
630 2593 794 2647 amaturos
822 2591 854 2646 te
884 2582 1057 2664 aliquando
1086 2605 1137 2647 so·
1190 2605 1277 2662 mas,
1306 2593 1339 2647 et
1360 2593 1493 2648 exstant
1521 2585 1640 2668 ubique
1668 2606 1765 2667 quam
1792 2586 1933 2666 plurima
1961 2587 2161 2668 apostolatus

167 2672 255 2736 brios
277 2671 333 2754 qui
353 2689 442 2734 nune
463 2669 632 2733 affectibus
653 2669 779 2750 abrepti
801 2677 833 2731 te
855 2669 928 2750 plus
950 2689 1047 2750 quem
1069 2669 1138 2733 Va·
1191 2669 1260 2733 eius
1283 2669 1414 2752 egregia
1444 2670 1639 2734 testimonia.
1693 2669 1857 2736 Sustinuit
1886 2672 1940 2735 ille
1970 2673 2161 2755 incorpore

167 2757 292 2821 tiniano
320 2755 392 2819 odio
422 2765 668 2838 persequuntur.
713 2755 889 2818 Praeterea
918 2755 1080 2818 Dominus
1102 2755 1137 2817 in
1190 2775 1248 2818 suo
1281 2756 1546 2836 persequutiones
1576 2777 1613 2820 ac
1646 2757 1782 2820 verbera
1813 2768 1946 2838 propter
1974 2758 2163 2823 Dominum.

167 2841 351 2926 evangelio:
375 2840 578 2923 Quicunque,
602 2841 655 2916 ait,
679 2862 744 2904 non
767 2841 930 2923 exceperit
951 2861 1009 2903 vos
1033 2861 1137 2922 neque
1189 2839 1421 2904 Perseveravit
1442 2839 1601 2904 haetenus
1628 2841 1663 2904 in
1686 2843 1821 2906 summis
1849 2843 2001 2924 perieulis
2022 2844 2163 2910 invictus

168 2927 310 2994 audierit
335 2949 499 2992 sermones
522 2937 655 3002 vestros,
686 2939 839 2990 exeuntes
863 2949 901 2988 or
926 2925 1057 2990 caulibus
1081 2934 1138 2989 aut
1190 2925 1224 2988 in
1266 2925 1437 3007 praeconio
1476 2939 1509 2988 et
1547 2927 1747 2991 consessione
1786 2929 1943 2993 veritatis.
1996 2929 2092 2994 Unde
2131 2935 2165 2996 et

168 3035 208 3080 ex
231 3013 363 3078 civitate
383 3013 440 3076 illa
457 3013 598 3078 excutite
616 3011 782 3092 pulverem
802 3011 920 3093 pedum
943 3019 1136 3074 vestrorum.
1189 3031 1310 3092 magna
1342 3017 1375 3073 et
1408 3010 1546 3074 illustris
1579 3021 1628 3074 est
1658 3011 1779 3076 Forelli
1807 3013 1893 3076 fama
1922 3035 1959 3076 ac
1993 3015 2097 3096 gloria
2126 3015 2162 3078 in

166 3100 257 3183 Ergo
285 3099 470 3182 quicunque
503 3097 672 3180 excipiunt
705 3107 738 3161 et
769 3097 905 3160 audiunt
938 3105 969 3160 te
999 3097 1138 3160 verbum
1191 3095 1322 3161 Christo
1344 3094 1431 3177 apud
1453 3097 1654 3172 Germanos,
1683 3097 1736 3176 qui
1760 3097 1821 3161 hoe
1849 3100 1981 3162 nomine
2003 3099 2162 3164 haetenus

167 3185 293 3252 Christi
322 3184 562 3266 praedicantem
590 3203 657 3246 non
680 3193 756 3246 sunt
777 3182 991 3263 relinquendi.
1036 3182 1139 3246 Venit
1188 3181 1459 3246 Neocomensiom
1490 3182 1658 3246 eeclesiam
1692 3181 1908 3248 iudicavimus
1942 3185 2162 3248 lelieissimam

167 3269 365 3337 Corinthum
397 3269 574 3351 apostolus,
613 3269 811 3350 praedicavit
843 3268 980 3332 verbum
1014 3267 1137 3344 salutis,
1190 3289 1269 3344 esse,
1292 3287 1374 3350 quae
1397 3290 1415 3332 a
1437 3267 1579 3332 Domino
1606 3275 1734 3331 tantum
1760 3270 1935 3350 accepisset
1962 3270 2160 3334 ministrum.

167 3355 224 3421 sed
243 3365 339 3420 crant
356 3357 410 3437 qui
433 3353 544 3418 audire
562 3364 746 3432 renuerent,
771 3366 865 3417 erant
887 3354 942 3434 qui
964 3375 1005 3416 ex
1029 3355 1137 3417 animo
1189 3354 1315 3418 Idcirco
1338 3375 1401 3418 non
1421 3354 1581 3435 oportebit
1602 3374 1669 3426 vos,
1694 3353 1857 3430 efratrea
1879 3354 1973 3418 facile
1991 3353 2162 3420 admittere

166 3442 304 3506 verbum
322 3441 483 3524 evangelii
501 3451 665 3523 cuperent,
685 3461 763 3522 quos
777 3441 970 3526 ¹neutiquam
989 3440 1050 3504 sihi
1069 3451 1138 3538 tyan-
1190 3449 1227 3503 ut
1247 3441 1298 3502 vir
1320 3451 1431 3502 tantus
1449 3448 1581 3522 praeter
1598 3439 1751 3502 meritum
1770 3453 1801 3502 et
1820 3439 1943 3504 indicta
1967 3461 2067 3504 causa
2094 3441 2162 3521 pel·

166 3533 219 3592 tus
237 3526 402 3609 apostolus
420 3526 614 3590 deserendos
632 3537 764 3608 propter
781 3525 1008 3606 insolentiores
1027 3527 1138 3590 relicta
1190 3525 1287 3589 latur.
1332 3523 1390 3588 Sal
1413 3526 1490 3588 estis
1521 3524 1729 3589 ecclesiarum
1753 3537 1953 3589 vestrarum:
1988 3525 2163 3608 prudentes

167 3613 247 3677 urbe
269 3613 404 3694 putavit.
454 3611 636 3676 Perdurato
665 3633 742 3692 ergo
771 3625 802 3674 et
831 3613 928 3674 tuin
957 3611 1138 3674 ministerio
1191 3632 1267 3692 ergo
1290 3617 1323 3672 et
1345 3623 1530 3674 constantes
1549 3619 1659 3685 estote,
1682 3619 1794 3676 curate
1816 3621 1852 3674 ut
1869 3611 2003 3676 valeant
2024 3611 2112 3694 leges
2130 3619 2164 3676 et

166 3707 240 3774 tuo,
270 3697 311 3761 ad
335 3697 419 3779 quod
447 3705 583 3762 vocatus
611 3719 654 3762 es.
699 3697 767 3762 Cra
790 3695 968 3760 Dominum
992 3705 1137 3760 autorem
1190 3697 1271 3759 iura.
1318 3696 1417 3776 Agite
1438 3695 1522 3777 qued
1546 3698 1585 3759 ab
1608 3696 1827 3778 apostolorum
1858 3697 2057 3778 temporibus
2079 3719 2164 3762 sem·

166 3793 200 3848 et
222 3793 401 3847 amatorem
423 3783 525 3864 pacis,
557 3793 594 3846 ut
622 3804 698 3848 oves
721 3792 793 3846 tuas
816 3783 877 3846 sibi
900 3781 1138 3862 aliquantulum
1190 3803 1249 3864 per
1260 3783 1327 3863 ogit
1339 3780 1462 3845 Christi
1478 3781 1620 3846 ecclesia.
1652 3781 1947 3865 Convoceturergo
1966 3781 2164 3866 synodusex

166 3879 295 3950 ereptas
318 3869 483 3946 restituat,
514 3877 551 3932 ut
578 3868 618 3931 ad
647 3867 731 3933 ovile
754 3867 904 3944 redeant,
934 3867 1138 3948 disciplinam
1191 3867 1381 3948 pastoribus,
1402 3867 1614 3944 senatoribus,
1633 3867 1776 3949 adeoque
1794 3889 1835 3932 cx
1851 3869 1922 3950 ipsa
1940 3869 2034 3950 plebe
2051 3868 2164 3950 optimi

167 3965 200 4018 et
226 3955 459 4019 correctionem
485 3975 549 4017 non
578 3955 715 4037 fugiant.
767 3954 902 4016 Interim
931 3973 1004 4016 cum
1036 3953 1138 4016 Paulo
1192 3952 1312 4034 quique
1334 3964 1368 4016 ct
1389 3952 1596 4017 sanctissimi.
1641 3953 1809 4018 Vocantur
1830 3963 1864 4018 et
1885 3953 2009 4018 Forelli
2030 3973 2161 4018 aecusa-

165 4039 201 4103 in
224 4061 338 4104 omnes
360 4049 391 4102 te
411 4041 531 4102 formas
553 4051 706 4104 converte
733 4051 770 4103 ut
792 4039 980 4102 aberrantes
1003 4038 1138 4102 reducas
1191 4047 1286 4102 tores.
1332 4037 1508 4114 Audiatur,
1542 4049 1756 4120 cognoscatur
1784 4050 1816 4102 ct
1845 4039 2035 4105 discutiatur
2062 4059 2162 4103 eausa

166 4126 202 4188 in
226 4127 311 4190 viam
335 4125 459 4189 salutis.
503 4125 604 4200 Haec,
627 4127 769 4206 inquam,
793 4135 825 4187 et
841 4123 893 4188 his
911 4124 1030 4186 similia
1052 4125 1136 4188 exis·
1191 4123 1441 4207 diligentissime
1474 4144 1510 4188 ac
1538 4123 1717 4188 iustissime
1749 4125 2011 4206 nequissimaque.
2063 4121 2161 4202 Quod

166 4211 322 4274 timeum
354 4211 403 4274 tai
436 4231 505 4274 esse
534 4211 647 4288 officii,
681 4230 700 4273 o
729 4225 840 4292 pastor
869 4210 963 4274 boae:
998 4230 1080 4290 quae
1109 4209 1137 4273 si
1190 4209 1319 4291 siquid
1342 4208 2158 4291 deprehensumfucritaFarelloessepeecatum,

166 4317 296 4360 summa
316 4295 381 4360 fide
403 4305 437 4359 ct
456 4295 632 4379 diligentia,
655 4295 813 4379 religione
835 4307 868 4357 et
889 4294 1061 4376 prudentia
1079 4315 1136 4357 ex·
1190 4317 1265 4379 ege,
1299 4315 1459 4358 memores
1498 4301 1599 4358 estete
1630 4295 1802 4359 verborum
1839 4293 1973 4377 apostoli
2008 4293 2159 4359 dicentis:

166 4391 323 4464 sequutus
355 4381 472 4456 fueris,
506 4381 588 4446 nihil
622 4379 807 4446 dubitamus
840 4379 1013 4458 Satanam,
1049 4401 1136 4445 nunc
1190 4381 1358 4446 Adversus
1392 4379 1618 4464 presbyterum
1653 4381 1887 4445 accusationem
1916 4399 1957 4443 nc
1990 4378 2160 4444 admiseris

166 4465 317 4532 nonnihil
333 4467 600 4548 triumphantem,
624 4467 883 4550 prostratumiri,
907 4467 1136 4549 captivumque
1190 4467 1252 4530 nisi
1275 4466 1335 4529 sub
1357 4463 1482 4530 duobus
1504 4475 1562 4529 aut
1587 4465 1693 4530 tribus
1715 4466 1866 4530 testibus:
1896 4486 1950 4528 cos
1973 4473 2082 4529 autem
2105 4465 2160 4547 qui

166 4575 255 4618 nuno
277 4551 384 4616 denuo
406 4551 531 4617 Christi
558 4554 679 4617 virtute
708 4573 765 4634 per
793 4560 824 4614 ta
852 4551 1036 4616 ducendum
1058 4553 1135 4616 fore.
1188 4567 1322 4633 peccant
1343 4571 1451 4615 coram
1474 4551 1625 4616 omnibus
1647 4571 1747 4634 argue
1765 4561 1802 4614 ut
1819 4559 1852 4613 et
1873 4551 1990 4615 caeteri
2010 4551 2160 4616 timorem

166 4637 206 4702 Id
228 4638 314 4721 quod
336 4637 396 4702 tibi
417 4638 572 4703 concedat
593 4639 746 4704 Christus
768 4638 879 4702 victor.
926 4639 1042 4702 Amen.
1189 4637 1340 4702 habeant.
1386 4635 1483 4717 Quod
1511 4637 1539 4700 si
1569 4637 1650 4700 nihil
1679 4636 1824 4718 peccavit
1848 4635 2010 4715 Ferellus,
2031 4657 2074 4701 ne
2103 4635 2160 4700 ad·

253 4723 306 4788 Ad
329 4745 387 4788 vos
409 4733 528 4801 autem,
559 4725 716 4788 ofratres
739 4729 956 4806 symmystae,
990 4733 1137 4804 pastores
1189 4723 1328 4787 mittatis
1356 4729 1394 4786 ut
1420 4743 1460 4787 ex
1484 4722 1634 4798 ecelesia,
1663 4743 1745 4804 quae
1767 4743 1885 4786 nomen
1908 4721 2033 4786 Christi
2054 4720 2160 4786 adhuc

168 4829 204 4874 ac
232 4807 474 4892 praedicatores
502 4810 665 4892 evangelii
698 4809 756 4874 filii
782 4807 861 4884 Dei,
894 4827 952 4890 per
985 4809 1137 4874 ecclesias
1189 4811 1360 4873 confitetur
1382 4815 1414 4872 et
1442 4809 1477 4872 in
1505 4829 1569 4890 qua
1590 4809 1663 4870 iura
1685 4827 1721 4872 ac
1743 4806 1832 4890 leges
1854 4807 1962 4872 valere
1984 4805 2090 4872 adhue
2111 4807 2160 4872 vi-

166 4896 257 4961 urbis
279 4903 312 4961 et
333 4895 404 4978 agri
426 4896 494 4960 aive
522 4895 695 4960 comitatus
716 4895 880 4972 Neocomi,
903 4894 972 4975 ipse
994 4895 1138 4960 salvator
1189 4894 1259 4958 deri
1281 4893 1405 4972 volunt,
1428 4894 1584 4959 eiiciatur.
1619 4892 1750 4974 Alioqui
1768 4893 1854 4957 enim
1877 4893 2000 4958 factum
2018 4893 2078 4958 hoe
2097 4892 2161 4956 im-

166 4989 278 5046 noster
294 4982 328 5045 in
347 4980 518 5064 evangelio
535 4980 633 5045 dixit:
656 4981 725 5045 Vos
747 4981 825 5045 estis
844 4979 891 5044 sal
909 4987 1031 5056 terrae;
1052 4979 1137 5063 quod
1188 4979 1417 5063 probissimum
1438 4979 1563 5044 malum
1591 4978 1777 5060 exemplum
1808 4979 1896 5044 dabit
1917 4976 2066 5043 omnibus
2088 4977 2161 5044 aliis

167 5067 196 5132 si
217 5067 267 5131 sal
287 5067 469 5132 infatuatus
491 5067 590 5131 fuerit
611 5086 675 5149 quo
694 5064 850 5130 salietur?
881 5063 922 5129 ed
944 5065 1028 5129 nihil
1050 5065 1137 5130 valet
1189 5066 1341 5132 ecelesiis.
1387 5063 1454 5130 Sed
1477 5073 1510 5129 et
1531 5063 1642 5128 hostes
1664 5065 1768 5129 nostri
1789 5066 1935 5148 papistae
1958 5063 2161 5128 damnabunt

166 5151 253 5216 ultra
273 5153 338 5218 nisi
360 5159 400 5216 ut
421 5152 611 5234 proiiciatur
631 5153 717 5217 ieras
739 5158 772 5216 et
791 5151 998 5217 conculcetur
1016 5152 1056 5216 ab
1078 5151 1136 5215 he·
1188 5153 1274 5217 hanc
1306 5150 1477 5216 levitatem
1509 5168 1606 5234 quam
1639 5149 1702 5232 ipsi
1733 5171 1900 5234 nunquam
1939 5147 2160 5216 admitterent.

167 5239 315 5305 minibus.
360 5237 549 5322 Intelligitis
577 5259 636 5321 pro
663 5235 844 5303 eruditione
866 5245 899 5302 et
921 5239 1041 5321 pietate
1062 5257 1136 5302 ves-
1188 5238 1260 5301 Iam
1289 5244 1323 5301 et
1343 5241 1436 5302 tanta
1458 5235 1620 5300 iniustitia
1641 5245 1675 5300 et
1699 5235 1796 5302 libido
1819 5235 1959 5302 infirmis
1980 5235 2161 5320 quibusque

1900 5335 1958 5390 ῃ*
