4888 5966
193 306 254 370 253
1095 307 1173 369 1541
1198 297 1288 368 IUL.
2123 312 2186 375 ‘ret

194 493 277 574 (4³2⁰
328 492 402 562 paon
414 509 468 546 ¹¹0³
479 499 577 549 exsut
605 493 718 562 tepens
734 494 967 575 nan3110nvittaei
985 491 1165 574 decapenta
1217 490 1402 576 contulisse,
1424 491 1580 558 maiorem
1599 503 1726 577 partem
1744 497 1896 578 insanire,
1914 518 1979 564 non
1997 496 2093 562 medo
2109 517 2186 564 cen·

192 561 262 642 sibl.
306 577 384 615 ⁰³⁸⁹·
403 559 467 614 ⁰⁰³·
480 561 552 626 ¹¹¹⁸·
570 562 616 644 sql.
633 561 658 615 2.
693 563 856 618 B⁰⁰⁰¹¹l¹⁰f⁸
873 561 1028 633 apographa
1045 577 1164 631 ’ΨΜ
1217 585 1268 640 tra
1289 597 1358 656 nos,
1381 577 1438 642 sed
1460 579 1559 643 etiam
1580 587 1695 644 eontra
1718 579 1883 647 Caesarem
1903 585 1961 666 qui
1981 589 2108 648 tantam
2126 603 2187 648 no-

192 629 257 684 sord.
276 628 342 684 ⁰⁰⁶·
361 629 425 696 ω’
448 629 575 770 mallii),
588 631 914 766 ¹ginffissl'vffff2bfpp'
938 631 968 685 Τ·
988 628 1165 699 11111398
1216 663 1265 727 bis
1287 661 1526 729 humanitatem
1548 665 1725 731 exhiberet.
1770 664 1838 732 Sed
1859 669 2023 733 Dominus
2052 669 2108 734 illo
2136 670 2187 734 fu-

1216 767 1290 812 rore
1312 747 1466 812 abutetur
1486 757 1525 813 ut
1545 748 1621 816 boui
1643 751 1824 817 reddantur
1845 753 1938 818 nobis
1961 755 2136 837 aequiores.

277 833 403 920 Scripsi
432 835 491 903 tibi
518 857 577 921 per
606 835 815 904 Fortunatam
827 837 851 924 ¹)
879 837 1010 921 gallice,
1044 836 1163 918 partim
1300 834 1429 898 Nomen
1449 833 1660 910 Weadelioi⁶)
1683 845 1722 902 ut
1742 839 1775 902 in
1794 845 1866 922 tuto
1888 841 1938 915 sit,
1962 841 2052 904 omni
2069 839 2186 917 studio,

154 989 157 996 ,
192 921 268 1004 quis
290 921 449 988 eiusmodi
475 922 643 1006 negotium
671 923 852 990 tractabam
874 931 913 988 ut
938 923 1049 988 literas
1069 943 1163 1004 opor·
1215 939 1302 996 cura,
1325 918 1486 985 industria
1507 921 1667 988 contende
1684 931 1717 989 et
1734 925 1833 988 effice.
1867 925 1936 990 Res
1956 927 2015 990 tibi
2037 946 2102 990 non
2125 926 2188 990 erit

191 1013 275 1072 teret
304 1008 345 1074 iis
382 1008 622 1074 communicare
649 1009 704 1090 qui
730 1009 831 1074 latine
863 1029 930 1072 non
964 1008 1162 1092 intelligunt,
1215 1005 1366 1078 difficilis,
1388 1027 1488 1088 quum
1510 1007 1682 1074 habiturus
1704 1009 1749 1073 sis
1771 1019 1922 1074 senatum
1945 1013 2024 1076 setis
2045 1032 2186 1094 propen-

190 1093 311 1175 partim
339 1093 416 1176 quia
445 1115 487 1159 ex
515 1093 598 1160 lecto
626 1093 788 1160 dictabam
821 1115 881 1160 nec
913 1093 995 1158 mibi
1025 1105 1096 1158 erat
1129 1094 1162 1156 in
1215 1111 1297 1156 sum.
1342 1089 1481 1156 Summa
1502 1101 1554 1158 est
1575 1098 1616 1156 48
1638 1095 1845 1159 florenorum.
1899 1096 1998 1161 Mitto
2020 1097 2091 1162 eius
2114 1097 2187 1161 lite-

190 1185 344 1262 promptu
377 1180 586 1246 amanuensis
614 1181 669 1264 qui
704 1180 802 1246 aliam
835 1181 982 1264 linguam
1013 1180 1163 1261 excipere
1214 1197 1268 1241 ras
1295 1176 1383 1241 undo
1412 1178 1586 1244 convincas
1614 1180 1723 1261 ipsum
1754 1201 1825 1246 esse
1854 1181 2033 1248 Weadrliaa
2053 1182 2187 1248 obaera-

189 1275 299 1346 posset
320 1285 417 1346 quem
439 1265 598 1348 gallicum.
633 1264 784 1345 Quatuor
804 1266 872 1330 fere
895 1265 983 1330 horis
1005 1277 1077 1350 post
1094 1263 1162 1330 abi·
1214 1269 1293 1327 tum.
1337 1263 1404 1327 Eas
1427 1262 1599 1346 diligenter
1620 1265 1776 1332 servabis.
1823 1267 1887 1332 Ubi
1914 1269 2079 1334 monueris
2107 1267 2185 1351 quid

190 1359 261 1414 turn
284 1348 454 1416 Fortunali
472 1352 565 1416 venit
586 1349 781 1428 Alexander,
809 1371 906 1434 quem
936 1351 1026 1416 misit
1047 1349 1087 1415 ad
1110 1370 1163 1414 me
1214 1368 1294 1430 opus
1313 1348 1365 1428 sit,
1387 1349 1505 1414 melius
1524 1359 1558 1414 te
1578 1349 1789 1417 instruemus.
1840 1352 1905 1418 His
1929 1354 2033 1419 literis
2058 1353 2187 1420 Soneio

190 1433 332 1500 Ioannes
361 1435 524 1502 Girardas
555 1447 595 1501 ut
621 1443 709 1502 certo
743 1435 921 1504 indicarem
949 1435 1026 1520 quid
1053 1443 1161 1501 ectum
1214 1444 1247 1498 et
1268 1433 1385 1524 Ioanni
1410 1433 1549 1500 Girardo
1571 1437 1759 1518 respondeo.
1810 1438 1924 1521 Neque
1955 1441 2042 1504 enim
2070 1459 2186 1522 operae

190 1521 233 1586 sit
253 1521 289 1584 in
318 1542 417 1586 eausa
445 1523 593 1588 fratrum.
644 1520 770 1605 Scripsi
798 1533 908 1588 autem
935 1521 976 1587 ad
999 1521 1162 1588 Farellam
1213 1521 1354 1601 pretium
1383 1529 1434 1585 est
1460 1519 1573 1586 eadem
1602 1523 1732 1605 saepius
1759 1531 1915 1606 repetere.
1959 1525 2043 1590 Vale
2064 1527 2186 1608 optime

190 1604 276 1690 quod
296 1607 444 1688 preferre
471 1607 570 1674 licuit.
614 1607 701 1674 Nam
730 1609 904 1676 secretiora
932 1609 1065 1673 consilia
1087 1628 1161 1690 pre·
1213 1612 1246 1669 et
1267 1605 1479 1689 integerrime
1500 1607 1610 1672 frater.
1656 1610 1869 1692 Argentorati
1897 1611 2044 1675 salutii
2071 1616 2161 1675 1541.

190 1711 279 1756 mere
302 1713 408 1775 cogor,
430 1715 550 1778 magno
572 1716 644 1758 meo
663 1714 738 1760 cum
761 1693 879 1758 dolore.
925 1695 976 1758 De
998 1693 1162 1777 legatione

189 1777 300 1843 minus
323 1777 489 1856 contendi,
519 1779 595 1862 quie
621 1779 764 1845 sciebam
790 1800 844 1844 me
874 1801 940 1844 non
968 1779 1162 1862 impetratu·

189 1883 272 1928 rum.
319 1863 369 1928 Ne
397 1863 510 1930 literae
539 1863 669 1948 quidem
698 1865 793 1930 datae
820 1875 899 1930 sunt
931 1863 1043 1948 quales
1074 1863 1162 1928 vole-

189 1947 273 2012 bam.
284 1950 314 2028 ²)
358 1947 551 2032 Quanquam
588 1973 659 2017 meo
693 1965 826 2034 rogatu,
859 1959 1031 2036 postquam
1062 1949 1163 2016 allata

190 2054 273 2117 quae
286 2033 435 2102 Farellas
452 2036 594 2114 miserat,
613 2036 736 2121 aliquid
754 2035 958 2102 addiderunt.
992 2035 1161 2120 Siquidem

188 2117 286 2184 biduo
308 2128 393 2198 ente,
416 2121 602 2187 admonitus
621 2121 798 2207 Maeonia)
820 2123 933 2198 literis,
956 2121 1160 2188 obtinueram

188 2214 228 2269 ut
258 2204 462 2272 scriberetur.
512 2207 666 2274 Correota
693 2207 794 2292 igitur
820 2208 970 2274 nonnihil
996 2217 1046 2273 est
1072 2209 1161 2291 prior
1661 2241 1727 2310 335

187 2287 247 2356 illa
256 2291 396 2356 formula
411 2302 485 2375 post
504 2301 671 2376 acceptum
691 2294 868 2359 secundum
885 2295 1051 2360 nuncium.
1085 2293 1161 2358 Duo
1728 2289 1738 2312 ’

189 2375 296 2458 capita
317 2378 459 2443 inserta:
482 2381 693 2446 confessionis
711 2381 953 2464 quaeAquensi
975 2381 1083 2445 curiae
1104 2378 1159 2444 ob
1458 2377 1703 2445 FREOH'PUS
1726 2377 1942 2446 OALVINO.

187 2461 255 2526 lata
274 2462 383 2528 fuerat
399 2463 598 2548 approbatio,
621 2473 655 2529 et
672 2465 857 2550 deprecatio
877 2485 920 2530 ne
941 2466 1090 2531 abiurare
1107 2486 1160 2530 eo·

189 2555 354 2630 gerentur.
387 2547 558 2616 Nihildum
581 2550 622 2615 ad
644 2551 718 2616 illas
739 2551 851 2618 literas
874 2559 945 2616 erat
965 2571 1161 2634 responsum
1299 2548 1497 2616 Commendat
1526 2553 1555 2615 sl
1578 2551 1702 2616 casales
1725 2549 1836 2616 Gallos
1864 2553 1899 2616 ia
1921 2555 2064 2650 petriam
2085 2573 2185 2619 rever-

188 2653 290 2716 qunm
312 2633 453 2700 discessi.
497 2637 622 2702 Verum
645 2637 769 2720 siquid
792 2635 1161 2702 affereturhabeoillic
1211 2639 1312 2699 testes
1346 2635 1563 2700 &amanium
1583 2636 1858 2702 Ratisbaaeasium
1879 2639 2051 2704 clodianae
2072 2659 2184 2704 memo-

187 2719 247 2801 qui
267 2720 350 2784 mihi
372 2721 483 2785 statim
505 2722 635 2788 scribat.
668 2721 799 2789 (iurabo
821 2731 858 2787 ut
874 2743 935 2788 neo
957 2721 1160 2804 diligentiam
1210 2721 1295 2784 mam
1315 2721 1430 2798 recolit,
1453 2719 1637 2787 Baceriaea
1659 2721 1813 2802 quaedam
1834 2728 1863 2786 al
1890 2723 2184 2792 Meloaallboaiano

187 2825 251 2870 nec
282 2805 380 2870 fidem
413 2828 517 2872 meam
551 2807 736 2874 desiderent
766 2809 813 2891 pii
841 2809 968 2874 fratres.
1019 2807 1159 2872 Interim
1210 2805 1272 2870 sabi
1292 2807 1440 2872 mittenda
1462 2806 1628 2889 signifieat.

187 2889 320 2956 hortare
345 2892 433 2974 ipses
456 2896 546 2960 utin
567 2893 678 2960 Deum
702 2916 807 2960 unum
835 2894 1025 2978 respiciant,
1054 2913 1159 2976 neque

188 2997 209 3040 a
225 2975 348 3041 mundo
369 2985 427 3044 aut
447 2999 546 3046 earne
568 2981 725 3047 auxilium
748 2987 952 3062 exspectent,
979 2979 1013 3044 id
1035 2987 1099 3058 est,
1123 2987 1160 3044 ut
1332 2977 1386 3043 (ΕΧ
1404 2976 1572 3046 anmgnpho
1590 2976 1659 3030 Btbt.
1678 2976 1778 3032 flam
1797 2979 1861 3033 (3οᾶ-
1881 2977 1939 3046 109,
1957 2980 2002 3034 sol·
2020 2979 2057 3046 6.)

188 3080 226 3126 eo
249 3061 316 3126 selo
338 3064 459 3130 auxilio
476 3068 621 3133 contenti
644 3068 709 3132 sint
730 3065 815 3150 quod
837 3066 1000 3132 Dominus
1022 3063 1157 3132 dederit.

186 3144 228 3212 Si
262 3147 343 3213 velit
375 3159 412 3214 ut
445 3153 485 3217 ab
520 3151 707 3219 hominibus
741 3152 950 3230 deserantur,
990 3153 1090 3218 etiam
1122 3151 1158 3216 in

187 3253 317 3332 Summa
349 3234 573 3339 dfflperallmle
605 3237 646 3306 ab
677 3239 748 3323 iP⁵⁰
777 3238 950 3322 pendeant·
973 3325 979 3338 .
1001 3235 1054 3304 De
1085 3258 1159 3302 “¹0⁰
1211 3269 1466 3352 Argentineneis
1488 3268 1643 3336 ecclesiae
1666 3267 1789 3334 doctori
1810 3267 1941 3335 demine
1964 3275 1997 3336 et
2014 3269 2109 3334 fratri
2125 3290 2184 3336 suo

186 3327 273 3386 istnc
301 3321 446 3388 adventu
481 3325 566 3390 nrhsl
597 3347 729 3408 possum
761 3345 906 3390 asserere
938 3323 1027 3389 ahud
1059 3344 1158 3406 quem

187 3405 276 3490 quod
298 3428 426 3491 semper
448 3409 525 3476 dixi.
571 3409 608 3478 Si
632 3410 776 3477 Bacsraa
797 3409 889 3475 brevi
912 3409 1055 3490 redierit,
1084 3430 1158 3494 per·
1211 3353 1395 3421 venerando
1844 3438 2053 3526 strasspurg

187 3492 319 3558 traham
342 3515 416 3559 eum
434 3517 568 3562 mecum.
615 3497 817 3581 Magnopere
845 3496 934 3562 enirn
962 3495 1099 3560 interest
1122 3503 1159 3560 ut

186 3597 316 3644 meeum
344 3581 463 3646 veniat.
514 3581 577 3647 Sin
603 3583 702 3650 nimis
728 3581 785 3648 diu
811 3591 969 3662 moretur,
1000 3603 1042 3648 ex
1070 3590 1103 3648 te
1125 3588 1159 3646 et
1296 3578 1446 3645 Salutem
1475 3578 1510 3642 in
1530 3576 1682 3656 Domino,
1716 3575 1843 3645 Calvino
1864 3577 1966 3644 frater
1988 3575 2182 3644 venerande.

189 3661 316 3730 Forello
338 3667 511 3733 consilium
537 3669 671 3750 capiam.
715 3669 788 3735 Hoc
809 3669 914 3734 scribo
936 3675 975 3732 nt
1001 3668 1084 3733 scias
1105 3688 1158 3732 me
1210 3665 1249 3732 Si
1271 3665 1381 3732 salvus
1403 3662 1536 3728 domum
1558 3662 1688 3730 rediens
1710 3665 1785 3728 istic
1807 3664 1898 3730 salva
1919 3683 2068 3749 quaeque
2090 3685 2183 3748 repe-

188 3771 256 3815 non
279 3751 519 3836 tergiversandi
540 3755 648 3820 anime
675 3763 785 3837 petere
813 3763 851 3819 ut
872 3755 958 3819 diem
980 3752 1061 3818 mihi
1083 3775 1157 3838 pro·
1210 3753 1297 3830 risti,
1326 3747 1483 3832 estquod
1512 3749 1657 3834 gaudens
1686 3749 1894 3832 congratulor
1916 3750 1985 3814 tibi.
2029 3749 2097 3814 Nos
2118 3749 2184 3814 Dei

188 3836 319 3920 rogetis.
363 3837 506 3904 Onusam
535 3849 643 3906 autem
666 3861 731 3906 nen
753 3861 869 3923 parum
895 3839 1107 3922 promovebit,
1130 3837 1159 3902 si
1210 3837 1317 3922 gretia
1336 3835 1390 3901 hic
1412 3834 1561 3900 valemus
1582 3835 1684 3900 itaut
1704 3856 1814 3902 eoram
1836 3834 1958 3902 vidisti.
2002 3835 2074 3900 Nisi
2097 3833 2183 3918 quod

188 3929 291 3986 totam
314 3924 473 3990 actionem
498 3925 587 3991 inter
613 3926 693 3992 dues
723 3927 820 3992 urbes
847 3925 941 3991 nobis
969 3923 1158 4008 perscribas,
1210 3925 1336 3988 interea
1356 3921 1423 3986 tuis
1444 3920 1542 3984 etiam
1565 3921 1730 3986 caruimus
1752 3919 1873 4000 literis,
1901 3920 1936 3985 id
1965 3918 2051 4003 quod
2071 3919 2183 3984 velere

188 4029 255 4072 non
281 4015 318 4072 ut
346 4017 502 4092 petronus
529 4011 662 4076 alterius
691 4011 795 4095 partis
823 4011 880 4077 sed
905 4019 943 4075 ut
975 4009 1158 4076 historicus.
1211 4017 1360 4075 nostrum
1391 4005 1543 4071 nonnihil
1570 4015 1694 4089 gravam
1744 4005 1889 4072 Bararus
1914 4015 2028 4072 noster
2056 4003 2183 4070 alulit

187 4093 242 4158 De
265 4095 403 4162 comitiis
424 4095 589 4182 intelliges
616 4119 658 4163 ex
684 4099 766 4164 meis
792 4097 833 4162 ad
856 4095 1019 4162 Farellam
1045 4095 1159 4172 literis,
1212 4094 1253 4159 ad
1274 4113 1327 4159 me
1349 4091 1407 4159 sed
1428 4091 1572 4158 laconico
1593 4094 1671 4158 satis
1688 4092 1827 4175 scripsit,
1850 4101 1889 4156 ut
1910 4091 1963 4158 cui
1984 4091 2122 4154 nimium
2140 4091 2184 4156 sit

188 4200 269 4262 quas
288 4187 394 4247 tearum
416 4182 497 4248 iussi
520 4183 765 4249 communicare.
810 4181 892 4248 Heri
920 4182 1028 4264 accepi
1050 4203 1070 4246 a
1091 4180 1159 4246 Bu·
1211 4180 1417 4264 negotiorum
1438 4184 1472 4242 et
1499 4174 1685 4242 turbarum:
1719 4176 1792 4242 heri
1820 4176 1967 4242 emnium
1988 4175 2183 4242 brevissime

187 4285 257 4332 aero
277 4267 397 4346 literne,
406 4269 435 4350 ⁴)
463 4267 580 4352 quibus
608 4269 772 4354 signifieat
792 4267 826 4332 id
853 4265 938 4350 qued
960 4288 1089 4352 semper
1110 4265 1159 4331 di·
1212 4287 1288 4332 cum
1313 4264 1401 4330 hisee
1428 4259 1585 4328 iratribus
1613 4263 1782 4329 exsulibus
1796 4266 1819 4339 ¹)
1848 4261 1991 4344 scripsit,
2020 4261 2183 4360 pollicitus

187 4351 390 4432 vinaveram,
412 4361 539 4420 nostros
562 4355 684 4419 auxilia
705 4375 825 4439 negare
845 4351 984 4434 Caesari,
1006 4353 1071 4419 nisi
1093 4374 1159 4436 pax
1211 4359 1321 4418 tamen
1339 4372 1373 4415 se
1392 4348 1484 4414 brevi
1500 4350 1758 4431 perscripturum
1775 4347 1886 4447 adme
1903 4347 1982 4412 satis
1999 4345 2182 4448 diligenter,

188 4437 251 4502 sibi
287 4441 548 4505 constitueretur.
603 4440 718 4524 Itaque
754 4437 918 4507 Caesarem
950 4438 1084 4506 rediisse
1117 4439 1159 4505 ad
1210 4437 1404 4520 praesertim
1432 4433 1472 4499 de
1500 4433 1647 4500 articulis
1673 4433 1851 4500 concilratrs
1881 4443 1915 4498 et
1942 4453 2008 4498 non
2030 4433 2182 4500 eoncrlra-

188 4523 331 4606 prierem
363 4525 650 4591 consultationem:
687 4525 891 4592 adversarios
923 4525 973 4590 bis
1003 4527 1091 4590 inter
1123 4547 1159 4592 se
1210 4524 1261 4588 tis.
1274 4521 1302 4608 ²)
1334 4523 1435 4586 Ferte
1456 4519 1517 4586 heo
1539 4541 1629 4587 nunc
1647 4519 1688 4584 ad
1708 4541 1765 4584 ves
1787 4539 1863 4584 oum
1885 4517 2002 4583 harum
2024 4517 2181 4584 latoribus

1670 1745 1811 1811 Ioannes
1833 1746 1992 1815 Calvinus
2015 1755 2098 1814 tuus.

1296 3182 1439 3267 Egregie
1460 3182 1514 3266 pio
1537 3181 1630 3250 docto
1652 3189 1686 3248 et
1701 3183 1830 3266 integro
1848 3183 1920 3248 viro
1937 3183 1979 3248 D.
1998 3183 2025 3250 I.
2044 3183 2184 3250 Calvino

296 4699 360 4706 ..Ψ
1183 4703 1187 4735 Ι
1218 4699 1316 4705 ᾖ,
1334 4697 1395 4704 ..-

210 4813 277 4875 835,
294 4816 323 4878 1)
341 4815 380 4868 N.
400 4813 450 4868 135
466 4821 522 4870 aot.
540 4815 564 4869 3.
1313 4810 1343 4876 5)
1363 4809 1490 4864 Ribela'as
1508 4809 1634 4864 (leaenae
1656 4809 1705 4862 aaa
1722 4807 1802 4862 aliter
1819 4822 1854 4860 ae
1870 4808 1934 4861 utils
1956 4807 2107 4875 implicitas
2124 4821 2181 4860 esse

290 4887 320 4953 2)
338 4883 381 4950 Os.
399 4885 439 4940 N.
457 4885 506 4938 321
524 4890 581 4940 sat.
598 4883 623 4939 3.
1207 4881 1309 4951 pectit,
1334 4895 1369 4934 ac
1384 4879 1463 4933 labris
1481 4878 1592 4933 Celsius·
1614 4877 1776 4944 bibliopolae
1798 4877 1846 4929 aa'
1883 4893 1909 4930 m
1933 4875 2086 4931 Gemeessi
2109 4891 2179 4929 aom-

291 4955 321 5018 3)
339 4953 472 5008 Fortasse
488 4954 534 5008 tie
550 4953 679 5008 habesue
698 4960 809 5023 poetam
826 4954 895 5008 satia
913 4953 1017 5007 ᾱαιιιιιι
1035 4952 1094 5005 eius
1112 4967 1157 5006 ae-
1210 4951 1312 5017 ms'ssr's,
1330 4949 1379 5017 qai
1396 4965 1424 5002 se
1441 4947 1512 5002 male
1528 4947 1614 5014 fialam
1623 4946 1768 5000 debitorem
1782 4945 1953 5014 praestabat.
1982 4944 2107 4999 centem
2124 4955 2181 4998 aaa

188 5024 263 5086 tatia,
281 5024 396 5080 Salmas
412 5023 529 5078 Moerin
550 5023 583 5077 de
600 5022 738 5090 cosas,
764 5021 855 5077 Fabri
878 5021 1052 5092 stapulensis
1074 5020 1157 5074 alisci-
1210 5021 1347 5075 ιιιιιιιιιιιι.
1582 5085 1588 5097 ι
1997 5081 2003 5094 ⁵
2128 5081 2134 5094 ι

186 5092 295 5162 palona
309 5097 517 5163 praeceptores
532 5093 653 5160 filioram
669 5089 774 5146 Renati
791 5091 932 5160 Sabaadi,
957 5095 982 5145 et
1003 5091 1159 5158 retormatis
1233 5089 1298 5149 uto.
1316 5089 1344 5155 1)
1362 5087 1411 5166 qai
1433 5101 1496 5154 erqo
1518 5083 1700 5166 &masam
1722 5089 1854 5138 emerant
1876 5099 1910 5138 aa
1928 5081 2021 5136 aaa
2043 5079 2181 5136 eamcam

189 5163 332 5285 [mentesa.
339 5163 539 5299 &abaciam
555 5161 715 5216 oemrrebat
733 5159 771 5215 Ν.
789 5159 849 5214 3ι1.
1210 5158 1396 5292 {marm
1412 5159 1576 5277 θ1ιι1ῃ11ωιιιωι
1589 5157 1714 5220 pamm
1731 5151 1866 5206 redebeat.
