4910 5974
1066 333 1145 394 1542
1167 327 1275 394 ΑΗΘ.

632 511 706 584 tlt.

429 661 660 742 SAOHINUS
683 673 900 742 OALVINO.

262 843 388 912 Odoiai
409 843 525 911 laudea
573 845 705 912 Gratiae
726 847 791 929 opit
812 847 850 912 de
870 847 966 914 miem
985 847 1147 928 minato,

172 951 313 1108 werre
334 951 403 998 aare
430 931 515 1012 capit
530 929 699 1012 attalanae
715 951 819 998 emam
837 933 906 998 etas
925 932 1147 1015 familiaritate

335 1187 389 1256 (ux
407 1186 574 1256 autographo
592 1187 656 1242 cod.
674 1188 774 1242 Gener.
795 1187 851 1254 112,
869 1189 913 1242 t'ol.
934 1189 987 1256 11.)

260 1376 302 1440 D.
325 1374 443 1441 Ioanni
464 1375 605 1440 Calvino
627 1377 720 1442 fratri
743 1385 777 1442 et
797 1379 900 1444 amieo
907 1377 1090 1530 Ssinlgiulari.

934 1485 972 1530 aa
1010 1485 1059 1529 ns.

258 1622 298 1690 Si
314 1643 469 1708 magnam
486 1623 659 1706 aliquando
676 1645 717 1688 ex
735 1623 813 1690 ullis
831 1625 1008 1690 amisorum
1029 1625 1143 1703 literis,

172 1729 214 1776 ex
237 1710 303 1776 tuia
325 1708 377 1775 vel
394 1711 572 1774 maximam
593 1710 664 1792 oapi
683 1709 898 1792 voluptatem:
922 1731 1025 1793 neque
1042 1731 1143 1792 quan·

172 1805 244 1860 tum
265 1815 326 1878 ego
348 1795 500 1862 existimo
522 1794 554 1858 id
578 1795 636 1860 abs
652 1817 697 1874 re,
727 1804 839 1878 utpote
861 1816 919 1878 per
940 1817 1021 1878 quae
1041 1795 1143 1862 felioi-

171 1880 242 1958 bus,
275 1889 315 1944 ιιι
335 1901 439 1963 spero,
471 1879 624 1962 auspioiis
650 1902 703 1946 me
731 1880 816 1945 nihil
841 1881 906 1946 tale
927 1882 1080 1946 meritum
1102 1881 1144 1946 ad

172 1965 350 2034 amicitiam
371 1973 439 2032 tam
457 1965 643 2032 humaniter
659 1966 789 2043 invitas,
811 1966 969 2049 adquam
990 1988 1069 2032 eane
1090 1987 1144 2032 me

171 2053 237 2118 iam
259 2051 337 2117 olim
366 2051 603 2118 ardentissimis
631 2052 715 2118 votis
744 2051 904 2134 aspirasse
932 2061 1033 2118 testes
1061 2049 1144 2116 mihi

172 2145 249 2203 sunt
270 2157 368 2221 quam
390 2137 538 2220 plurimi:
568 2135 666 2220 idque
696 2157 796 2220 quum
818 2137 1010 2202 eruditionis
1032 2137 1142 2202 multi-

170 2223 268 2308 iugae
296 2223 437 2298 nomino,
464 2243 562 2305 quam
584 2222 620 2286 in
648 2229 691 2303 te,
721 2231 759 2288 ut
784 2243 844 2305 par
866 2237 925 2300 eat,
954 2223 1048 2288 uniee
1070 2243 1143 2288 sum

170 2329 299 2392 semper
325 2308 549 2386 exosaulatue,
579 2317 648 2373 tum
678 2329 756 2374 vero
782 2307 886 2372 multa
914 2309 1029 2392 magis,
1057 2309 1143 2392 quod

169 2393 309 2478 gloriam
337 2393 410 2472 Dei,
443 2401 539 2476 atque
570 2393 679 2476 ipsum
708 2393 788 2460 adeo
818 2391 943 2460 Ohristi
975 2394 1142 2477 negotium

168 2481 295 2546 sineere
312 2500 350 2545 ao
367 2477 540 2562 diligenter
556 2499 747 2561 promovere
768 2489 800 2544 te
817 2478 1009 2562 intelligam.
1043 2479 1144 2544 Ferit

167 2565 332 2632 Dominus
353 2565 445 2630 Deua
466 2573 503 2630 ut
523 2562 609 2647 quod
630 2564 766 2630 felioiter
787 2565 822 2629 in
846 2571 878 2630 te
895 2564 1001 2646 eoepit
1022 2563 1142 2630 leliois·

166 2652 252 2718 simo
275 2650 368 2716 exitu
388 2657 529 2716 eoronet.
574 2648 672 2731 Quod
693 2659 812 2726 antem,
842 2649 1009 2716 aerissime
1030 2649 1141 2727 frater,

164 2737 298 2821 piorum
319 2735 491 2800 hominum
513 2735 656 2801 sermoni
677 2735 828 2801 nonnihil
846 2734 1004 2812 deferens,
1027 2733 1068 2798 de
1089 2755 1142 2800 me

164 2821 367 2906 praeclarius
384 2821 494 2896 sentis,
517 2820 552 2884 in
594 2829 668 2886 ntes
686 2841 744 2903 per
755 2819 925 2886 Ohriatum
943 2819 1000 2884 tihi
1019 2819 1142 2904 gratias

165 2927 247 3060 tl
264 2905 457 3058 lbet}
474 2904 1058 3074 aetbelbertum
1079 2905 1141 3056 ll:

163 3098 282 3163 parem
303 3077 401 3160 plane
428 3097 612 3161 agnoseam,
640 3076 697 3144 sed
724 3075 810 3160 quod
837 3096 876 3141 ea
897 3075 1028 3141 demum
1049 3096 1141 3142 oeen-

164 3165 259 3230 siona
282 3162 496 3230 obristianum
518 3162 568 3228 tui
590 3163 691 3228 animi
713 3161 885 3228 eandorem
907 3160 1045 3227 habeam
1067 3183 1140 3244 per-

163 3257 331 3334 spectum,
358 3250 415 3331 qui
437 3271 477 3314 ex
499 3249 640 3332 egregiis
667 3249 734 3314 suis
761 3247 890 3314 dotibus
911 3247 1050 3312 aliorum
1071 3267 1140 3314 ms-

163 3337 270 3402 tiatur
291 3334 439 3400 virtutes.
487 3333 582 3400 Adde
609 3334 696 3417 quod
724 3333 804 3400 haee
826 3331 915 3398 haud
936 3329 1141 3415 aspernanda

163 3420 299 3505 quidem
327 3419 411 3486 mibi
439 3419 568 3486 videtur
596 3419 790 3486 adhortandi
818 3419 910 3498 ratio,
940 3438 1038 3501 quam
1061 3439 1141 3484 sans

2107 337 2171 400 426

1200 515 1361 580 maximas
1380 536 1553 597 possumus
1575 535 1617 581 ex
1634 517 1744 582 auimo
1761 519 1885 602 gratias
1903 519 2068 586 habemus.
2102 519 2171 602 Qui

1199 598 1295 666 basae
1312 601 1436 684 perfert
1452 599 1565 666 multis
1582 601 1770 668 nominibus
1787 603 1954 668 hominem
1972 603 2065 672 nobis
2081 626 2170 672 oom-

1199 686 1375 765 meudavit,
1403 685 1500 768 idque
1528 695 1685 770 qnantum
1715 687 1864 773 intelligo
1891 711 1958 754 non
1981 691 2169 771 exauditu,

1198 779 1237 836 ut
1263 793 1360 855 quem
1388 769 1553 855 praeditet
1579 793 1614 840 se
1641 773 1775 856 propius
1801 773 1921 840 habere
1947 785 2168 858 perspectum:

1197 857 1305 939 itaque
1326 857 1403 924 huie
1424 879 1495 923 rem
1522 865 1624 924 totam
1645 859 1875 926 commisimus.
1918 859 1986 926 Det
2006 861 2170 928 Dominus

1198 950 1235 1006 ιιι
1256 941 1283 1007 is
1302 943 1394 1008 uobis
1411 943 1456 1006 sit
1473 951 1540 1008 tam
1558 941 1757 1022 commodus,
1778 965 1874 1028 quam
1895 967 1955 1011 nos
1976 947 2007 1012 ei
2024 947 2169 1014 vieissim

1197 1028 1267 1108 apti
1284 1027 1395 1092 simne.
1428 1027 1519 1092 Nihil
1537 1039 1692 1112 superest,
1713 1031 1814 1095 irater
1835 1031 1870 1096 in
1891 1029 2033 1096 Domino
2055 1054 2169 1098 aman·

1198 1111 1334 1192 tissime,
1357 1114 1420 1178 nisi
1442 1113 1612 1180 Ohristum
1633 1113 1813 1180 Dominum
1834 1137 1875 1180 ex
1897 1117 2007 1182 animo
2029 1138 2168 1197 oremus,

1198 1205 1236 1262 ut
1257 1199 1357 1266 saeris
1379 1199 1429 1264 sni
1451 1199 1586 1282 spiritus
1604 1199 1733 1266 dotibus
1749 1201 1969 1268 ministerium
1986 1209 2083 1268 tuum
2099 1224 2168 1270 ma·

1198 1284 1250 1366 gis
1271 1305 1309 1350 ao
1330 1283 1435 1368 magis
1456 1282 1560 1350 indies
1581 1285 1746 1351 illustrare
1767 1293 1893 1371 pergat,
1917 1287 1950 1352 in
1972 1309 2035 1371 quo
2057 1297 2090 1353 te
2112 1310 2168 1354 aa·

1198 1369 1252 1450 pio
1275 1369 1392 1436 valere.
1437 1367 1569 1436 Salutat
1595 1379 1628 1436 te
1649 1371 1743 1438 unioe
1770 1371 1872 1438 frater
1896 1393 2004 1438 meus:
2032 1383 2069 1439 tu
2091 1396 2168 1442 vero

1197 1475 1277 1520 eura
1294 1463 1334 1520 ut
1344 1477 1403 1520 noa
1418 1456 1566 1538 precibus
1584 1457 1650 1523 tuis
1660 1455 1804 1524 Domino
1820 1457 1941 1542 iugiter
1951 1459 2168 1526 oommendes.

1198 1539 1297 1605 Domi
1324 1545 1369 1606 12.
1394 1543 1478 1626 Ang.
1506 1545 1595 1606 1542.

1418 1677 1509 1742 Tuus
1531 1677 1564 1742 in
1588 1677 1719 1744 Christo
1741 1679 1833 1744 (llam
1859 1680 1909 1746 De
1931 1679 2080 1747 Saehins.
2099 1685 2124 1766 ¹)

1639 2238 1713 2309 415.

1414 2375 1709 2444 PDLLIOANUS
1732 2376 1950 2444 GALVINO.

1283 2542 1481 2610 Commendat
1505 2545 1642 2612 &eliam
1665 2548 1829 2614 Deianora
1857 2548 1894 2614 ab
1922 2547 2097 2634 religionen
2125 2571 2164 2616 aa

1195 2629 1295 2695 Italia
1311 2631 1493 2714 presagum.

1333 2800 1390 2864 (ιιι
1407 2807 1510 2870 autogr
1529 2802 1598 2856 aiut.
1616 2801 1716 2858 aanor.
1735 2803 1800 2864 osu.
1820 2803 1940 2874 110,r01.
1959 2803 2015 2874 ιι.)

1193 2987 1346 3054 Piissimo
1372 2987 1522 3072 theologo
1542 2988 1589 3053 Io.
1613 2989 1751 3056 Oalvino
1779 2992 1934 3058 eeclesiae
1956 2993 2163 3063 Genevensis

1192 3074 1313 3156 pastori
1331 3072 1527 3140 fidelissimo.
1561 3073 1602 3138 In
1621 3073 1753 3141 Ohristo
1770 3077 1965 3143 amicissimo
1983 3080 2077 3144 fratri
2094 3103 2161 3148 suo.

1277 3243 1425 3311 Salutem
1446 3245 1483 3308 in
1506 3243 1644 3309 Domino
1665 3244 1835 3312 salvatore.
1872 3248 1967 3313 Nihil
1988 3251 2162 3333 optabilius

1193 3329 1391 3396 audiendum
1412 3331 1521 3406 nobis,
1549 3331 1743 3396 amieissime
1771 3333 1886 3413 irater,
1916 3355 2014 3418 quam
2036 3336 2065 3401 si
2085 3359 2161 3403 oum

1192 3415 1328 3482 eoolesia
1354 3425 1467 3482 saneta
1488 3414 1553 3481 Dei
1580 3417 1633 3482 eui
1662 3419 1765 3483 serris
1793 3427 1905 3484 sanate
1933 3420 2043 3486 valeas
2066 3421 2162 3488 etad

162 3503 304 3592 perinde
315 3527 353 3574 ae
364 3503 531 3570 eommode
546 3505 638 3570 nobis
655 3503 815 3572 adieotutn
833 3503 1002 3570 stimulum
1014 3503 1139 3570 lubenti
1192 3503 1255 3566 Dei
1274 3501 1411 3586 gloriam
1429 3503 1589 3584 profiaias‚
1612 3503 1710 3585 inque
1728 3503 1867 3570 salutem
1885 3506 2068 3571 animarum
2086 3529 2162 3574 oum

162 3593 278 3657 animo
307 3591 544 3674 ampleotimnr.
595 3590 703 3671 Quam
735 3612 812 3656 vero
842 3609 994 3672 euperem
1021 3589 1065 3672 (si
1093 3590 1141 3654 ita
1191 3607 1270 3670 paee
1291 3595 1326 3651 et
1342 3589 1526 3653 oonstantia
1543 3595 1664 3654 saneta
1698 3588 1766 3654 Nos
1788 3599 1898 3654 nostro
1915 3609 2006 3656 more
2019 3593 2161 3659 Domino

159 3677 312 3744 Domino
331 3675 510 3752 videretur)
533 3677 633 3742 saeris
650 3676 723 3742 istis
741 3677 899 3742 interesse
916 3673 1139 3752 eonventihus,
1191 3671 1292 3737 adiuti
1310 3673 1522 3754 persistimus,
1544 3693 1680 3756 aorpore
1697 3675 1884 3752 imbeeilles,
1903 3677 1927 3760 ¹)
1944 3689 2101 3759 quantum
2120 3680 2162 3746 ad

162 3765 200 3828 in
229 3762 348 3846 quibus
375 3761 480 3828 arebri
509 3761 549 3826 de
577 3760 673 3827 rebus
700 3761 820 3827 divinis
849 3761 934 3826 serio
962 3761 1140 3826 mieoentur
1191 3779 1245 3822 me
1264 3759 1381 3822 attinet
1401 3767 1435 3822 et
1458 3758 1650 3824 Theodoram
1663 3761 1692 3840 ²)
1720 3767 1885 3826 nostrum:
1915 3761 1972 3828 sed
2000 3773 2033 3828 et
2060 3765 2162 3830 Leone

162 3868 345 3926 sermones,
368 3847 514 3912 hamana
535 3847 767 3928 oonquiesonnt
787 3847 923 3922 somnia,
944 3844 1001 3910 ubi
1022 3845 1139 3911 oaritas
1191 3851 1302 3908 nostro
1326 3844 1445 3908 emisso
1470 3851 1671 3926 naturaeque
1689 3865 1839 3912 oonoesso
1857 3857 1891 3912 et
1907 3847 1995 3914 ritae
2015 3849 2159 3916 felieiori

161 3933 395 4001 aemulationis
415 3934 526 4000 nesoia
547 3933 682 3998 mirifioe
710 3953 786 3998 suas
807 3932 929 3998 exserit
949 3932 1052 4010 vires,
1081 3929 1139 3996 ubi
1191 3926 1282 4008 Quin
1304 3937 1337 3993 et
1359 3927 1533 4012 aliquando
1546 3927 1753 4011 Balliaperas
1770 3929 1908 3998 debilem
1930 3953 1965 3998 se
1986 3937 2160 4017 experitur.

161 4019 309 4102 denique
337 4039 405 4084 non
432 4027 536 4086 teotus
564 4038 602 4083 aa
628 4017 763 4097 lacerus,
796 4015 854 4082 sed
881 4024 1015 4099 apertus
1042 4023 1139 4098 atque
1190 4011 1315 4079 Omnes
1342 4023 1452 4078 tamen
1480 4015 1516 4077 in
1543 4013 1606 4080 fide
1635 4025 1669 4079 et
1696 4016 1832 4082 caritate
1858 4018 2026 4098 firmiores,
2055 4023 2161 4104 gratia

160 4109 298 4189 integer
324 4103 433 4186 prodit
453 4104 616 4170 Christus.
660 4104 774 4168 Potior
802 4111 890 4168 aerte
911 4101 980 4166 dies
1006 4123 1075 4167 nna
1102 4101 1139 4166 in
1191 4097 1264 4164 Dei.
1308 4099 1472 4164 Mittimus
1505 4107 1613 4164 autem
1645 4101 1770 4182 pariter
1803 4103 1932 4168 cantati
1964 4111 2040 4168 tuae
2071 4105 2160 4173 huno

161 4193 262 4258 atriis
285 4189 428 4268 Domini,
458 4209 557 4272 quam
579 4188 668 4253 mille
689 4190 766 4254 anni
788 4188 840 4252 vel
863 4189 898 4252 in
924 4187 1004 4271 ipsis
1024 4187 1139 4271 impio·
1192 4185 1331 4250 eximiae
1353 4185 1545 4250 eruditionis
1572 4193 1605 4248 et
1632 4185 1762 4268 pietatis
1783 4188 1891 4252 virum
1905 4191 1933 4264 ⁸)
1956 4187 1997 4254 ob
2019 4187 2160 4275 evange·

158 4297 240 4344 rum
262 4275 402 4360 palatiis.

1207 4407 1273 4468 lu.
1292 4407 1317 4474 1)
1339 4405 1406 4475 Quia
1429 4407 1473 4460 hia
1491 4405 1576 4472 faerit
1599 4412 1623 4460 a
1645 4407 1756 4460 eliaam
1779 4413 1914 4462 arraraa
1931 4410 2038 4480 emant,
2062 4413 2093 4466 id
2110 4415 2161 4470 tibi

1188 4491 1241 4544 pro
1267 4482 1382 4543 tempore
1407 4475 1516 4528 auden
1538 4490 1591 4529 aaa
1614 4489 1767 4544 mammae,
1793 4491 1886 4544 nempe
1911 4478 1970 4546 apri
1993 4479 2156 4548 ι’ριιοιιιιιιιι.

1193 4543 1291 4598 Plures
1306 4543 1423 4598 dandam
1441 4543 1518 4608 infra
1535 4541 1754 4612 inruptione.

254 4618 322 4686 Sed
350 4619 434 4683 sorte
462 4637 533 4682 sese
559 4615 731 4699 aliquando
752 4617 866 4680 offeret
891 4624 1020 4698 tempus
1046 4613 1137 4691 illud,
1206 4611 1479 4694 41ι.1)Νιιυια.
1505 4609 1573 4664 1478
1594 4613 1648 4664 iam
1673 4614 1850 4682 aeaapeaarr'a
1866 4614 1956 4667 maiar
1972 4623 2031 4670 aar
2053 4623 2078 4671 a
2098 4619 2157 4684 sm

158 4727 230 4792 quo
261 4705 353 4781 mihi,
386 4703 446 4768 etsi
479 4723 566 4767 nuno
600 4703 721 4767 aretine
753 4701 888 4778 irretito,
922 4700 999 4764 olim
1029 4707 1138 4764 tamen
1190 4695 1280 4734 ’Μ’
1297 4697 1327 4733 ”⁸
1344 4687 1419 4734 ΜΨ
1439 4678 1667 4743 Rssfoemtmm·

157 4793 272 4860 libero
298 4787 408 4857 lioebit
436 4787 575 4856 evolare.
620 4787 758 4852 Interim
786 4785 891 4870 quoad
919 4785 1050 4868 spiritus
1079 4785 1138 4849 hos
1187 4832 1243 4886 w·
1263 4817 1299 4870 Π
1319 4859 1325 4873 .
1342 4815 1401 4870 839,
1438 4817 1555 4884 Bm„
1581 4816 1645 4872 Vll.
1664 4813 1706 4870 ω,

156 4883 261 4964 reget
283 4883 383 4952 artus,
405 4895 463 4957 pro
485 4873 572 4938 virili
589 4871 737 4938 dabimus
754 4893 894 4956 operam,
918 4879 956 4936 ut
973 4889 1011 4936 ea
1027 4889 1138 4935 neees-
1290 4884 1316 4952 3)
1338 4885 1454 4941 Caelina
1474 4883 1626 4940 &ramam
1649 4885 1790 4939 aenaeae
1814 4881 1960 4938 olrietrea
1981 4887 2154 4948 Petram.

156 4959 287 5040 situdo,
315 4981 398 5043 qnae
420 4959 553 5026 Ohristo
580 4960 711 5041 auspioe
740 4959 827 5023 inter
849 4980 907 5024 uos
933 4955 1068 5022 feliaiter
1089 4965 1139 5022 est
1188 4971 1261 5036 aaa,
1283 4955 1321 5036 aa·
1337 4957 1414 5009 eatae
1434 4955 1504 5036 sele
1520 4953 1595 5035 Μ
1611 4953 1642 5006 d·
1704 4956 1760 5006 aaut
1786 4951 1815 5006 0.
1836 4951 2000 5035 saerata
2017 4965 2155 5043 miae„

157 5052 261 5127 inita,
285 5047 391 5111 maius
408 5043 512 5110 indies
530 5045 666 5127 accipiat
687 5045 931 5110 incrementum.
963 5041 1137 5108 Caeterum
1186 5019 2154 5166 ἔπ’ωπᾱῘῂἱέἕηὲεῑῗηῗὲθίθῗθὲοὼιᾳὲῄ’,ἪἭβῃ

157 5132 254 5221 quod
277 5131 414 5229 adeum
438 5129 564 5229 attinet,
587 5125 1137 5228 quemnobis(quaeqttuaestbu-
1191 5157 1218 5216 0
1231 5159 1260 5216 0,
1277 5161 1342 5224 maa,
1361 5159 1426 5214 Pa„
1446 5157 1526 5225 1357,
1547 5157 1733 5226 3„·,„„,·y,·,„
1753 5155 1819 5212 αα
1839 5155 2023 5216 „gemm
2041 5163 2153 5226 Am

154 5213 605 5303 manitas),d1bgennaura
621 5223 809 5280 ministrum
828 5223 1017 5298 exquisustr,
1039 5233 1137 5298 quam
1186 5229 1223 5284 lit.
1245 5225 1326 5284 XIV.
1364 5223 1705 5292 materiatarum.
1729 5223 1981 5284 teretissant

307 4412 330 4466 0
348 4413 451 4464 utinam
469 4427 512 4464 me
530 4426 609 4479 posse
627 4410 679 4462 frui
696 4409 762 4462 dent
779 4411 889 4463 numina
906 4410 990 4463 tantis

306 4481 424 4546 Divitiis,
443 4495 510 4548 quas
527 4479 616 4548 ampla
633 4483 732 4546 aequat
749 4493 804 4532 non
821 4479 899 4547 eopia
916 4495 1017 4546 regum.

1290 4747 1319 4871 22
1337 4749 1539 4816 Bibliaadrum,
1557 4749 1611 4802 iata
1629 4755 1655 4802 at
1669 4749 1759 4814 ipram
1776 4763 1870 4814 mnam,
1888 4749 1921 4802 de
1938 4766 1990 4818 aaa
2007 4768 2030 4806 a.
2046 4753 2156 4810 Hm.
