4942 5982
272 305 315 368 99
1044 293 1307 362 ΕΡΙΒΤΟῙιΔΕ
1329 296 1498 358 247-250
2213 296 2274 357 100

271 499 369 559 tuere
398 499 433 556 et
463 489 655 555 confirmare
687 507 815 554 summo
848 484 955 552 stadio
988 503 1121 568 oporam
1154 481 1247 561 detis,
1272 489 1275 536 Ι
1298 452 1479 566 integrum:
1508 491 1566 548 aut
1591 482 1775 566 oportuisse
1802 480 1884 546 illud
1918 482 1952 546 in
1987 478 2121 546 dubium
2155 481 2274 559 vocari,

271 579 402 644 lucram
430 575 576 659 putaturi
607 571 779 657 quidquid,
812 577 851 638 ut
878 572 940 636 ista
968 577 1037 634 tam
1066 568 1249 635 necessaria
1299 568 1427 634 edamsi
1450 567 1612 632 nihildum
1630 577 1717 634 esset
1737 566 1913 634 decretum.
1957 566 2048 650 Ergo
2065 565 2106 630 ad
2128 567 2191 632 iter
2213 587 2275 632 nos

274 659 952 740 concordinvobisconserveturetperstet,
965 651 1246 732 dissimulandum,
1299 654 1513 737 accingimus:
1537 663 1704 719 utentem
1726 654 1891 737 praesenti
1918 651 2071 718 eeclesiae
2099 652 2187 716 illius
2215 671 2273 716 ae-
2394 699 2397 706 .

273 746 461 826 ferendam,
501 744 744 811 concedendam
784 744 840 820 sit,
881 741 971 808 salvo
1002 748 1113 805 tamen
1146 760 1248 823 regno
1299 739 1444 806 cessitati
1466 750 1683 817 succurratur,
1706 760 1804 821 quam
1826 738 1980 804 nolumus
2007 759 2078 804 csse
2099 737 2272 816 desertam,

275 833 416 900 Ohristi:
444 853 634 915 quanquam
660 851 728 896 non
758 828 957 902 dabitemus,
986 826 1079 892 facile
1107 825 1249 891 obtineri
1299 833 1435 890 censent
1459 824 1564 890 modis
1598 826 1749 890 omnibus
1784 847 1822 890 eo
1856 823 2087 890 accersendum
2126 823 2273 902 Viretum,

273 940 377 1004 posse,
396 917 727 1000 utnihilimponatur
744 915 892 996 iniquum
910 919 968 978 aut
984 911 1130 988 noxium,
1152 909 1248 976 modo
1299 911 1432 975 interim
1462 910 1540 976 dam
1570 911 1634 975 alia
1665 911 1836 977 vocatione
1869 908 2048 974 distrahor:
2078 909 2135 974 abi
2168 908 2273 974 redie-

275 1006 377 1070 animi
398 1025 464 1068 non
485 1003 721 1068 exacerbantur
738 1008 771 1066 et
787 1021 868 1066 veru
887 998 1032 1064 remedia
1049 1005 1248 1080 quaerantur
1300 997 1404 1062 rimus
1425 1018 1491 1062 non
1513 1005 1674 1076 recusant,
1697 997 1775 1079 quin
1797 996 1875 1062 illuc
1897 995 2037 1060 redeam.
2072 993 2274 1076 Quinetiam

275 1097 372 1173 atque
394 1087 619 1154 adhibeantur.
663 1088 756 1153 Bene
778 1086 884 1152 valete
905 1086 940 1150 in
963 1083 1105 1162 Christo,
1136 1082 1249 1165 quiet
1300 1081 1444 1147 Baccarus
1471 1103 1507 1148 sc
1534 1103 1662 1148 meeum
1690 1093 1866 1148 venturum
1893 1079 2071 1165 pollicetur.
2127 1079 2169 1144 In
2201 1101 2274 1145 eam

274 1175 444 1242 ecelesiam
474 1183 508 1239 et
537 1173 772 1257 rempublicam
809 1179 955 1239 vestram
995 1167 1184 1252 tranquillet
1216 1175 1250 1234 et
1301 1167 1498 1233 sententiam
1520 1169 1628 1232 visam
1650 1180 1701 1234 est
1720 1168 1801 1251 ipsis
1813 1169 1963 1243 scribere,
1985 1187 2049 1248 quo
2063 1166 2183 1231 certior
2193 1165 2275 1232 fides

275 1261 406 1328 beatam
427 1260 552 1326 reddat.
595 1259 750 1341 Amen.⁶)
1301 1255 1408 1318 fieret:
1446 1253 1528 1318 meis
1560 1253 1666 1319 literis
1698 1275 1774 1319 sues
1809 1273 1937 1336 qaoque
1963 1251 2109 1317 Bucerus
2140 1250 2274 1318 addidit

667 1377 939 1442 Dominationum
983 1381 1169 1440 vestrarum
1214 1373 1250 1438 in
1303 1340 1353 1404 De
1371 1360 1444 1404 mco
1462 1340 1571 1403 animo
1588 1341 1634 1405 sie
1651 1340 1773 1424 accipe:
1792 1337 2126 1420 mihisideturoptio,
2144 1337 2276 1422 quidvis

711 1463 852 1528 Domino
875 1459 1088 1526 addictissimi
1301 1423 1457 1490 libentius
1479 1425 1541 1489 sim
1563 1425 1716 1502 iacturas,
1735 1445 1832 1508 quam
1849 1433 1888 1488 ut
1903 1422 1962 1488 tibi
1975 1423 2028 1490 hic
2038 1424 2275 1506 obtemperem:

1302 1510 1533 1594 sedquoniam
1557 1531 1625 1574 aon
1651 1533 1721 1576 esse
1749 1511 1813 1575 mei
1834 1511 1915 1575 iuris
1930 1509 2075 1588 memini,
2098 1529 2276 1575 cormeum

1302 1595 1393 1662 velat
1414 1604 1591 1661 mactatam
1614 1595 1758 1660 Domino
1780 1597 1813 1660 in
1836 1596 2030 1661 sacrificium
2052 1595 2161 1660 offero.
2205 1595 2275 1660 Ita·

1301 1703 1366 1764 qae
1387 1703 1454 1746 non
1475 1689 1526 1747 est
1548 1681 1634 1764 qaod
1655 1682 1829 1765 suspiceris
1851 1681 1909 1747 tibi
1932 1679 2032 1746 verba
2054 1679 2140 1760 dari;
2170 1681 2276 1745 nostri

1301 1767 1385 1832 nihil
1406 1767 1472 1833 nisi
1494 1788 1536 1832 ex
1557 1768 1668 1833 animo
1689 1768 1893 1850 promittant.
1939 1767 1986 1831 Et
2004 1787 2064 1850 ego
2085 1766 2170 1831 nihil
2187 1763 2277 1830 aliud

1302 1852 1453 1930 obtestor,
1477 1875 1573 1936 qaam
1596 1861 1635 1917 at
1664 1853 1755 1918 nulla
1782 1854 1847 1918 mei
1875 1853 2002 1918 ratione
2034 1851 2147 1918 habita
2176 1851 2276 1934 dispi-

1301 1939 1391 2004 ciant
1421 1937 1498 2021 quid
1532 1939 1672 2002 maximo
1707 1940 1750 2004 sit
1777 1960 1819 2004 ex
1849 1939 1910 2003 Dei
1940 1937 2044 2022 gloria
2072 1945 2104 2002 et
2122 1938 2276 2004 eeclesiae

1302 2023 1451 2090 utilitate.
1497 2024 1643 2090 Tametsi
1671 2045 1737 2089 nen
1764 2045 1837 2089 sam
1867 2023 1962 2091 valde
1983 2023 2180 2107 ingeniosae,
2208 2043 2276 2088 non

1302 2117 1413 2174 tamen
1445 2108 1600 2176 deficiant
1633 2131 1685 2176 me
1712 2111 1848 2194 effugia,
1875 2111 1993 2194 quibas
2020 2110 2067 2173 ita
2093 2107 2277 2174 clanculum

1302 2195 1421 2274 elabar,
1444 2205 1482 2260 at
1503 2193 1598 2262 facile
1619 2193 1706 2278 apud
1727 2195 1876 2262 homines
1893 2216 2046 2261 excusem
2064 2215 2123 2277 per
2140 2217 2194 2262 me
2210 2215 2276 2260 non

1302 2281 1439 2347 stetisse.
1494 2281 1620 2346 Verum
1659 2282 1725 2346 scio
1761 2281 1844 2346 mihi
1884 2301 1954 2346 esse
1995 2281 2163 2364 negotium
2201 2299 2278 2346 cum

1301 2367 1388 2444 Deo,
1423 2367 1477 2449 qui
1509 2366 1696 2431 huiusmodi
1730 2368 1868 2432 astutias
1905 2365 2129 2450 deprehendit.
2186 2367 2277 2449 Ergo

1302 2453 1447 2518 animum
1481 2473 1590 2516 meum
1625 2453 1771 2518 vinctum
1801 2463 1834 2518 et
1858 2453 2070 2519 constrictum
2099 2449 2213 2536 subigo
2241 2453 2278 2515 in

1302 2537 1520 2604 obedientiam
1542 2536 1623 2603 Dei:
1646 2547 1679 2603 et
1700 2537 1829 2621 quando
1857 2540 1987 2621 proprio
2016 2537 2151 2604 oonsilio
2179 2535 2277 2602 desti-

1302 2633 1387 2704 tuor,
1409 2645 1461 2688 me
1484 2623 1536 2688 his
1558 2622 1739 2707 regendum
1769 2623 1879 2702 trado,
1908 2645 1968 2706 per
1989 2645 2070 2706 quos
2092 2643 2189 2706 spero
2209 2624 2278 2688 Do·

1301 2710 1428 2774 minum
1466 2709 1576 2792 ipsam
1614 2709 1696 2774 mihi
1735 2709 1956 2792 loquuturum.
2019 2707 2130 2790 Quum
2168 2705 2278 2790 Capito

1301 2796 1440 2879 scripsit,
1463 2794 1601 2878 putavit,
1625 2795 1796 2874 atriden,
1825 2817 1879 2860 me
1900 2795 2029 2880 prolixa
2056 2793 2195 2878 epistola
2216 2793 2278 2860 tihi

1301 2881 1529 2964 expositarum
1547 2887 1648 2944 totam
1667 2880 1907 2948 deliberationis
1925 2889 2055 2946 nostrae
2072 2881 2201 2959 seriem,
2220 2878 2278 2946 sod

1302 2969 1382 3033 satis
1409 2965 1571 3048 estquod
1600 2987 1764 3032 summam
1795 2967 1906 3034 habes.
1958 2965 2156 3049 Quanquam
2187 2987 2277 3031 eram

1301 3053 1336 3118 id
1364 3073 1489 3136 qaoque
1519 3052 1666 3118 facturas
1694 3053 1758 3118 nisi
1787 3061 1917 3137 tempus
1938 3051 2104 3118 doluisset.
2148 3051 2278 3118 Verum

1302 3145 1391 3204 totus
1412 3137 1481 3204 dies
1503 3138 1605 3204 variis
1627 3139 1846 3204 avocamentis
1874 3137 1957 3203 mihi
1982 3147 2194 3220 consumptus
2216 3143 2276 3202 est

1302 3225 1399 3290 Nunc
1432 3245 1452 3288 a
1484 3243 1585 3290 coena
1616 3223 1757 3308 longiori
1794 3223 2021 3292 lucubratione
2054 3222 2276 3290 valetudinem

1303 3309 1425 3392 alioqui
1453 3308 1583 3374 dubiam
1613 3319 1741 3374 tentare
1771 3309 1870 3376 nolui.
1914 3309 1980 3376 Hic
2008 3331 2043 3376 se
2071 3308 2113 3374 ad
2133 3307 2277 3374 natalem

1302 3395 1438 3460 Domini
1465 3393 1648 3460 rediturum
1675 3396 1828 3478 promisit
1855 3417 1930 3461 cum
1964 3414 2113 3473 carruca,
2147 3395 2181 3459 in
2212 3414 2279 3476 qua

1301 3480 1421 3564 poterit
1442 3480 1559 3546 afferre
1588 3479 1756 3546 Veudcliuo
1778 3501 1821 3546 ex
1838 3481 1930 3546 libris
1947 3481 2017 3547 suis
2034 3479 2146 3546 decem
2164 3500 2276 3546 exem·

1300 3566 1406 3649 pluria
1416 3565 1649 3646 Institutionis,
1667 3587 1725 3632 sex
1740 3567 1990 3634 commentarios
2001 3568 2036 3632 in
2047 3566 2237 3634 Ieremiam:
2248 3563 2276 3650 ⁸)

1302 3673 1341 3718 ea
1363 3651 1454 3719 dabis
1475 3652 1524 3716 illi
1546 3651 1786 3737 adveneram)

667 1547 823 1633 Wolfgan
872 1545 1034 1630 sOapito.
1057 1547 1098 1610 I).

668 1635 799 1718 Gaspar
856 1632 939 1698 edio.
962 1632 1003 1697 D.

668 1719 835 1785 Martinus
856 1719 1015 1784 Bucerus.

668 1805 715 1870 Io.
739 1803 915 1870 Starmius.

669 1890 733 1957 Iac.
757 1889 921 1956 Bedrotas

669 1997 707 2041 ee
746 1976 867 2042 caeteri
907 1974 1049 2040 ministri
1081 1973 1235 2040 ecclesiae

712 2061 1010 2146 Argentoratensis‚

830 2167 932 2212 manu
953 2165 1028 2210 mea

667 2233 713 2298 M.
736 2234 856 2300 Bneeri
880 2232 1152 2314 subscripserunt.

818 2491 862 2502 --oo

720 2675 794 2746 248.

521 2795 755 2864 GALVINUS
777 2795 1008 2862 FARELLO.

362 2949 472 3016 Etiam
503 2950 577 3018 truie
603 2951 642 3016 de
672 2952 776 3018 reditu
807 2951 915 3017 scribit
946 2953 1030 3018 circo
1061 2971 1152 3033 quem
1184 2971 1251 3014 aur·

276 3037 390 3122 bipuua
420 3056 518 3118 usquc
544 3036 655 3102 houd.
706 3032 830 3102 Interea
869 3035 1080 3103 Wcrruociom
1106 3035 1252 3118 proficis-

274 3125 406 3200 cendum
437 3142 502 3190 csse
527 3128 694 3188 meunt
721 3122 849 3206 calleque
876 3123 1165 3206 Arpcutoreteuses,
1194 3121 1252 3204 qut

274 3210 369 3276 ctiam
389 3207 617 3276 (icruentibus
639 3213 762 3275 auore
783 3213 855 3274 ucat
875 3213 910 3274 ut
939 3207 1079 3274 Virctum
1095 3211 1206 3273 rocem.

277 3363 362 3487 glpp.
382 3369 411 3417 et
422 3362 562 3431 Responsa
580 3361 734 3416 edGenev.
752 3359 831 3444 92322
850 3361 930 3414 Lana.
946 3377 975 3442 p.
988 3361 1030 3428 69,
1048 3361 1154 3415 Hanov.
1164 3379 1191 3430 p.
1209 3357 1243 3413 77

299 3434 383 3488 hauet
399 3449 425 3502 p.
443 3429 486 3498 lo,
503 3430 590 3486 Amet.
607 3448 634 3499 p.
655 3429 695 3486 18.
702 3430 863 3568 Ρ-ὲὲιςιίο
881 3429 985 3499 anghca
1003 3403 1252 3500 sp.B.·O.Tom.13

363 3634 474 3717 Quam
502 3635 584 3700 mihi
606 3635 734 3700 allatae-
754 3643 830 3700 sunt
852 3643 929 3700 tuae
957 3635 1079 3714 literae,
1102 3637 1168 3701 iam
1190 3635 1249 3702 ha-

275 3723 393 3788 bebam
414 3741 504 3786 meas
525 3719 566 3786 ad
587 3728 622 3786 te
643 3730 788 3803 paratas:
807 3722 1250 3804 quaetametsinonomnino

277 3808 491 3876 consentiunt
517 3826 593 3872 cam
621 3807 687 3871 tuis
715 3805 904 3889 postulatis,
931 3805 1110 3873 mittendae
1139 3815 1250 3874 tamen

277 3895 421 3971 fuerunt,
441 3898 479 3956 ut
501 3893 583 3958 scias
604 3891 640 3956 in
663 3913 725 3975 quo
747 3893 866 3958 affectu
883 3913 936 3958 me
954 3891 1247 3976 deprehenderunt.

154 3977 157 3982 ’
277 3980 375 4048 Nunc
401 3985 572 4061 postquam
601 3976 669 4042 vidi
697 3985 729 4042 te
756 3977 895 4044 ulterius
924 3978 1092 4058 insistere,
1124 3987 1157 4044 et
1177 3979 1250 4044 illos

278 4066 376 4135 ctiam
399 4071 527 4129 veteres
552 4069 679 4128 nostros
702 4063 845 4146 hospites
874 4063 982 4146 palam
1010 4085 1046 4130 se
1072 4063 1250 4148 adiungere

280 4149 322 4216 ad
348 4169 493 4228 eausam,
523 4148 658 4214 adhibui
685 4148 726 4214 de
754 4149 882 4234 integro
913 4157 1048 4216 nostros.
1063 4152 1088 4234 ¹)
1138 4150 1250 4216 Lectis

280 4235 345 4300 tuis
357 4243 390 4300 et
401 4235 611 4300 Genavatum
622 4234 735 4312 literis,
753 4235 902 4302 consului
919 4235 1111 4318 ecquidnam
1128 4236 1250 4300 factam

280 4341 363 4404 opus
390 4321 456 4384 lore
489 4330 667 4386 censerent
723 4319 978 4403 Responderunt
1011 4323 1146 4386 minime
1179 4341 1251 4386 esse

280 4404 521 4487 disputandam,
545 4428 587 4470 an
617 4406 736 4472 omisso
761 4406 960 4491 conventu2)
991 4405 1142 4472 deberem
1172 4405 1251 4472 illae

280 4489 445 4573 extemplo
472 4490 657 4558 concedere.
706 4491 822 4574 Neque
855 4492 942 4556 enim
971 4502 1030 4556 eat
1061 4514 1147 4559 nunc
1181 4513 1252 4558 esse

1690 3949 1757 3956 ..μ-ι.

1749 4182 1822 4252 249.

1541 4317 1790 4388 sescenos
1813 4318 2030 4386 GALVINO.

1389 4491 1464 4558 Post
1480 4494 1623 4575 priorem
1645 4491 1806 4573 epistolem
1827 4489 1917 4556 uobis
1938 4491 2134 4572 deperditam
2162 4491 2276 4556 iterum

1303 4580 1440 4644 amicum
1461 4579 1530 4642 odit
1550 4584 1586 4643 ut
1610 4577 1834 4642 chverrcium
1857 4577 2008 4642 occationi
2029 4577 2214 4658 obtemperet.

382 4728 413 4792 5)
432 4727 513 4780 Dim
529 4745 585 4782 uon
602 4729 770 4784 addiderunt
786 4730 833 4783 sed
850 4729 920 4783 taem
937 4731 1048 4784 omuino
1065 4731 1253 4800 desiccandus
1305 4754 1363 4762 -»
1434 4755 1448 4758 -
1477 4754 1485 4760 -

280 4805 321 4854 ert
337 4815 370 4852 cc
386 4797 565 4864 praecedeuti,
584 4815 665 4867 quum
683 4799 777 4854 dicaret
788 4797 929 4852 Calvinum
938 4814 1002 4853 cras
1012 4805 1129 4867 ratpert
1140 4801 1252 4855 biduum

286 4867 466 4921 Wcrrnccicru
481 4868 675 4934 profecturum.
712 4867 790 4937 Enjc
799 4873 854 4921 stat
863 4883 944 4935 ᾳιιαιιι
958 4883 1043 4934 supra
1056 4869 1253 4937 adscripsimus

281 4937 430 4990 obseruatio
448 4936 552 4989 citrea
581 4933 799 5003 Subscriptioner
814 4937 914 4990 obsunt
931 4937 966 4990 et
982 4937 1131 5005 eccmplari
1147 4938 1252 5007 Arpcu·

280 5007 421 5058 wrctcusc'.

298 5069 367 5132 248.
384 5075 414 5135 l)
432 5087 482 5124 onr
498 5072 670 5140 magistracy.

383 5139 414 5206 ’2)
438 5139 635 5195 Worrnoer'eusu'
649 5139 705 5192 eccl.
723 5139 830 5208 duplus
846 5155 923 5196 uero:
942 5140 1057 5194 without
1079 5142 1176 5212 calling
1199 5159 1252 5213 any

280 5209 409 5278 previous
427 5209 553 5276 maeting.

1405 4868 1436 4932 3)
1457 4867 1664 4936 Oecclarupcde‘t

1405 4935 1433 5002 4)
1451 4937 1527 4990 Bere
1549 4945 1574 4990 ct
1598 4937 1706 4990 Bouuet
1728 4941 1823 4988 errent
1845 4936 1876 4988 tu
1892 4935 2033 4990 nucleus
2056 4936 2183 5002 epistolae
2210 4936 2275 5002 dett·

1303 5005 1425 5072 cunda,
1448 5007 1529 5074 quani
1556 5005 1595 5058 ed
1616 5020 1642 5057 e.
1661 5001 1728 5054 1c41
1751 5003 1886 5070 referunt,
1906 5004 1960 5072 illa,
1983 5011 2012 5058 ut
2029 5003 2143 5068 ridetur,
2162 5005 2195 5057 dc
2212 5021 2276 5059 con·

1303 5081 1384 5128 centu
1397 5074 1592 5128 saracenam·
1599 5074 1730 5140 copuleris,
1749 5072 1793 5126 lsie
1805 5089 1868 5127 ecre
1878 5075 1986 5127 incaute
1996 5087 2111 5126 eumaem
2120 5073 2276 5142 Aupustuus

1304 5143 1468 5208 adscribens,
1486 5158 1538 5211 quc
1556 5139 1699 5195 Oulcruum
1716 5141 1808 5196 cdluuc
1823 5142 1972 5196 Merum
1987 5141 2153 5210 macera·
2165 5143 2276 5196 redum.

1309 5209 1390 5264 Talia
1406 5211 1615 5274 confutationem
1631 5225 1688 5263 nou
1704 5214 1854 5280 requirunt
