4898 5970
246 283 308 362 ιιι
1067 283 1329 353 uetsronsu
1352 259 1415 350 ιιι
2171 287 2233 350 ιιι

245 478 376 566 ιὶἱιιιοι,
397 497 458 546 neo
478 477 611 560 quasvis
631 475 778 560 publicas
798 495 963 560 personas,
989 473 1047 540 sed
1066 493 1213 540 summos
1264 471 1375 540 videre
1396 471 1541 555 eupiunt,
1570 471 1836 540 Melourlrtbouem
1860 479 1895 540 ιι
1921 471 2089 554 Butrium,
2117 471 2234 556 quibus

246 567 460 652 magistratus
477 571 606 648 gerunt,
625 581 762 646 quorum
780 561 872 627 nulla
888 581 994 644 neque
1010 559 1213 643 diotaneque
1265 559 1381 624 merito
1419 575 1532 628 omnes
1570 560 1673 623 multa
1709 559 1875 638 tribuunt,
1913 579 1988 626 oum
2021 558 2074 624 his
2106 560 2233 640 tuisque

237 652 333 720 dueta
354 653 388 715 in
408 651 543 716 obseuro
565 667 636 713 esse
656 656 803 731 possunt
848 645 915 727 Qui
938 646 994 710 tali
1017 645 1212 712 dissessione
1265 644 1371 710 litoris
1395 643 1533 728 deleges,
1561 665 1642 730 quos
1670 665 1875 727 summopere
1903 643 2054 722 horteris,
2081 654 2120 709 ut
2147 643 2233 710 vitae

247 738 368 804 multos
385 744 472 802 uerte
492 735 751 810 commovebunt,
771 731 1011 797 conturbabunt
1027 752 1065 796 au
1082 740 1212 814 torquo-
1265 729 1425 812 salutique
1448 743 1587 806 uestras,
1607 727 1784 797 multarum
1806 738 1993 796 nostrarum
2015 729 2234 810 ecelesiarum,

246 825 337 892 bunt
381 822 454 887 Rex
478 821 557 903 ipse,
583 839 733 902 proceres
755 817 803 883 illi
825 819 875 884 sui
897 827 1081 894 assertores,
1111 817 1214 881 nostri
1265 837 1364 899 quam
1384 815 1572 882 fidelissime
1600 837 1638 882 ao
1660 816 1875 882 attentissime
1905 815 2086 894 oonsulant,
2113 815 2234 880 seiont-

247 907 422 975 neoessarii
440 905 559 972 summi
576 905 650 982 viri,
677 905 761 970 hano
779 924 848 969 rem
866 903 1011 987 graviter
1029 901 1213 980 decernent,
1265 923 1328 984 que
1358 921 1417 968 nos
1444 919 1512 966 non
1544 899 1584 966 do
1616 911 1708 984 parte
1739 903 1955 980 fortunarum,
1986 899 2165 966 honoribus
2195 921 2234 968 ao

248 995 386 1076 denique
408 993 477 1076 ipse
498 991 597 1056 etiam
619 989 820 1056 miserrimus
837 988 994 1074 popellus,
1020 1009 1083 1072 quo
1101 1009 1161 1052 nos
1179 989 1214 1051 in
1265 985 1474 1053 facultatibus
1496 987 1670 1070 ambigere,
1699 985 1757 1054 sed
1785 986 1825 1051 de
1852 995 1921 1054 toto
1947 985 2033 1052 vitae
2054 986 2234 1068 salutisque

247 1101 305 1146 ore
333 1075 476 1162 quotidie
504 1097 682 1154 versamur,
711 1074 846 1158 indigne
874 1075 995 1140 laetum
1025 1073 1213 1152 elamitabit,
1266 1079 1397 1138 nostrae
1419 1093 1457 1140 eo
1483 1071 1658 1138 liberorum
1685 1081 1720 1138 et
1746 1071 1948 1138 &miliorum
1971 1071 2125 1138 sollieitos
2153 1091 2233 1152 esse,

246 1170 430 1251 perstrepet
451 1183 488 1228 ae
509 1159 692 1226 obturbabit
713 1167 748 1226 et
774 1159 905 1226 tandem
933 1160 1062 1224 turbam
1088 1167 1214 1223 tantam
1265 1158 1403 1242 illosque
1429 1177 1489 1222 nos
1516 1158 1600 1222 tanti
1627 1158 1740 1235 faeere,
1768 1165 1938 1224 uteorum
1959 1170 2050 1224 oerto
2078 1177 2233 1242 responso

234 1259 380 1336 proptor
403 1269 463 1313 nos
484 1247 601 1312 misere
622 1247 692 1312 fieri
714 1244 816 1329 pudet
836 1245 1040 1328 miseretque.
1085 1243 1214 1310 Deinde
1266 1264 1331 1310 non
1354 1243 1463 1308 minus
1506 1263 1581 1308 uem
1609 1242 1841 1327 prophetarum
1870 1244 2010 1310 oraoulis
2037 1243 2139 1308 teneri
2166 1263 2234 1310 non

246 1338 276 1403 si
297 1335 370 1418 quis
391 1335 517 1412 horum,
546 1341 584 1397 ut
609 1341 660 1398 eet
680 1331 805 1414 aliquis,
836 1345 964 1415 patrem
992 1339 1049 1395 aut
1075 1339 1214 1395 matrem
1266 1327 1422 1394 dubitent.
1484 1265 1552 1396 ded
1583 1328 1647 1396 hoo
1678 1328 1822 1396 maxime
1854 1330 1895 1395 ab
1931 1329 1998 1394 illis
2036 1328 2232 1412 quaerimus,

247 1421 356 1488 adhue
373 1419 522 1498 sustinet,
544 1417 594 1482 illi
612 1415 673 1484 hao
690 1418 857 1500 inopinata
874 1417 1068 1483 dissessione
1086 1417 1213 1481 attoniti
1266 1422 1425 1496 apertum,
1448 1415 1580 1480 firmum
1602 1435 1640 1482 ao
1660 1415 1810 1482 omnibus
1830 1434 2003 1480 eommune
2024 1435 2231 1499 responsum:

233 1508 340 1573 'lustu
361 1523 568 1586 moeroreque
590 1504 825 1582 oontabesoent,
848 1503 978 1586 cognati
1000 1502 1096 1568 amioi
1114 1501 1215 1568 vieini
1265 1499 1354 1566 Num
1372 1499 1468 1566 lioeet
1484 1499 1604 1566 missae
1621 1501 1786 1576 iuteresse,
1804 1507 1838 1566 ιι
1851 1510 1962 1568 utrum
1980 1500 2089 1586 potius
2106 1501 2233 1584 patriae

243 1592 368 1674 bliique
398 1589 572 1656 neeessarii
604 1588 756 1670 permulti
790 1589 851 1655 hoe
878 1588 1028 1672 inooepto
1060 1590 1214 1673 (quorum
1265 1584 1442 1652 uerendum
1463 1605 1562 1668 quom
1582 1583 1630 1650 illi
1652 1585 1820 1669 aliquoties
1841 1585 2021 1654 interesse?
2062 1587 2116 1652 An
2133 1585 2233 1651 otiam

243 1678 373 1760 trbquot
393 1674 640 1741 eonversutione
662 1681 773 1739 nostra
794 1675 884 1740 viam
906 1673 1067 1758 evangelii
1086 1673 1214 1758 ingredi
1265 1671 1323 1738 illa
1344 1691 1458 1736 mensa
1484 1670 1667 1753 spernenda
1693 1691 1731 1738 ao
1758 1672 1996 1744 oontemnendo
2022 1672 2075 1752 sit,
2104 1672 2140 1736 iu
2168 1691 2234 1756 qua

245 1761 461 1845 inoipiebant)
487 1761 716 1842 obstupesoent
736 1780 774 1826 so
795 1759 910 1844 pedem
932 1758 1017 1824 forte
1034 1759 1214 1838 retrahent,
1266 1778 1326 1823 nee
1357 1757 1494 1822 verbum
1522 1756 1588 1822 Dei
1615 1764 1727 1840 aperte
1757 1760 2008 1840 pronuntietur,
2041 1757 2233 1840 sublataque

246 1865 370 1930 nosque
391 1853 518 1911 tantum
538 1865 597 1928 pro
615 1854 780 1912 eontruota
802 1844 956 1910 diuturna
976 1845 1120 1912 amicitia
1141 1865 1215 1927 per·
1266 1841 1390 1908 Christi
1411 1841 1619 1909 institutione
1641 1843 1779 1908 alteram
1799 1849 1928 1910 tanturn
1950 1843 2090 1926 speeiem
2114 1841 2233 1908 habers

246 1941 346 2085 petuo
377 1931 552 2015 lugebunt,
585 1927 722 2016 donique
754 1931 864 1996 omnia
895 1930 1039 1995 tumultu
1067 1951 1214 1995 moerore
1265 1928 1369 2006 lioeat‚
1392 1936 1426 1994 et
1448 1949 1491 1994 an
1512 1927 1559 1992 illi
1582 1929 1725 1994 assidere
1746 1929 1850 2006 lioeut,
1874 1937 1933 1994 aut
1954 1926 2059 2013 quoad
2079 1929 2116 1994 in
2137 1927 2233 1996 nobis

260 2028 417 2100 uotuque,
458 2015 669 2082 seditionibus
707 2017 803 2093 forto,
843 2017 1059 2082 miseebimus
1127 2013 1216 2081 Sunt
1254 2013 1328 2080 -erit
1348 2012 1483 2080 vitanda
1504 2011 1569 2078 sit?
1613 2014 1734 2082 Utrum
1759 2015 1900 2098 paroeho
1920 2015 2077 2093 eonfiteri,
2100 2034 2233 2098 vesper·

246 2112 417 2208 praeterea
443 2111 476 2167 et
504 2101 564 2168 viri
591 2102 684 2184 probi
710 2102 816 2182 multi,
844 2101 900 2184 qui
927 2101 1032 2166 latent
1059 2109 1214 2184 tanquam
1266 2099 1345 2164 tinis
1377 2119 1490 2164 eorum
1521 2099 1721 2166 orationibus
1751 2099 1910 2168 interesse
1942 2097 2060 2168 lioeat?
2110 2099 2233 2167 Utrum

246 2211 285 2256 ιιι
315 2188 457 2266 latebris,
490 2189 544 2272 qui
578 2207 652 2252 oum
685 2187 790 2252 multa
820 2207 897 2270 paee
926 2207 1110 2271 magnaque
1138 2207 1214 2252 eum
1266 2204 1383 2267 pueros
1412 2191 1541 2250 nostros
1573 2185 1689 2252 ritibus
1720 2185 1810 2252 illius
1842 2185 1993 2269 baptismi
2027 2185 2111 2270 tingi
2144 2193 2233 2252 reete

271 2277 354 2340 retia
379 2294 499 2338 nomen
527 2272 663 2337 Domini
689 2271 832 2356 quotidie
861 2272 1053 2354 provehunt,
1083 2272 1213 2356 vigiliis,
1265 2271 1443 2354 patiemur,
1485 2275 1520 2334 et
1554 2279 1700 2337 ,mortuos
1733 2282 1861 2338 nostros
1896 2282 1934 2338 ut
1965 2272 2020 2338 hio
2051 2271 2152 2338 moris
2183 2276 2235 2338 est

242 2288 448 2436 {tutioribus
488 2356 764 2423 admonitionibus
801 2357 978 2434 instantes,
1018 2378 1214 2507 gregemque
1267 2355 1418 2424 humari?
1473 2355 1520 2422 ut
1551 2356 1628 2438 quia
1659 2356 1740 2424 haee
1769 2357 1834 2424 nisi
1862 2365 1966 2423 morte
1993 2357 2138 2442 effugere
2166 2377 2233 2422 non

241 2445 382 2512 ¹Domini
421 2445 519 2510 verbo
551 2442 718 2508 uberrimo
751 2449 939 2525 pasoentes,
979 2443 1035 2526 qui
1096 2443 1214 2526 enique
1266 2461 1445 2524 possumus,
1465 2449 1574 2508 utrum
1593 2443 1710 2524 potius,
1733 2463 1831 2526 quum
1847 2443 1884 2508 iu
1902 2443 2018 2509 horum
2036 2443 2232 2508 alterutmm

232 2531 375 2597 trullum
407 2528 523 2594 urendi
556 2529 656 2592 finem
688 2525 827 2607 sariunt,
869 2548 932 2611 quo
964 2529 1001 2592 in
1034 2527 1121 2594 diem
1155 2529 1214 2594 lux
1265 2526 1462 2604 iuoidanrus,
1488 2527 1594 2609 putria
1622 2527 1799 2596 eorundum
1825 2527 1890 2594 sit?
1942 2527 2017 2594 Non
2044 2530 2231 2612 ignoramus

244 2615 382 2683 Domini
403 2614 507 2678 maior
528 2611 620 2678 nobis
641 2611 805 2698 affulgeat,
835 2633 899 2696 qno
925 2633 1007 2696 puro
1035 2623 1068 2679 ot
1089 2613 1214 2680 sineoro
1265 2611 1352 2695 quod
1373 2612 1422 2677 illi
1442 2613 1508 2678 viri
1527 2613 1630 2682 saneti
1654 2615 1801 2697 suetique
1828 2613 1868 2680 de
1889 2615 1936 2680 eis
1958 2614 2109 2680 omnibus
2130 2611 2231 2710 serip-

231 2701 385 2768 ‘rerbnm
397 2699 532 2764 Domini
549 2697 755 2780 praediootur
774 2705 807 2762 et
823 2709 948 2766 ereseat
965 2701 999 2764 in
1012 2699 1212 2766 universum.
1266 2698 1377 2776 serint,
1399 2705 1433 2762 et
1453 2697 1572 2781 ubique
1591 2719 1665 2766 eum
1686 2699 1753 2766 illis
1774 2702 1945 2766 sonemus:
1974 2699 2032 2766 sed
2059 2699 2153 2766 nobis
2177 2697 2232 2763 hro

240 2787 302 2852 ulti
323 2793 434 2850 tumen
456 2785 645 2868 ignoranter
666 2784 785 2850 ritibus
805 2783 869 2850 illis
892 2805 963 2850 sese
979 2787 1212 2864 eontaminant,
1265 2783 1439 2868 serupulus
1460 2792 1572 2864 restet,
1592 2805 1688 2866 quem
1711 2784 1818 2852 adhue
1840 2797 1875 2852 ιιι
1892 2787 1962 2869 ipse
1979 2786 2083 2870 magis
2100 2782 2232 2850 suxisse

245 2872 434 2954 intorques
455 2869 599 2952 plerique
620 2869 686 2952 qui,
712 2867 798 2952 qnod
819 2869 855 2934 in
882 2878 1058 2953 eonspeetu
1083 2877 1213 2954 patrum
1265 2869 1389 2936 videris
1409 2889 1509 2952 quum
1530 2871 1734 2938 imminuisse
1762 2881 1821 2938 aut
1849 2869 2050 2940 dissolvisse:
2078 2877 2113 2936 et
2136 2889 2231 2953 pree·

244 2957 365 3022 liberos
386 2955 569 3033 instituunt,
597 2955 749 3040 elingere,
777 2955 805 3020 si
832 2954 944 3034 velint,
972 2977 1039 3021 non
1065 2966 1212 3040 possum.
1265 2963 1355 3020 terea
1383 2955 1444 3022 hoo
1469 2975 1530 3022 nos
1556 2957 1701 3024 maxime
1725 2965 1837 3024 movet
1863 2957 1948 3040 quod
1977 2955 2163 3024 audivimus
2190 2953 2232 3020 de

245 3041 313 3123 Qui
332 3042 360 3108 si
381 3039 482 3106 semel
503 3039 704 3106 inaudieriat
723 3037 805 3105 illud
825 3062 892 3106 non
913 3041 1021 3122 liuere,
1049 3051 1149 3125 atquo
1172 3043 1213 3108 ab
1265 3041 1327 3106 beo
1347 3061 1384 3106 re
1405 3061 1471 3107 uon
1492 3041 1574 3108 satis
1596 3040 1701 3109 sdhno
1722 3042 1891 3109 intervos
1912 3064 2024 3108 omnes
2046 3039 2230 3108 eonvenite.

245 3127 312 3194 illis
343 3126 424 3192 adeo
456 3125 631 3195 abhorrere
663 3125 794 3203 dobere,
833 3135 873 3191 ut
903 3135 1077 3211 propterea
1108 3131 1214 3211 patria
1265 3127 1311 3192 ut
1337 3125 1421 3192 nihil
1447 3133 1500 3194 est
1528 3126 1614 3210 quod
1640 3129 1746 3212 magis
1772 3128 1884 3196 audire
1916 3149 1954 3195 ao
1986 3127 2098 3194 videre
2130 3125 2231 3194 velim

236 3210 361 3280 ”oedem
382 3217 416 3276 ιι
436 3210 516 3289 Ιοιο,
542 3211 656 3276 statim
676 3211 725 3276 illi
752 3231 880 3296 quoque
906 3212 1020 3279 roliota
1046 3215 1214 3280 roratione
1265 3231 1363 3295 quam
1391 3223 1585 3364 perpetuum
1615 3213 1652 3280 in,
1682 3213 1817 3280 ecelesia
1842 3234 2054 3291 eonsensum,
2087 3211 2231 3278 maxime

240 3298 423 3380 telietoqttt
445 3314 545 3380 grego
571 3315 630 3362 vos
657 3305 844 3380 sequentur,
873 3297 996 3363 nullius
1023 3299 1213 3382 ouiusquam
1265 3305 1375 3364 autern
1395 3297 1431 3362 in
1475 3319 1512 3364 oo
1528 3318 1565 3362 ro
1586 3305 1621 3364 et
1639 3300 1828 3381 quaestione
1849 3300 1934 3366 tanti
1954 3297 2108 3384 penderis
2129 3297 2230 3366 tunti-

244 3383 296 3448 rei
317 3382 430 3448 habita
453 3381 589 3460 ratione,
617 3392 750 3464 praeter
776 3382 868 3448 vorbi
893 3383 1030 3448 Domini
1055 3403 1120 3467 qno
1146 3385 1214 3451 solo
1265 3403 1328 3466 qus
1348 3383 1513 3461 momenti,
1544 3403 1628 3466 quae
1652 3385 1688 3450 in
1711 3386 1774 3452 hoe
1801 3387 1963 3454 oonsistit:
1991 3407 2034 3450 an
2060 3381 2230 3450 ooelosiam

237 3469 399 3533 ¹nituntur
421 3467 539 3533 vivunt
561 3487 599 3533 ue
620 3475 762 3550 sperant
798 3468 874 3534 Non
895 3468 1020 3535 detinet
1038 3491 1111 3548 nos,
1131 3470 1214 3534 mibi
1264 3468 1445 3538 alienorum
1466 3489 1563 3551 quam
1584 3477 1695 3540 tumen
1716 3491 1788 3539 osse
1805 3473 1946 3555 aliquem
1964 3467 2099 3541 inlibris
2109 3467 2229 3536 vestris

245 3552 357 3631 erede,
386 3551 438 3618 vel
467 3552 659 3638 magnitudo
685 3553 739 3618 vel
767 3552 950 3633 diffluebas,
978 3575 1040 3622 neo
1066 3553 1148 3621 haee
1175 3576 1213 3621 eo
1265 3555 1422 3632 latenuni,
1455 3554 1504 3620 ita
1534 3555 1647 3639 lugere
1678 3554 1871 3636 debuemus,
1906 3564 1943 3624 ut
1973 3577 2086 3624 sorum
2117 3553 2229 3633 saeris,

230 3638 385 3704 dioimus
406 3637 529 3724 (omnia
549 3638 637 3704 enirn
658 3657 829 3721 possumus
846 3640 881 3704 in
899 3640 1212 3722 eoquinossusten·
1263 3641 1407 3706 maxime
1435 3639 1570 3719 missae,
1596 3641 1755 3708 interesse
1781 3664 1845 3708 non
1871 3642 2050 3724 possimus,
2076 3640 2141 3708 nisi
2168 3661 2230 3706 uos

231 3722 324 3810 ·tut):
359 3721 417 3788 sed
448 3723 658 3789 aeolesiarum
691 3745 775 3808 queo
802 3725 896 3790 nobis
921 3725 1054 3791 videtur
1079 3726 1213 3810 posthae
1264 3745 1357 3798 mera
1384 3737 1418 3792 et
1444 3726 1617 3793 manifesta
1643 3727 1827 3810 polluamus
1855 3727 2021 3806 idolatria,
2055 3725 2141 3808 quod
2168 3745 2230 3792 neo

243 3829 366 3893 magna
382 3809 492 3873 lutura
508 3809 719 3887 oonturbatio,
742 3810 921 3875 maltamm
943 3811 1211 3878 oonsoisntiarum
1263 3831 1322 3893 pro
1343 3811 1413 3876 vita
1430 3809 1614 3884 feriendum
1635 3813 1688 3890 sit,
1710 3811 1768 3881 sod
1796 3813 1905 3896 potius
1933 3822 2011 3880 tuno
2038 3809 2229 3896 fugiendum

243 3905 361 3972 metus,
384 3893 508 3972 horror,
530 3895 757 3960 oousteruatio.
802 3895 915 3978 Neque
943 3895 1005 3963 hoo
1031 3897 1102 3980 ipse
1127 3899 1212 3962 tanti
1263 3905 1298 3962 ιι
1317 3893 1554 3980 emigrandum,
1575 3897 1652 3964 lieet
1671 3897 1724 3966 hio
1745 3900 1824 3976 nati,
1847 3899 1901 3964 hio
1911 3899 2035 3976 nutriti,
2058 3896 2112 3964 hie
2123 3895 2229 3964 vorati

242 3980 328 4046 fusio
353 3987 410 4044 aut
437 3978 585 4062 pluribus
612 3981 703 4046 vobis
731 3980 873 4063 explico,
910 4001 974 4066 quo
1003 4003 1062 4048 vos
1088 4003 1109 4047 a
1133 4003 1212 4048 roro
1262 3982 1376 4059 simus,
1402 3982 1479 4048 lieet
1498 3983 1597 4052 etium
1618 3983 1751 4050 interim
1778 3984 1995 4052 aeternitatem
2021 3989 2231 4050 nostramet

245 4061 537 4147 sineeroquenobis
561 4065 851 4132 ueoonsultissimo
869 4065 988 4132 iudioio
1004 4067 1211 4134 absterreant.
1262 4066 1485 4150 eaptivitatem
1507 4065 1721 4150 deploremus,
1748 4087 1921 4153 eorumque
1949 4069 2091 4136 Domino
2117 4069 2231 4153 lugea-

241 4149 337 4231 Quin
370 4150 430 4216 hoo
462 4149 552 4214 omni
576 4171 613 4216 us
644 4150 747 4216 animi
778 4151 905 4218 viribus
936 4153 1136 4236 expetimus,
1175 4162 1214 4219 ut
1263 4173 1338 4218 mus
1359 4173 1397 4218 ao
1418 4153 1533 4236 quavis
1553 4155 1618 4218 alis
1645 4154 1729 4222 boae
1756 4155 1924 4222 voluntate
1951 4155 2090 4237 praediti
2117 4154 2229 4220 simus.

244 4254 384 4321 perros
406 4233 569 4302 Dominus
591 4235 736 4302 divinam
764 4257 858 4302 suum
884 4247 1029 4304 montem
1056 4237 1212 4305 haetenus
1347 4237 1567 4322 interrogatio
1583 4241 1647 4306 istu
1664 4241 1773 4310 minus
1790 4242 1872 4306 forte
1892 4241 2038 4324 praecisa
2059 4239 2117 4304 tibi
2139 4235 2231 4308 vide-

241 4341 311 4386 non
333 4320 533 4386 intelleotam
615 4321 695 4401 riat,
721 4322 878 4406 nobisque
896 4345 971 4390 eum
993 4323 1143 4390 nefandis
1164 4333 1213 4390 tot
1263 4323 1360 4402 bitur,
1382 4324 1440 4392 sed
1461 4325 1537 4392 tulis
1557 4334 1603 4404 ut,
1626 4326 1690 4395 nisi
1711 4325 1807 4409 plene
1827 4347 1866 4392 ae
1883 4325 2073 4408 simplieitor
2094 4345 2232 4408 respon·

245 4405 433 4473 bominibus
461 4427 499 4472 ao
526 4407 555 4470 ri
582 4405 642 4472 bns
667 4407 857 4474 viventibus
886 4418 1011 4474 eertum
1042 4417 1212 4493 tutamque
1263 4408 1375 4488 destis,
1393 4417 1545 4493 tortaque
1555 4409 1660 4476 forma
1671 4411 1905 4494 praeseribstie,
1924 4413 1953 4477 si
1965 4411 2020 4478 bie
2030 4409 2231 4476 manendum

244 4491 352 4578 legem
373 4491 514 4576 aliquam
535 4511 573 4559 ao
593 4493 732 4558 formem
754 4493 886 4559 vivendi
910 4494 1001 4582 (nam
1023 4494 1058 4560 id
1079 4495 1212 4560 demum
1263 4495 1320 4572 sit,
1353 4494 1531 4560 multorum
1564 4497 1778 4563 oonseiontiae
1810 4497 2005 4581 tranquillus
2037 4494 2128 4562 reddi
2161 4516 2231 4562 non

245 4577 401 4661 estquod
424 4578 509 4643 votis
530 4577 681 4644 omuibus
708 4599 729 4644 a
753 4577 846 4646 vobis
874 4579 1092 4666 exposuimus)
1118 4601 1213 4663 prae·
1263 4587 1407 4662 possunt
1452 4581 1537 4646 Vide
1558 4582 1669 4665 itaque
1690 4590 1729 4647 ut
1748 4581 1821 4648 illos
1838 4603 1982 4648 summos
1999 4582 2085 4648 viros
2103 4581 2230 4647 theolo-

245 4663 375 4730 soribat
413 4664 482 4728 Aut
503 4664 530 4730 si
551 4663 585 4727 id
604 4673 675 4730 tuto
697 4664 780 4730 eitra
799 4665 928 4730 enimse
949 4665 1123 4732 disorimsn
1145 4687 1213 4732 non
1263 4685 1384 4749 gosque
1405 4673 1627 4734 saerosanotos
1648 4677 1839 4734 reverenter
1866 4667 2074 4734 eoelesiarum
2102 4676 2231 4732 nostra·

237 4747 330 4827 lieet,
353 4747 417 4814 alio
437 4769 497 4814 nos
518 4757 649 4816 revooet
676 4769 714 4816 ae
733 4750 831 4833 plane
849 4761 1024 4834 apertoque
1045 4749 1123 4816 hina
1150 4752 1212 4816 mi·
1264 4771 1337 4815 rum
1359 4751 1491 4817 nomine
1512 4752 1643 4832 salutes,
1665 4752 1790 4836 hosque
1811 4754 1896 4837 quod
1918 4773 2123 4836 summopere
2143 4751 2229 4818 desi·

246 4833 407 4981 {randum
424 4835 625 4917 pronuntiet.
659 4833 757 4918 Quod
772 4843 810 4900 ut
825 4836 942 4902 melius
951 4836 1091 4903 obtineri
1102 4837 1211 4922 possit,
1264 4834 1415 4903 deramus
1436 4859 1627 4922 responsum
1647 4859 1745 4922 quum
1766 4839 1908 4921 primum
1925 4839 2047 4923 poteris
2062 4837 2230 4920 implores,

238 4943 241 4953 ·
270 4938 308 4982 oo
325 4941 428 4985 unum
444 4927 477 4985 te
492 4921 732 5005 maximemgo,
749 4931 783 4986 et
799 4921 1007 4988 ecelesiarum
1026 4930 1212 4988 nostrornm
1264 4931 1297 4986 et
1317 4922 1480 4989 instanter
1501 4945 1603 5010 roges.
1648 4923 1693 4990 llt
1716 4923 1777 4992 hoo
1798 4923 1894 4992 eredo
1915 4926 1956 4992 ab
1977 4924 2052 5000 illis,
2073 4943 2156 5006 quae
2177 4931 2233 4990 est

242 5005 377 5069 nomine
397 5015 432 5070 te
452 5005 604 5083 obtestor,
637 5017 676 5071 nt
704 5009 966 5090 quamprimum
994 5006 1124 5072 fidelem
1152 5007 1212 5074 uli-
1264 5027 1375 5072 eorum
1392 5009 1427 5074 in
1444 5028 1557 5075 omnes
1575 5007 1725 5076 eeclesias
1742 5031 1901 5094 propensa
1918 5009 2112 5095 benignitus,
2134 5009 2232 5076 fusile

236 5103 342 5184 quem
364 5099 398 5154 et
419 5090 480 5156 hoo
495 5111 634 5156 munere
654 5091 797 5158 maxime
815 5091 949 5178 dignum
967 5091 1009 5158 ad
1025 5092 1213 5173 Modiam,
1263 5091 1462 5175 impetrabis,
1488 5093 1575 5177 quod
1599 5115 1696 5178 quam
1713 5095 1759 5163 sit
1775 5095 1994 5167 amassarinm
2010 5095 2071 5178 ipsi
2084 5095 2231 5180 rogitare

234 5186 343 5236 'eum
352 5175 546 5242 sertorum
558 5177 704 5260 plerique
713 5177 1213 5263 inprimislitsriseonrignatam
1263 5189 1409 5261 possunt.
1467 5179 1516 5250 Ut
1544 5179 1579 5248 id
1610 5190 1758 5253 monete
1790 5201 1828 5250 eo
1860 5202 1987 5255 summo
2016 5179 2128 5248 studio
2158 5181 2252 5260 but·
