4942 5982
317 293 377 354 127

314 477 380 545 mei
400 476 519 542 oblitus
540 476 641 542 verba
662 475 748 561 apud
766 497 823 542 vos
841 475 1022 560 profundo?
1067 475 1172 557 Quasi
1190 477 1283 544 vobis

314 571 382 630 tam
403 561 528 628 misello
550 562 594 628 sit
614 583 695 645 opus
717 564 890 642 monitore,
913 583 1013 646 quum
1035 562 1100 626 iam
1121 573 1153 628 et
1174 563 1282 629 velitis

314 658 348 714 et
374 648 547 725 noveritis,
581 669 618 714 ao
646 668 710 712 non
737 647 850 713 dubito
876 647 995 732 agatis,
1022 647 1116 712 iuxta
1141 648 1282 732 gratiam

313 754 412 817 qnam
423 731 513 798 dedit
523 733 614 799 vobis
624 733 793 812 Dominus,
815 753 874 816 pro
895 733 952 797 illa
973 732 1116 798 ecclesia.
1157 734 1282 798 Verum

313 839 380 884 non
401 827 481 901 puto
509 839 567 884 vos
593 818 647 883 vel
674 840 767 884 secus
796 827 985 901 accepturos
1013 838 1111 902 qnam
1138 818 1281 884 solemus

311 903 499 988 languentis
520 904 670 986 excipere
691 911 777 1004 vota,
799 912 833 968 et
854 925 936 1002 quae
953 904 1105 1003 proponit
1121 905 1221 982 varia,
1245 913 1282 968 ιιι

312 987 748 1158 ttttttttttttt
767 989 1281 1157 littltittttltt‘ltt

312 1159 453 1226 scribam
481 1159 708 1242 expendentes.
757 1160 841 1224 Nam
869 1161 961 1224 iuvat
986 1159 1043 1235 ita,
1072 1179 1131 1242 pro
1158 1159 1281 1244 insigni

312 1245 435 1312 iniuria
456 1266 521 1328 qua
541 1245 588 1310 sio
608 1266 661 1310 me
689 1252 889 1327 prostratum
914 1242 1019 1320 video,
1045 1244 1123 1309 dum
1150 1265 1217 1310 non
1245 1267 1280 1310 se

313 1332 398 1430 gerit
419 1349 479 1395 nec
501 1331 602 1414 gessit
619 1351 744 1412 pauper
761 1330 894 1396 ecelesia
913 1327 975 1416 [at]
995 1328 1095 1409 decet,
1118 1329 1228 1395 conari
1244 1339 1282 1394 ut

312 1417 363 1482 rlli
384 1417 605 1499 prospiciatur,
628 1417 726 1480 etiam
749 1416 777 1480 si
799 1436 928 1498 possem
954 1436 1083 1480 summa
1109 1415 1174 1480 mei
1195 1415 1280 1480 cala-

312 1502 427 1568 mitate
450 1549 645 1566 .......
655 1499 684 1576 ⁶)
706 1501 835 1580 habeas,
862 1521 900 1566 ao
927 1498 1063 1566 credant
1088 1521 1201 1566 omnes
1228 1522 1281 1566 me

311 1607 450 1670 puerum
479 1607 587 1650 meum
614 1586 825 1674 exstipxisse,
859 1607 897 1652 ac
928 1607 1004 1650 eum
1032 1587 1087 1669 qui
1115 1593 1281 1668 uteunque

311 1679 460 1756 superest
470 1671 553 1735 nihil
565 1673 674 1737 minus
693 1692 763 1737 esse
785 1691 884 1754 quam
905 1691 1028 1736 meum:
1051 1692 1128 1749 non,
1152 1693 1280 1754 quaeso,

311 1757 486 1823 dividatur.
523 1756 618 1823 Unus
640 1765 796 1823 servetur.
836 1755 931 1822 lllius
951 1756 1035 1821 ratio
1058 1757 1217 1822 habeatur
1238 1777 1281 1821 ne

310 1849 431 1926 pereat.
486 1840 516 1908 Ο
547 1843 674 1920 fratres,
706 1841 858 1908 adiuvate
889 1862 959 1918 me,
992 1863 1034 1906 ne
1064 1849 1176 1924 pereat
1207 1863 1281 1906 mea

310 1929 409 2010 culpa
430 1936 522 1992 tants
543 1927 678 1994 ecelesia
699 1933 824 1993 curate:
853 1948 930 1992 nam
958 1925 992 1991 id
1013 1928 1156 1993 maxime
1177 1929 1280 2010 poenit

311 2013 464 2080 Christus
485 2021 518 2078 et
536 2013 684 2078 omnium
701 2011 890 2079 aedificatio.
935 2011 1031 2092 Quod
1053 2012 1132 2078 olim
1149 2013 1280 2097 peteba-

310 2119 385 2165 mus
418 2107 456 2164 ut
486 2097 654 2175 ecclesias,
688 2117 771 2180 quae
803 2099 869 2163 iam
900 2118 1004 2164 annos
1035 2097 1160 2181 aliquot
1192 2105 1281 2164 earet

311 2192 439 2268 pastore
449 2183 486 2267 ⁶),
508 2183 643 2249 meliora
664 2181 725 2248 sibi
746 2183 905 2262 studente,
926 2184 981 2266 qui
998 2197 1148 2266 praeerat
1164 2204 1280 2267 parare

312 2271 358 2336 sio
380 2291 445 2334 non
467 2268 554 2353 apud
570 2267 751 2334 Dominum
772 2269 910 2334 idoneus
931 2269 979 2332 illi
1002 2269 1135 2334 daretur
1157 2269 1280 2334 ditione

312 2353 581 2438 Vallenginiana,
620 2353 765 2419 nondum
797 2362 848 2420 est
879 2355 1046 2432 effectum,
1086 2356 1149 2420 etsi
1181 2355 1281 2420 miser

311 2440 452 2525 populus
464 2439 594 2524 saepius
612 2439 755 2522 petierit:
777 2461 838 2506 nec
856 2438 1045 2504 Landeroni
1065 2440 1163 2505 etiam
1182 2439 1279 2519 aliud,

312 2523 1280 2676 tttttttt‘tll‘lttttlcttt⁰tltttl⁸

312 2695 460 2780 Populus
491 2695 546 2761 ille
578 2631 691 2762 mis'crq
712 2633 773 2762 sub
812 2631 963 2779 podbifioe
1002 2717 1103 2781 agens
1141 2696 1281 2780 neglecti

313 2781 424 2846 omnia
452 2781 614 2864 pontilicis
644 2780 767 2846 habens
794 2782 830 2846 in
859 2788 1023 2860 senatum,
1051 2803 1118 2846 non
1146 2780 1281 2848 dubium

313 2875 365 2932 ast
391 2866 470 2949 quin
498 2866 649 2950 loquatur
677 2867 764 2950 quod
791 2866 1024 2945 sacerdotium,
1057 2875 1091 2931 ot
1126 2865 1282 2950 quidquid

313 2973 409 3018 rasus
425 2951 502 3016 olim
519 2952 724 3036 percipiebat,
746 2952 877 3036 colligat
898 2973 935 3018 ao
956 2952 1083 3018 nullum
1104 2955 1280 3036 praeliciat

313 3036 454 3103 Vestrae
471 3038 533 3102 erit
551 3037 743 3120 prudentiae
760 3046 798 3104 ut
815 3037 948 3122 expedit
964 3037 1004 3104 ds
1022 3038 1074 3104 his
1091 3060 1189 3122 agere
1206 3061 1282 3106 cum

313 3123 430 3206 quibus
440 3129 490 3188 eet
501 3143 618 3206 operae
629 3123 779 3206 pretinm,
797 3132 834 3188 ut
852 3143 919 3189 non
936 3123 1023 3188 male
1040 3123 1152 3188 audiat
1162 3145 1282 3190 nomen

312 3208 449 3274 Domini
460 3217 573 3274 nestra
583 3229 690 3288 causa,
709 3229 831 3292 nosque
849 3230 923 3275 oum
941 3216 1018 3274 nota
1028 3207 1137 3274 Deum
1148 3209 1282 3293 insuper

313 3292 406 3360 nobis
416 3293 594 3360 sentiamus
605 3295 735 3360 iratam.
768 3295 885 3360 Valete
897 3293 1022 3360 Christi
1033 3296 1128 3360 servi.
1162 3292 1283 3360 Servet

313 3400 371 3446 ros
389 3385 500 3444 tantm
517 3379 688 3459 Dominus,
714 3401 752 3446 ac
771 3378 827 3444 det
847 3389 886 3444 ut
906 3379 1108 3445 sanctissime
1129 3380 1193 3463 ipsi
1214 3402 1281 3446 ser-

312 3465 440 3530 viamus
457 3484 579 3530 omnes.
619 3464 722 3548 Onpio
742 3465 861 3531 vestris
882 3464 1101 3530 commendari
1121 3466 1281 3549 precibus,
1359 3520 1365 3533 .

313 3569 357 3614 ne
367 3556 523 3632 perpetuo
540 3550 611 3616 sino
627 3559 756 3632 pectore
772 3550 914 3615 iaceam:
940 3549 1075 3616 Fratres
1093 3571 1152 3617 vos
1169 3573 1282 3617 omnes

314 3633 422 3700 salvos
432 3635 576 3716 cupiunt,
588 3643 766 3718 optantque
774 3635 1002 3702 Gencrensem
1012 3635 1180 3704 ecclesiam
1190 3638 1282 3704 vobis

314 3739 385 3786 esee
407 3737 505 3802 quam
526 3719 884 3786 commendatissimum
894 3722 925 3804 ⁸)

416 3973 447 4038 b)
464 3991 519 4030 occ
535 3973 628 4030 dubio.

415 4043 445 4110 6)
468 4041 543 4112 Quae
563 4049 711 4112 sequenter
733 4051 863 4113 correpto
884 4047 1019 4101 oidemm.
1061 4047 1283 4116 Vollmpiaicnae

315 4112 428 4168 ditionis
445 4114 581 4168 eomitissa
598 4112 787 4176 reformationi
890 4132 960 4184 apae
975 4117 1064 4184 potuit
1073 4115 1150 4170 modo
1161 4116 1284 4170 obstabat

316 4181 449 4246 (Rumor,
467 4181 576 4250 11201,
591 4180 651 4234 ΙΙΙ
672 4179 714 4248 59,
735 4181 763 4236 V.
781 4181 796 4234 1
833 4186 854 4248 ).
892 4183 1028 4252 Oppidum
1037 4184 1195 4254 haceca,
1212 4186 1283 4238 inter

315 4254 403 4303 smum
425 4266 457 4304 ue
473 4251 560 4306 lemos
578 4250 667 4316 mbos,
684 4251 865 4320 eoempelieam
886 4253 1041 4308 ministrum
1065 4253 1184 4322 recipere
1200 4267 1283 4322 usque

314 4332 407 4372 recusa
455 4353 462 4366 .

417 4385 446 4447 'll
464 4389 519 4439 oct

417 4452 447 4518 8)
466 4453 618 4520 Epistulam
646 4455 830 4508 Referentibus
858 4458 988 4524 scriptam
1014 4458 1099 4518 faiam
1126 4466 1149 4510 et
1175 4457 1282 4526 quidem

315 4528 378 4576 cate
395 4522 510 4574 mediam
529 4539 561 4574 m.
580 4523 751 4577 Decembrem
769 4521 844 4591 1540,
863 4541 917 4579 nom
934 4532 973 4579 est
990 4527 1063 4595 qaod
1080 4528 1190 4581 dubites.
1214 4526 1282 4578 Ber·

315 4605 411 4644 moses
427 4589 478 4642 soli
495 4591 519 4641 ii
539 4599 616 4643 eram
639 4608 706 4660 ques
729 4593 762 4642 ele
778 4593 867 4646 Viretc
893 4593 1093 4649 Geceoeasebus
1115 4595 1282 4648 coneedendo

315 4658 394 4712 odire
408 4663 522 4726 poteret,
540 4657 622 4726 depae
638 4661 718 4712 rebus
737 4661 956 4714 Neocomensium
976 4664 1160 4716 ecelesiasticis
1175 4679 1281 4731 promo-

315 4727 417 4781 uendis.
457 4727 541 4794 Atque
558 4727 646 4779 eodem
663 4729 721 4792 sere
743 4735 859 4796 tempore
877 4729 1005 4782 Forellus
1022 4731 1201 4785 Wormceinm
1220 4748 1281 4799 pro·

314 4797 401 4862 foetus
426 4801 465 4848 est
484 4793 522 4846 ad
548 4795 685 4847 ostendam
714 4796 864 4851 Caluinum.
911 4799 1072 4866 Exemplum
1097 4801 1170 4870 quod
1196 4802 1282 4854 solum

315 4870 450 4932 superstes
467 4870 506 4916 est
522 4877 605 4914 otone
617 4868 734 4930 proprio
754 4866 879 4920 Farellus
896 4868 1072 4936 mbsorspoit:
1090 4869 1191 4923 t'bristi
1208 4870 1281 4922 fideli

315 4947 395 4986 servo
412 4932 505 4986 Ioanni
523 4929 633 4983 Calvino
651 4941 815 5002 symmystae
828 4945 883 4988 tum
892 4937 939 5056 pio
951 4945 1008 4989 tum
1022 4937 1101 4990 docto
1111 4938 1280 4992 Wolmaciae.

316 4999 349 5052 In
374 5007 507 5054 conventu
533 4997 700 5051 Wolmatiae.
741 5001 783 5056 30.
808 5005 864 5057 lan.
909 5003 967 5058 541.
1013 5005 1143 5059 Fortasse
1175 5007 1208 5058 de
1231 5007 1281 5060 boo

316 5068 430 5135 epistota
446 5071 480 5122 ob
498 5067 584 5121 amieo
602 5069 699 5121 certior
705 5069 804 5139 factas,
821 5089 879 5125 eam
888 5073 1127 5140 oidereeapioerot
1144 5074 1281 5128 cecinna.

1079 287 1340 357 ermonem
1364 293 1533 356 263-265

1776 477 1852 548 2114.

1567 613 1835 682 GORDERIUS
1859 611 2075 680 OAININO.

1426 766 1465 834 Ut
1488 769 1644 835 Graecam
1659 771 1771 847 redeat,
1794 771 1884 834 epioe
1904 768 2009 847 instat,
2030 767 2138 832 moltis
2154 771 2182 832 et
2200 768 2303 832 variis

1332 854 1507 920 rationibus
1531 856 1717 938 sepeliebam
1743 854 1937 936 suffodeieas,
1964 852 2130 935 confutatis
2158 853 2203 918 iis
2223 873 2304 935 quoe

1332 943 1437 1004 mestre
1458 939 1560 1005 colere
1576 945 1711 1020 possent.
2017 953 2019 960 ⁴

1442 1110 1496 1174 <lla
1513 1109 1681 1179 autogrspbo
1698 1109 1765 1164 bibl.
1784 1109 1885 1164 Gener.
1904 1107 1969 1162 Ood.
1990 1107 2046 1170 110,
2064 1108 2109 1161 l‘ol.
2127 1105 2183 1174 89.)

1424 1295 1540 1362 Ioanni
1561 1297 1700 1364 Oalvino
1721 1297 1843 1380 optimo
1864 1305 1898 1360 et
1919 1297 2084 1362 carissimo
2106 1295 2209 1362 fratri.

2003 1415 2215 1500 Argentinae.

1332 1589 1449 1656 Gratia
1475 1595 1509 1653 et
1530 1607 1595 1671 pax
1622 1587 1735 1654 aDeo
1746 1593 1982 1739 &mmm
2006 1593 2041 1652 ct
2060 1585 2204 1652 Domino
2226 1587 2303 1654 Iesu

1828 1695 1844 1739 s
1879 1721 1888 1738 .

1417 1811 1499 1889 Etsi,
1521 1810 1623 1874 frater
1643 1809 1824 1886 carissime,
1851 1809 1881 1874 is
1905 1806 1948 1873 ad
1968 1815 2001 1873 te
2026 1807 2166 1874 nuncius
2180 1807 2204 1894 ι)
2227 1829 2302 1892 pro·

1331 1895 1536 1962 licisoebetnr
1574 1903 1607 1960 et
1644 1894 1748 1960 literis
1786 1893 1871 1959 nihil
1906 1914 1988 1976 opus
2021 1913 2091 1959 esse
2123 1891 2302 1974 videretur,

1330 1983 1524 2065 praesertim
1550 2001 1652 2064 quum
1680 1979 1750 2045 sola
1775 1979 1875 2044 huius
1900 1979 2087 2062 praesentia
2114 1978 2188 2061 plus
2214 1979 2303 2062 epnd

1332 2079 1364 2132 te
1396 2068 1497 2151 possit
1528 2086 1626 2149 quam
1663 2086 1776 2131 omnes
1809 2065 1955 2130 omnium
1987 2063 2157 2146 epistolae,
2189 2073 2303 2130 tamen

1331 2153 1431 2218 huius
1463 2153 1512 2216 rei
1540 2151 1593 2218 vel
1623 2149 1814 2235 magnitudo
1847 2149 1900 2215 rel
1932 2149 2075 2234 dignitas
2107 2149 2230 2228 effecit,
2264 2157 2303 2216 ut

1331 2239 1414 2302 milri
1442 2237 1477 2302 in
1506 2245 1597 2302 tanto
1619 2238 1750 2320 negotio
1779 2234 1942 2301 silendum
1968 2255 2039 2300 ease
2067 2235 2129 2301 hoc
2157 2245 2303 2318 tempore

1331 2343 1398 2388 non
1419 2332 1578 2406 putarem.
1621 2321 1738 2406 Itaque
1759 2321 1840 2387 hacc
1862 2320 1903 2385 ad
1925 2329 1957 2385 te
1979 2319 2147 2386 celerrime
2174 2321 2301 2404 scripsi,

1331 2430 1398 2474 non
1427 2419 1494 2473 tam
1524 2414 1563 2473 ιιι
1588 2413 1622 2473 ιο
1649 2407 1799 2472 hortarer
1820 2407 1956 2488 (etenim
1984 2427 2037 2471 res
2065 2405 2138 2489 ipsa
2164 2413 2198 2470 te
2225 2407 2305 2473 satis

1331 2494 1458 2560 hortari
1477 2493 1708 2576 impellensque
1730 2491 1848 2570 debet),
1870 2511 1968 2575 qnam
1989 2499 2028 2556 ut
2043 2491 2103 2556 tibi
2121 2497 2155 2556 et
2170 2493 2305 2557 nominc

1331 2589 1387 2645 tuo
1416 2579 1570 2646 ecelesiae
1597 2577 1723 2644 christi
1755 2577 1947 2661 gratularer.
2003 2575 2095 2658 Quae
2127 2576 2216 2641 enim
2250 2598 2304 2644 res

1332 2666 1452 2744 maior,
1482 2663 1667 2748 posthanc
1693 2665 1799 2746 ipsam
1835 2661 1989 2728 eeclesiae
2021 2663 2303 2740 instaurationem,

1332 2751 1406 2816 visa
1427 2756 1477 2815 ost
1498 2751 1533 2814 in
1550 2757 1619 2815 tota
1635 2747 1792 2816 eeclesia?
1826 2747 1909 2829 Quis
1927 2747 2113 2830 triumphus
2130 2747 2207 2814 huic
2227 2768 2303 2812 con·

1332 2835 1508 2902 ferendus?
1558 2833 1589 2900 Ο
1616 2834 1840 2900 admirabilem
1874 2832 1939 2899 Dei
1979 2834 2083 2898 nostri
2115 2834 2303 2917 potentiam,

1333 2923 1521 3000 bonitatem,
1543 2919 1798 3004 providentiaml
1844 2919 1965 3002 Ecquis
1995 2919 2055 2984 hoc
2077 2917 2232 2983 humanis
2254 2919 2303 2986 vi·

1333 3007 1423 3073 ribus
1440 3009 1562 3072 lactum
1578 3006 1621 3070 iri
1643 3025 1775 3088 sperare
1791 3003 1971 3089 potuisset?
2006 3003 2185 3070 Cantemus
2201 3004 2304 3088 igitur

1332 3093 1475 3158 Domino
1497 3093 1553 3175 qui
1570 3091 1656 3157 hanc
1677 3100 1779 3156 totam
1801 3109 1932 3156 causam
1954 3111 2013 3154 suo
2028 3089 2162 3155 consilio
2184 3090 2303 3173 guber-

1333 3179 1434 3257 navit,
1456 3187 1634 3256 cantemus,
1656 3178 1800 3259 inquam,
1823 3175 1966 3242 Domino
1983 3185 2017 3240 et
2038 3174 2208 3240 laudemus
2227 3197 2304 3242 eum

1333 3264 1518 3328 cumomni
1539 3261 1659 3346 gaudio
1682 3277 1715 3326 et
1736 3262 1910 3328 alacritate.
1962 3259 2058 3341 Quae
2078 3281 2189 3340 mens,
2217 3281 2303 3344 quae

1332 3349 1600 3432 linguafiliorum
1612 3348 1675 3412 Dei
1687 3367 1914 3413 nunccessare
1930 3347 2061 3429 poterit,
2082 3345 2140 3411 ubi
2160 3346 2303 3429 primum

1332 3435 1409 3498 facti
1431 3434 1530 3504 huius
1550 3435 1638 3498 fama
1658 3431 1856 3498 dimanaritl
1901 3431 1996 3497 Itane
2023 3431 2203 3497 Dominum
2230 3453 2303 3514 pro-

1332 3521 1463 3604 fligasse
1497 3519 1648 3584 inimicos
1680 3539 1757 3584 snos
1789 3525 1828 3582 ut
1855 3517 1923 3582 suis
1950 3517 2063 3582 amicis
2090 3519 2125 3582 in
2156 3523 2303 3600 temporo

1332 3603 1540 3689 provideret?
1584 3602 1678 3684 Quae
1700 3605 1841 3681 bonitas,
1869 3603 1934 3668 nisi
1955 3623 1975 3666 a
2001 3601 2164 3668 Domino?
2210 3601 2303 3684 Quae

1332 3691 1477 3774 potentia
1507 3689 1573 3754 nisi
1603 3711 1624 3754 a
1655 3687 1798 3754 Domino
1830 3687 1923 3753 Deo?
1977 3688 2099 3772 Ecquis
2134 3689 2198 3752 erit
2233 3695 2303 3753 tam

1333 3797 1463 3855 caecus,
1493 3775 1557 3840 nisi
1582 3776 1665 3840 forte
1692 3773 1842 3858 publicus
1871 3773 1974 3838 hostis
1996 3775 2058 3838 Dei
2086 3782 2120 3837 et
2141 3774 2303 3853 ccclesiae,

1333 3863 1389 3944 qui
1410 3869 1536 3926 tantam
1558 3861 1699 3945 gratiam
1721 3882 1758 3927 ac
1780 3859 1973 3924 beneficium
2001 3879 2021 3923 a
2048 3860 2115 3922 solo
2137 3861 2207 3923 Deo
2229 3879 2304 3942 pro-

1333 3949 1454 4012 iectum
1484 3967 1554 4012 esse
1582 3967 1650 4011 nen
1675 3955 1845 4029 agnoscat,
1875 3965 1941 4009 non
1970 3945 2110 4009 fateatur
2138 3943 2302 4028 ingenue?

1334 4031 1372 4098 Si
1401 4035 1436 4096 in
1464 4031 1553 4098 duris
1580 4042 1613 4096 ct
1639 4030 1784 4097 adversis
1812 4031 1909 4096 rebus
1936 4051 2063 4094 summo
2086 4030 2137 4094 illi
2157 4029 2304 4094 omnium

1334 4120 1493 4184 bonorum
1514 4117 1619 4182 sutori
1639 4118 1762 4200 gratias
1783 4118 1910 4202 agimus
1932 4123 1966 4180 et
1988 4115 2158 4194 debemus,
2186 4135 2247 4180 nos
2268 4115 2304 4179 in

1334 4203 1397 4268 hac
1418 4213 1486 4267 tam
1507 4203 1629 4286 insigni
1651 4203 1804 4268 ecelesiae
1825 4202 1976 4267 felicitate
1998 4201 2185 4279 tacebimus,
2208 4221 2303 4283 prae-

1333 4290 1446 4354 sertim
1466 4309 1569 4370 quum
1590 4287 1644 4352 hic
1665 4301 1781 4371 agatur
1802 4286 1842 4352 de
1863 4307 1984 4371 magna
2001 4295 2035 4351 et
2050 4286 2224 4350 manifesta
2240 4286 2304 4350 Dei

1334 4375 1435 4440 nostri
1448 4372 1574 4458 gloria?
1610 4372 1697 4438 Veni
1718 4375 1829 4458 igitur,
1848 4393 1995 4454 propera,
2018 4374 2063 4436 mi
2086 4373 2194 4450 irater,
2217 4371 2303 4448 veni,

1334 4461 1424 4536 voni,
1456 4469 1494 4523 ut
1525 4458 1726 4524 exsultemus
1758 4460 1916 4536 Domino,
1955 4468 1993 4521 ut
2024 4457 2200 4522 iubilemus
2233 4458 2304 4522 Deo

1334 4543 1494 4610 servatori
1525 4553 1647 4608 nostro.
1701 4545 1812 4609 Etiam
1846 4543 1975 4608 cessas?
2030 4543 2142 4608 Etiam
2181 4541 2304 4608 delibe-

1333 4627 1472 4696 randum
1504 4627 1639 4696 censes?
1694 4629 1769 4694 Non
1802 4627 1892 4694 vides
1924 4637 1957 4693 te
1988 4629 2135 4694 revocari
2169 4649 2233 4693 non
2263 4627 2303 4692 ab

1333 4715 1520 4781 hominibus
1549 4714 1606 4780 sed
1634 4715 1767 4779 omnino
1795 4712 1909 4778 aDeo
1936 4735 1995 4796 per
2021 4714 2109 4796 ipsos
2132 4711 2302 4778 homines?

1334 4804 1380 4866 At
1401 4823 1470 4886 ego,
1493 4801 1612 4884 inquis,
1634 4820 1701 4864 non
1724 4820 1805 4882 queo
1827 4801 1987 4864 sustinere
2005 4810 2043 4864 ut
2058 4799 2304 4865 hancdeseram

1333 4895 1401 4951 tam
1423 4887 1594 4952 honestam
1616 4884 1796 4966 eeclesiam,
1824 4891 1992 4968 tantopere
2016 4883 2097 4950 milri
2120 4906 2140 4950 a
2161 4884 2303 4950 Domino

1349 5055 1416 5116 264,
1436 5057 1464 5120 1)
1483 5058 1541 5111 seit.
1560 5053 1688 5108 Foreilus
1705 5056 1755 5123 qai
1769 5053 1841 5110 boae
1857 5071 1944 5110 secura
1960 5055 2137 5110 Worrnctiam
2155 5055 2303 5120 oesmebct,

1328 5126 1570 5262 germanitatem.
1587 5121 1654 5176 Dee.
1672 5123 1809 5192 seraptem.
1847 5123 1994 5180 Gorderiee
2010 5124 2115 5179 sebolee
2126 5123 2305 5179 Neoeoetessi
