<?xml version="1.0" encoding="UTF-8"?>
<!DOCTYPE html PUBLIC "-//W3C//DTD XHTML 1.0 Transitional//EN"
    "http://www.w3.org/TR/xhtml1/DTD/xhtml1-transitional.dtd">
<html xmlns="http://www.w3.org/1999/xhtml" xml:lang="en" lang="en">
 <head>
  <title>
</title>
<meta http-equiv="Content-Type" content="text/html;charset=utf-8" />
  <meta name='ocr-system' content='tesseract 3.04.00' />
  <meta name='ocr-capabilities' content='ocr_page ocr_carea ocr_par ocr_line ocrx_word'/>
</head>
<body>
  <div class='ocr_page' id='page_1' title='image "./ioanniscalvinio04reusgoog_0310.png"; bbox 0 0 4910 5974; ppageno 0'>
   <div class='ocr_carea' id='block_1_1' title="bbox 173 259 2162 332">
    <p class='ocr_par' dir='ltr' id='par_1_1' title="bbox 173 259 2162 332">
     <span class='ocr_line' id='line_1_1' title="bbox 173 259 2162 332; baseline -0.003 -4"><span class='ocrx_word' id='word_1_1' title='bbox 173 267 235 328; x_wconf 81' lang='lat'><strong>593</strong></span> <span class='ocrx_word' id='word_1_2' title='bbox 1066 265 1145 325; x_wconf 77' lang='lat'>1543</span> <span class='ocrx_word' id='word_1_3' title='bbox 1169 259 1277 328; x_wconf 80' lang='lat' dir='ltr'><strong>IULI.</strong></span> <span class='ocrx_word' id='word_1_4' title='bbox 2097 267 2162 332; x_wconf 74' lang='grc'><strong>594</strong></span> 
     </span>
    </p>
   </div>
   <div class='ocr_carea' id='block_1_2' title="bbox 170 447 2177 2786">
    <p class='ocr_par' dir='ltr' id='par_1_2' title="bbox 170 447 2165 1133">
     <span class='ocr_line' id='line_1_2' title="bbox 172 447 2164 533; baseline 0.001 -16"><span class='ocrx_word' id='word_1_5' title='bbox 172 451 265 518; x_wconf 90' lang='lat' dir='ltr'><strong>nobis</strong></span> <span class='ocrx_word' id='word_1_6' title='bbox 286 451 342 532; x_wconf 88' lang='lat' dir='ltr'><strong>qui</strong></span> <span class='ocrx_word' id='word_1_7' title='bbox 362 469 430 516; x_wconf 88' lang='lat' dir='ltr'><strong>non</strong></span> <span class='ocrx_word' id='word_1_8' title='bbox 454 450 589 517; x_wconf 88' lang='lat' dir='ltr'><strong>moleste</strong></span> <span class='ocrx_word' id='word_1_9' title='bbox 614 451 700 516; x_wconf 79' lang='lat' dir='ltr'><strong>ferat</strong></span> <span class='ocrx_word' id='word_1_10' title='bbox 719 449 844 533; x_wconf 81' lang='lat' dir='ltr'><strong>privari</strong></span> <span class='ocrx_word' id='word_1_11' title='bbox 866 457 924 514; x_wconf 91' lang='lat' dir='ltr'><strong>toa</strong></span> <span class='ocrx_word' id='word_1_12' title='bbox 945 449 1137 532; x_wconf 89' lang='lat' dir='ltr'><strong>praesentia,</strong></span> <span class='ocrx_word' id='word_1_13' title='bbox 1189 448 1311 514; x_wconf 86' lang='lat' dir='ltr'><strong>nostris</strong></span> <span class='ocrx_word' id='word_1_14' title='bbox 1327 449 1398 514; x_wconf 89' lang='lat' dir='ltr'><strong>inre</strong></span> <span class='ocrx_word' id='word_1_15' title='bbox 1415 447 1487 514; x_wconf 89' lang='lat' dir='ltr'><strong>fieri</strong></span> <span class='ocrx_word' id='word_1_16' title='bbox 1508 469 1612 531; x_wconf 91' lang='lat' dir='ltr'><strong>posse.</strong></span> <span class='ocrx_word' id='word_1_17' title='bbox 1635 449 1676 514; x_wconf 86' lang='lat' dir='ltr'><strong>ln</strong></span> <span class='ocrx_word' id='word_1_18' title='bbox 1696 451 1762 516; x_wconf 86' lang='lat' dir='ltr'><strong>fine</strong></span> <span class='ocrx_word' id='word_1_19' title='bbox 1784 450 1950 518; x_wconf 88' lang='lat' dir='ltr'><strong>decretum</strong></span> <span class='ocrx_word' id='word_1_20' title='bbox 1971 453 2034 516; x_wconf 82' lang='lat' dir='ltr'><strong>fuit</strong></span> <span class='ocrx_word' id='word_1_21' title='bbox 2056 453 2164 518; x_wconf 89' lang='lat' dir='ltr'><strong>aDc-</strong></span> 
     </span>
     <span class='ocr_line' id='line_1_3' title="bbox 172 533 2163 620; baseline 0.002 -20"><span class='ocrx_word' id='word_1_22' title='bbox 172 536 415 620; x_wconf 76' lang='lat' dir='ltr'><strong>quarellemus,</strong></span> <span class='ocrx_word' id='word_1_23' title='bbox 438 535 596 614; x_wconf 88' lang='lat' dir='ltr'><strong>siliceret,</strong></span> <span class='ocrx_word' id='word_1_24' title='bbox 613 533 1139 620; x_wconf 85' lang='lat' dir='ltr'><strong>iugiterutipronostraethuius</strong></span> <span class='ocrx_word' id='word_1_25' title='bbox 1189 534 1288 598; x_wconf 93' lang='lat' dir='ltr'><strong>minis</strong></span> <span class='ocrx_word' id='word_1_26' title='bbox 1310 533 1395 616; x_wconf 88' lang='lat' dir='ltr'><strong>quod</strong></span> <span class='ocrx_word' id='word_1_27' title='bbox 1417 535 1627 616; x_wconf 77' lang='lat' dir='ltr'>privarentur</span> <span class='ocrx_word' id='word_1_28' title='bbox 1653 537 1785 601; x_wconf 90' lang='lat' dir='ltr'><strong>omnino</strong></span> <span class='ocrx_word' id='word_1_29' title='bbox 1813 537 1881 602; x_wconf 92' lang='lat' dir='ltr'><strong>suis</strong></span> <span class='ocrx_word' id='word_1_30' title='bbox 1902 535 2080 617; x_wconf 73' lang='lat' dir='ltr'><strong>codicibus,</strong></span> <span class='ocrx_word' id='word_1_31' title='bbox 2104 545 2163 604; x_wconf 90' lang='lat' dir='ltr'><strong>aut</strong></span> 
     </span>
     <span class='ocr_line' id='line_1_4' title="bbox 171 617 2165 704; baseline 0 -16"><span class='ocrx_word' id='word_1_32' title='bbox 171 621 325 688; x_wconf 87' lang='lat' dir='ltr'><strong>ecclesiae</strong></span> <span class='ocrx_word' id='word_1_33' title='bbox 347 619 581 687; x_wconf 87' lang='lat' dir='ltr'><strong>commoditate.</strong></span> <span class='ocrx_word' id='word_1_34' title='bbox 626 620 694 687; x_wconf 82' lang='lat' dir='ltr'><strong>Sed</strong></span> <span class='ocrx_word' id='word_1_35' title='bbox 716 621 816 686; x_wconf 86' lang='lat' dir='ltr'><strong>altera</strong></span> <span class='ocrx_word' id='word_1_36' title='bbox 846 642 887 685; x_wconf 90' lang='lat' dir='ltr'><strong>ex</strong></span> <span class='ocrx_word' id='word_1_37' title='bbox 915 629 1010 704; x_wconf 88' lang='lat' dir='ltr'><strong>parte</strong></span> <span class='ocrx_word' id='word_1_38' title='bbox 1037 619 1139 684; x_wconf 85' lang='lat' dir='ltr'><strong>laeta·</strong></span> <span class='ocrx_word' id='word_1_39' title='bbox 1190 617 1277 703; x_wconf 92' lang='lat' dir='ltr'><strong>quod</strong></span> <span class='ocrx_word' id='word_1_40' title='bbox 1296 625 1335 684; x_wconf 92' lang='lat' dir='ltr'><strong>tu</strong></span> <span class='ocrx_word' id='word_1_41' title='bbox 1351 641 1428 685; x_wconf 91' lang='lat' dir='ltr'><strong>oum</strong></span> <span class='ocrx_word' id='word_1_42' title='bbox 1445 620 1491 685; x_wconf 88' lang='grc' dir='ltr'><strong>Μ.</strong></span> <span class='ocrx_word' id='word_1_43' title='bbox 1515 619 1693 686; x_wconf 82' lang='lat' dir='ltr'><strong>Guilielmo</strong></span> <span class='ocrx_word' id='word_1_44' title='bbox 1715 620 1813 687; x_wconf 76' lang='lat' dir='ltr'><strong>Farel</strong></span> <span class='ocrx_word' id='word_1_45' title='bbox 1834 630 1868 686; x_wconf 94' lang='lat' dir='ltr'><strong>et</strong></span> <span class='ocrx_word' id='word_1_46' title='bbox 1889 623 1935 687; x_wconf 87' lang='lat' dir='ltr'><strong>M.</strong></span> <span class='ocrx_word' id='word_1_47' title='bbox 1959 623 2058 688; x_wconf 91' lang='lat' dir='ltr'><strong>Petro</strong></span> <span class='ocrx_word' id='word_1_48' title='bbox 2078 623 2165 689; x_wconf 67' lang='lat' dir='ltr'><strong>Vae</strong></span> 
     </span>
     <span class='ocr_line' id='line_1_5' title="bbox 170 703 2163 790; baseline 0.001 -18"><span class='ocrx_word' id='word_1_49' title='bbox 170 729 254 786; x_wconf 91' lang='lat' dir='ltr'><strong>mur,</strong></span> <span class='ocrx_word' id='word_1_50' title='bbox 277 705 356 772; x_wconf 89' lang='lat' dir='ltr'><strong>dum</strong></span> <span class='ocrx_word' id='word_1_51' title='bbox 379 705 420 772; x_wconf 88' lang='lat' dir='ltr'><strong>ad</strong></span> <span class='ocrx_word' id='word_1_52' title='bbox 441 706 581 786; x_wconf 89' lang='lat' dir='ltr'><strong>oculum,</strong></span> <span class='ocrx_word' id='word_1_53' title='bbox 604 707 688 790; x_wconf 91' lang='lat' dir='ltr'><strong>quod</strong></span> <span class='ocrx_word' id='word_1_54' title='bbox 705 708 807 783; x_wconf 88' lang='lat' dir='ltr'><strong>aiunt,</strong></span> <span class='ocrx_word' id='word_1_55' title='bbox 833 706 1048 788; x_wconf 87' lang='lat' dir='ltr'><strong>conspicimus</strong></span> <span class='ocrx_word' id='word_1_56' title='bbox 1070 713 1140 769; x_wconf 90' lang='lat' dir='ltr'><strong>tam</strong></span> <span class='ocrx_word' id='word_1_57' title='bbox 1189 705 1377 771; x_wconf 88' lang='lat' dir='ltr'><strong>indicaretis</strong></span> <span class='ocrx_word' id='word_1_58' title='bbox 1394 703 1473 788; x_wconf 92' lang='lat' dir='ltr'><strong>quid</strong></span> <span class='ocrx_word' id='word_1_59' title='bbox 1490 725 1631 788; x_wconf 91' lang='lat' dir='ltr'><strong>aequum</strong></span> <span class='ocrx_word' id='word_1_60' title='bbox 1648 705 1740 772; x_wconf 82' lang='lat' dir='ltr'><strong>vobis</strong></span> <span class='ocrx_word' id='word_1_61' title='bbox 1758 706 1931 772; x_wconf 83' lang='lat' dir='ltr'><strong>videretur.</strong></span> <span class='ocrx_word' id='word_1_62' title='bbox 1955 707 2068 788; x_wconf 77' lang='lat' dir='ltr'><strong>Quare</strong></span> <span class='ocrx_word' id='word_1_63' title='bbox 2086 709 2163 774; x_wconf 91' lang='lat' dir='ltr'><strong>mit-</strong></span> 
     </span>
     <span class='ocr_line' id='line_1_6' title="bbox 171 790 2162 873; baseline -0.001 -12"><span class='ocrx_word' id='word_1_64' title='bbox 171 801 305 861; x_wconf 88' lang='lat' dir='ltr'><strong>strenue</strong></span> <span class='ocrx_word' id='word_1_65' title='bbox 327 801 359 858; x_wconf 91' lang='lat' dir='ltr'><strong>te</strong></span> <span class='ocrx_word' id='word_1_66' title='bbox 380 791 529 858; x_wconf 85' lang='lat' dir='ltr'><strong>laborare</strong></span> <span class='ocrx_word' id='word_1_67' title='bbox 548 793 583 857; x_wconf 93' lang='lat' dir='ltr'><strong>in</strong></span> <span class='ocrx_word' id='word_1_68' title='bbox 599 794 732 858; x_wconf 89' lang='lat' dir='ltr'><strong>eeclesia</strong></span> <span class='ocrx_word' id='word_1_69' title='bbox 754 790 889 856; x_wconf 90' lang='lat' dir='ltr'><strong>Domini</strong></span> <span class='ocrx_word' id='word_1_70' title='bbox 912 790 1138 870; x_wconf 90' lang='lat' dir='ltr'><strong>construenda,</strong></span> <span class='ocrx_word' id='word_1_71' title='bbox 1189 790 1290 856; x_wconf 90' lang='lat' dir='ltr'><strong>timus</strong></span> <span class='ocrx_word' id='word_1_72' title='bbox 1311 791 1353 854; x_wconf 92' lang='lat' dir='ltr'><strong>ad</strong></span> <span class='ocrx_word' id='word_1_73' title='bbox 1370 799 1403 856; x_wconf 92' lang='lat' dir='ltr'><strong>te</strong></span> <span class='ocrx_word' id='word_1_74' title='bbox 1425 791 1630 873; x_wconf 86' lang='lat' dir='ltr'><strong>exemplaria</strong></span> <span class='ocrx_word' id='word_1_75' title='bbox 1673 791 1770 857; x_wconf 89' lang='lat' dir='ltr'><strong>Nunc</strong></span> <span class='ocrx_word' id='word_1_76' title='bbox 1796 801 1936 858; x_wconf 87' lang='lat' dir='ltr'><strong>restaret</strong></span> <span class='ocrx_word' id='word_1_77' title='bbox 1956 799 2085 860; x_wconf 90' lang='lat' dir='ltr'><strong>nostros</strong></span> <span class='ocrx_word' id='word_1_78' title='bbox 2105 815 2162 859; x_wconf 90' lang='lat' dir='ltr'><strong>su·</strong></span> 
     </span>
     <span class='ocr_line' id='line_1_7' title="bbox 172 875 2164 963; baseline 0.001 -20"><span class='ocrx_word' id='word_1_79' title='bbox 172 899 234 962; x_wconf 87' lang='lat' dir='ltr'><strong>qno</strong></span> <span class='ocrx_word' id='word_1_80' title='bbox 253 879 292 942; x_wconf 88' lang='lat' dir='ltr'><strong>fit</strong></span> <span class='ocrx_word' id='word_1_81' title='bbox 313 885 351 942; x_wconf 94' lang='lat' dir='ltr'><strong>ut</strong></span> <span class='ocrx_word' id='word_1_82' title='bbox 371 877 480 944; x_wconf 91' lang='lat' dir='ltr'><strong>nullus</strong></span> <span class='ocrx_word' id='word_1_83' title='bbox 509 899 574 943; x_wconf 91' lang='lat' dir='ltr'><strong>non</strong></span> <span class='ocrx_word' id='word_1_84' title='bbox 601 878 708 943; x_wconf 82' lang='lat' dir='ltr'><strong>videat</strong></span> <span class='ocrx_word' id='word_1_85' title='bbox 730 885 762 942; x_wconf 89' lang='lat' dir='ltr'><strong>te</strong></span> <span class='ocrx_word' id='word_1_86' title='bbox 783 897 803 940; x_wconf 92' lang='lat' dir='ltr'><strong>a</strong></span> <span class='ocrx_word' id='word_1_87' title='bbox 824 876 967 942; x_wconf 93' lang='lat' dir='ltr'><strong>Domino</strong></span> <span class='ocrx_word' id='word_1_88' title='bbox 996 876 1139 941; x_wconf 87' lang='lat' dir='ltr'><strong>destina·</strong></span> <span class='ocrx_word' id='word_1_89' title='bbox 1190 875 1356 960; x_wconf 87' lang='lat' dir='ltr'><strong>gillatores</strong></span> <span class='ocrx_word' id='word_1_90' title='bbox 1377 875 1530 943; x_wconf 88' lang='lat' dir='ltr'><strong>accedere</strong></span> <span class='ocrx_word' id='word_1_91' title='bbox 1551 876 1593 940; x_wconf 93' lang='lat' dir='ltr'><strong>ad</strong></span> <span class='ocrx_word' id='word_1_92' title='bbox 1615 897 1690 942; x_wconf 88' lang='lat' dir='ltr'><strong>suos</strong></span> <span class='ocrx_word' id='word_1_93' title='bbox 1712 877 1835 944; x_wconf 90' lang='lat' dir='ltr'><strong>indices</strong></span> <span class='ocrx_word' id='word_1_94' title='bbox 1855 879 1923 945; x_wconf 93' lang='lat' dir='ltr'><strong>suis</strong></span> <span class='ocrx_word' id='word_1_95' title='bbox 1941 881 2102 963; x_wconf 89' lang='lat' dir='ltr'><strong>expensis,</strong></span> <span class='ocrx_word' id='word_1_96' title='bbox 2124 889 2164 944; x_wconf 93' lang='lat' dir='ltr'><strong>ut</strong></span> 
     </span>
     <span class='ocr_line' id='line_1_8' title="bbox 171 961 2164 1048; baseline 0 -18"><span class='ocrx_word' id='word_1_97' title='bbox 171 973 242 1030; x_wconf 90' lang='lat' dir='ltr'><strong>tum</strong></span> <span class='ocrx_word' id='word_1_98' title='bbox 263 972 300 1028; x_wconf 91' lang='lat' dir='ltr'><strong>ut</strong></span> <span class='ocrx_word' id='word_1_99' title='bbox 320 963 441 1028; x_wconf 87' lang='lat' dir='ltr'><strong>invites</strong></span> <span class='ocrx_word' id='word_1_100' title='bbox 463 963 604 1046; x_wconf 89' lang='lat' dir='ltr'><strong>reliquos</strong></span> <span class='ocrx_word' id='word_1_101' title='bbox 630 965 746 1029; x_wconf 81' lang='lat' dir='ltr'><strong>tratres</strong></span> <span class='ocrx_word' id='word_1_102' title='bbox 774 963 815 1027; x_wconf 91' lang='lat' dir='ltr'><strong>ad</strong></span> <span class='ocrx_word' id='word_1_103' title='bbox 842 961 979 1028; x_wconf 84' lang='lat' dir='ltr'><strong>verbum</strong></span> <span class='ocrx_word' id='word_1_104' title='bbox 1005 961 1139 1026; x_wconf 91' lang='lat' dir='ltr'><strong>Domini</strong></span> <span class='ocrx_word' id='word_1_105' title='bbox 1191 961 1360 1026; x_wconf 87' lang='lat' dir='ltr'><strong>definitum</strong></span> <span class='ocrx_word' id='word_1_106' title='bbox 1386 961 1465 1039; x_wconf 84' lang='lat' dir='ltr'><strong>fuit,</strong></span> <span class='ocrx_word' id='word_1_107' title='bbox 1490 963 1516 1026; x_wconf 95' lang='lat' dir='ltr'><strong>si</strong></span> <span class='ocrx_word' id='word_1_108' title='bbox 1545 981 1658 1026; x_wconf 89' lang='lat' dir='ltr'><strong>eorum</strong></span> <span class='ocrx_word' id='word_1_109' title='bbox 1676 983 1783 1046; x_wconf 63' lang='lat' dir='ltr'><strong>vopera</strong></span> <span class='ocrx_word' id='word_1_110' title='bbox 1806 971 1931 1048; x_wconf 79' lang='lat' dir='ltr'>egeret:</span> <span class='ocrx_word' id='word_1_111' title='bbox 1962 983 2023 1030; x_wconf 92' lang='lat' dir='ltr'><strong>nec</strong></span> <span class='ocrx_word' id='word_1_112' title='bbox 2050 973 2164 1030; x_wconf 88' lang='lat' dir='ltr'><strong>tamen</strong></span> 
     </span>
     <span class='ocr_line' id='line_1_9' title="bbox 171 1046 1603 1133; baseline -0.003 -18"><span class='ocrx_word' id='word_1_113' title='bbox 171 1049 400 1133; x_wconf 89' lang='lat' dir='ltr'><strong>recipiendum.</strong></span> <span class='ocrx_word' id='word_1_114' title='bbox 1191 1046 1354 1112; x_wconf 90' lang='lat' dir='ltr'><strong>credimus</strong></span> <span class='ocrx_word' id='word_1_115' title='bbox 1375 1067 1430 1112; x_wconf 88' lang='lat' dir='ltr'><strong>eos</strong></span> <span class='ocrx_word' id='word_1_116' title='bbox 1452 1047 1603 1113; x_wconf 87' lang='lat' dir='ltr'><strong>abituros.</strong></span> 
     </span>
    </p>

    <p class='ocr_par' dir='ltr' id='par_1_3' title="bbox 170 1131 2177 2786">
     <span class='ocr_line' id='line_1_10' title="bbox 256 1131 2164 1219; baseline 0.001 -19"><span class='ocrx_word' id='word_1_117' title='bbox 256 1133 415 1219; x_wconf 73' lang='lat' dir='ltr'>Superest</span> <span class='ocrx_word' id='word_1_118' title='bbox 437 1135 499 1200; x_wconf 90' lang='lat' dir='ltr'><strong>hoc</strong></span> <span class='ocrx_word' id='word_1_119' title='bbox 521 1155 623 1198; x_wconf 92' lang='lat' dir='ltr'><strong>unum</strong></span> <span class='ocrx_word' id='word_1_120' title='bbox 646 1142 680 1198; x_wconf 90' lang='lat' dir='ltr'><strong>et</strong></span> <span class='ocrx_word' id='word_1_121' title='bbox 700 1135 912 1218; x_wconf 87' lang='lat' dir='ltr'><strong>praecipuum</strong></span> <span class='ocrx_word' id='word_1_122' title='bbox 933 1133 1018 1218; x_wconf 90' lang='lat' dir='ltr'><strong>quod</strong></span> <span class='ocrx_word' id='word_1_123' title='bbox 1040 1133 1139 1198; x_wconf 81' lang='lat' dir='ltr'><strong>silen—</strong></span> <span class='ocrx_word' id='word_1_124' title='bbox 1276 1131 1382 1197; x_wconf 90' lang='lat' dir='ltr'><strong>Plura</strong></span> <span class='ocrx_word' id='word_1_125' title='bbox 1412 1133 1447 1196; x_wconf 91' lang='lat' dir='ltr'><strong>in</strong></span> <span class='ocrx_word' id='word_1_126' title='bbox 1474 1133 1658 1216; x_wconf 86' lang='lat' dir='ltr'><strong>praesentia</strong></span> <span class='ocrx_word' id='word_1_127' title='bbox 1692 1153 1760 1198; x_wconf 90' lang='lat' dir='ltr'><strong>non</strong></span> <span class='ocrx_word' id='word_1_128' title='bbox 1787 1144 1962 1200; x_wconf 90' lang='lat' dir='ltr'><strong>occurrunt</strong></span> <span class='ocrx_word' id='word_1_129' title='bbox 1993 1133 2164 1202; x_wconf 86' lang='lat' dir='ltr'><strong>scribenda</strong></span> 
     </span>
     <span class='ocr_line' id='line_1_11' title="bbox 171 1218 2164 1304; baseline 0.001 -18"><span class='ocrx_word' id='word_1_130' title='bbox 171 1223 216 1286; x_wconf 93' lang='lat' dir='ltr'><strong>tio</strong></span> <span class='ocrx_word' id='word_1_131' title='bbox 247 1221 426 1304; x_wconf 87' lang='lat' dir='ltr'><strong>praeterire</strong></span> <span class='ocrx_word' id='word_1_132' title='bbox 458 1239 523 1284; x_wconf 91' lang='lat' dir='ltr'><strong>non</strong></span> <span class='ocrx_word' id='word_1_133' title='bbox 556 1219 720 1297; x_wconf 89' lang='lat' dir='ltr'><strong>debemus,</strong></span> <span class='ocrx_word' id='word_1_134' title='bbox 761 1239 878 1302; x_wconf 80' lang='lat' dir='ltr'><strong>nempe</strong></span> <span class='ocrx_word' id='word_1_135' title='bbox 910 1218 1004 1301; x_wconf 89' lang='lat' dir='ltr'><strong>quod,</strong></span> <span class='ocrx_word' id='word_1_136' title='bbox 1037 1239 1138 1301; x_wconf 89' lang='lat' dir='ltr'><strong>quum</strong></span> <span class='ocrx_word' id='word_1_137' title='bbox 1190 1237 1273 1302; x_wconf 86' lang='lat' dir='ltr'><strong>quae</strong></span> <span class='ocrx_word' id='word_1_138' title='bbox 1301 1225 1372 1283; x_wconf 90' lang='lat' dir='ltr'><strong>tuto</strong></span> <span class='ocrx_word' id='word_1_139' title='bbox 1398 1218 1502 1284; x_wconf 90' lang='lat' dir='ltr'><strong>literis</strong></span> <span class='ocrx_word' id='word_1_140' title='bbox 1524 1219 1777 1298; x_wconf 77' lang='lat' dir='ltr'><strong>committamus,</strong></span> <span class='ocrx_word' id='word_1_141' title='bbox 1799 1221 1864 1284; x_wconf 89' lang='lat' dir='ltr'><strong>nisi</strong></span> <span class='ocrx_word' id='word_1_142' title='bbox 1886 1219 1972 1303; x_wconf 91' lang='lat' dir='ltr'><strong>quod</strong></span> <span class='ocrx_word' id='word_1_143' title='bbox 1993 1242 2013 1285; x_wconf 91' lang='lat' dir='ltr'><strong>a</strong></span> <span class='ocrx_word' id='word_1_144' title='bbox 2033 1221 2164 1287; x_wconf 85' lang='lat' dir='ltr'><strong>novilu-</strong></span> 
     </span>
     <span class='ocr_line' id='line_1_12' title="bbox 170 1303 2163 1390; baseline 0.002 -19"><span class='ocrx_word' id='word_1_145' title='bbox 170 1307 314 1390; x_wconf 89' lang='lat' dir='ltr'><strong>primnm</strong></span> <span class='ocrx_word' id='word_1_146' title='bbox 335 1306 528 1390; x_wconf 77' lang='lat' dir='ltr'><strong>impostores</strong></span> <span class='ocrx_word' id='word_1_147' title='bbox 549 1305 689 1388; x_wconf 90' lang='lat' dir='ltr'><strong>quidam,</strong></span> <span class='ocrx_word' id='word_1_148' title='bbox 718 1327 759 1370; x_wconf 88' lang='lat' dir='ltr'><strong>ex</strong></span> <span class='ocrx_word' id='word_1_149' title='bbox 781 1325 919 1388; x_wconf 88' lang='lat' dir='ltr'><strong>quorum</strong></span> <span class='ocrx_word' id='word_1_150' title='bbox 940 1323 1078 1369; x_wconf 91' lang='lat' dir='ltr'><strong>numero</strong></span> <span class='ocrx_word' id='word_1_151' title='bbox 1106 1310 1140 1368; x_wconf 91' lang='lat' dir='ltr'><strong>et</strong></span> <span class='ocrx_word' id='word_1_152' title='bbox 1190 1304 1246 1368; x_wconf 92' lang='lat' dir='ltr'><strong>nic</strong></span> <span class='ocrx_word' id='word_1_153' title='bbox 1268 1303 1450 1387; x_wconf 87' lang='lat' dir='ltr'><strong>complures</strong></span> <span class='ocrx_word' id='word_1_154' title='bbox 1472 1304 1596 1370; x_wconf 86' lang='lat' dir='ltr'><strong>invasit</strong></span> <span class='ocrx_word' id='word_1_155' title='bbox 1616 1304 1760 1388; x_wconf 90' lang='lat' dir='ltr'><strong>pestis.⁴)</strong></span> <span class='ocrx_word' id='word_1_156' title='bbox 1793 1303 1969 1384; x_wconf 81' lang='lat' dir='ltr'><strong>Salotabis,</strong></span> <span class='ocrx_word' id='word_1_157' title='bbox 1992 1307 2020 1371; x_wconf 92' lang='lat' dir='ltr'><strong>si</strong></span> <span class='ocrx_word' id='word_1_158' title='bbox 2045 1307 2163 1389; x_wconf 84' lang='lat' dir='ltr'><strong>placet,</strong></span> 
     </span>
     <span class='ocr_line' id='line_1_13' title="bbox 170 1389 2163 1474; baseline 0.001 -17"><span class='ocrx_word' id='word_1_159' title='bbox 170 1393 302 1457; x_wconf 91' lang='lat' dir='ltr'><strong>illorum</strong></span> <span class='ocrx_word' id='word_1_160' title='bbox 324 1399 423 1474; x_wconf 90' lang='lat' dir='ltr'><strong>caput</strong></span> <span class='ocrx_word' id='word_1_161' title='bbox 444 1400 495 1456; x_wconf 91' lang='lat' dir='ltr'><strong>est</strong></span> <span class='ocrx_word' id='word_1_162' title='bbox 514 1389 572 1456; x_wconf 90' lang='lat' dir='ltr'><strong>ille</strong></span> <span class='ocrx_word' id='word_1_163' title='bbox 591 1390 749 1456; x_wconf 86' lang='lat' dir='ltr'><strong>Olaudius</strong></span> <span class='ocrx_word' id='word_1_164' title='bbox 766 1389 905 1473; x_wconf 80' lang='lat' dir='ltr'><strong>Boyseet,</strong></span> <span class='ocrx_word' id='word_1_165' title='bbox 916 1390 945 1472; x_wconf 82' lang='lat'><strong>⁸)</strong></span> <span class='ocrx_word' id='word_1_166' title='bbox 967 1397 1140 1455; x_wconf 90' lang='lat' dir='ltr'><strong>senserunt</strong></span> <span class='ocrx_word' id='word_1_167' title='bbox 1190 1397 1302 1455; x_wconf 90' lang='lat' dir='ltr'><strong>nostro</strong></span> <span class='ocrx_word' id='word_1_168' title='bbox 1320 1389 1452 1455; x_wconf 90' lang='lat' dir='ltr'><strong>nomine</strong></span> <span class='ocrx_word' id='word_1_169' title='bbox 1471 1389 1669 1473; x_wconf 77' lang='lat' dir='ltr'><strong>Magistrum</strong></span> <span class='ocrx_word' id='word_1_170' title='bbox 1687 1389 1902 1456; x_wconf 82' lang='lat' dir='ltr'><strong>Guilielmum</strong></span> <span class='ocrx_word' id='word_1_171' title='bbox 1920 1390 2019 1456; x_wconf 83' lang='lat' dir='ltr'><strong>Farel</strong></span> <span class='ocrx_word' id='word_1_172' title='bbox 2035 1411 2072 1456; x_wconf 91' lang='lat' dir='ltr'><strong>ao</strong></span> <span class='ocrx_word' id='word_1_173' title='bbox 2089 1413 2163 1458; x_wconf 87' lang='lat' dir='ltr'><strong>oae-</strong></span> 
     </span>
     <span class='ocr_line' id='line_1_14' title="bbox 172 1475 2164 1560; baseline 0.001 -17"><span class='ocrx_word' id='word_1_174' title='bbox 172 1487 204 1542; x_wconf 87' lang='lat' dir='ltr'><strong>te</strong></span> <span class='ocrx_word' id='word_1_175' title='bbox 225 1477 347 1555; x_wconf 87' lang='lat' dir='ltr'><strong>abesse,</strong></span> <span class='ocrx_word' id='word_1_176' title='bbox 370 1497 448 1540; x_wconf 85' lang='lat' dir='ltr'><strong>mox</strong></span> <span class='ocrx_word' id='word_1_177' title='bbox 468 1477 675 1558; x_wconf 89' lang='lat' dir='ltr'><strong>protulerunt</strong></span> <span class='ocrx_word' id='word_1_178' title='bbox 695 1475 853 1560; x_wconf 87' lang='lat' dir='ltr'><strong>quaedam</strong></span> <span class='ocrx_word' id='word_1_179' title='bbox 875 1477 909 1540; x_wconf 93' lang='lat' dir='ltr'><strong>in</strong></span> <span class='ocrx_word' id='word_1_180' title='bbox 931 1475 1037 1540; x_wconf 89' lang='lat' dir='ltr'><strong>lucem</strong></span> <span class='ocrx_word' id='word_1_181' title='bbox 1057 1493 1139 1557; x_wconf 89' lang='lat' dir='ltr'><strong>qaae</strong></span> <span class='ocrx_word' id='word_1_182' title='bbox 1190 1483 1278 1540; x_wconf 92' lang='lat' dir='ltr'><strong>teros</strong></span> <span class='ocrx_word' id='word_1_183' title='bbox 1310 1476 1435 1540; x_wconf 81' lang='lat' dir='ltr'><strong>tratres.</strong></span> <span class='ocrx_word' id='word_1_184' title='bbox 1479 1475 1572 1541; x_wconf 91' lang='lat' dir='ltr'><strong>Bene</strong></span> <span class='ocrx_word' id='word_1_185' title='bbox 1604 1475 1687 1542; x_wconf 86' lang='lat' dir='ltr'><strong>vale.</strong></span> <span class='ocrx_word' id='word_1_186' title='bbox 1727 1477 1781 1540; x_wconf 82' lang='lat' dir='ltr'><strong>Ex</strong></span> <span class='ocrx_word' id='word_1_187' title='bbox 1809 1475 1996 1544; x_wconf 83' lang='lat' dir='ltr'><strong>Genevensi</strong></span> <span class='ocrx_word' id='word_1_188' title='bbox 2029 1478 2164 1544; x_wconf 64' lang='lat' dir='ltr'><strong>civiate</strong></span> 
     </span>
     <span class='ocr_line' id='line_1_15' title="bbox 171 1560 1345 1645; baseline -0.003 -17"><span class='ocrx_word' id='word_1_189' title='bbox 171 1563 253 1628; x_wconf 79' lang='lat' dir='ltr'><strong>falso</strong></span> <span class='ocrx_word' id='word_1_190' title='bbox 284 1563 408 1628; x_wconf 89' lang='lat' dir='ltr'><strong>iactant</strong></span> <span class='ocrx_word' id='word_1_191' title='bbox 439 1572 632 1645; x_wconf 86' lang='lat' dir='ltr'><strong>argumenta</strong></span> <span class='ocrx_word' id='word_1_192' title='bbox 662 1581 720 1626; x_wconf 92' lang='lat' dir='ltr'><strong>seu</strong></span> <span class='ocrx_word' id='word_1_193' title='bbox 758 1561 880 1626; x_wconf 88' lang='lat' dir='ltr'><strong>iudicia</strong></span> <span class='ocrx_word' id='word_1_194' title='bbox 918 1561 1139 1644; x_wconf 87' lang='lat' dir='ltr'><strong>suprascripta</strong></span> <span class='ocrx_word' id='word_1_195' title='bbox 1195 1565 1240 1625; x_wconf 90' lang='lat' dir='ltr'><strong>ll.</strong></span> <span class='ocrx_word' id='word_1_196' title='bbox 1259 1560 1345 1626; x_wconf 88' lang='lat' dir='ltr'><strong>Iulii.</strong></span> 
     </span>
     <span class='ocr_line' id='line_1_16' title="bbox 172 1645 1846 1732; baseline -0.003 -16"><span class='ocrx_word' id='word_1_197' title='bbox 172 1648 308 1732; x_wconf 87' lang='lat' dir='ltr'><strong>singulis</strong></span> <span class='ocrx_word' id='word_1_198' title='bbox 330 1647 490 1730; x_wconf 89' lang='lat' dir='ltr'><strong>capitibus</strong></span> <span class='ocrx_word' id='word_1_199' title='bbox 511 1647 596 1712; x_wconf 86' lang='lat' dir='ltr'><strong>Novi</strong></span> <span class='ocrx_word' id='word_1_200' title='bbox 624 1647 822 1713; x_wconf 68' lang='lat' dir='ltr'><strong>Testamenti</strong></span> <span class='ocrx_word' id='word_1_201' title='bbox 850 1646 935 1729; x_wconf 88' lang='lat' dir='ltr'><strong>quod</strong></span> <span class='ocrx_word' id='word_1_202' title='bbox 962 1647 1139 1712; x_wconf 82' lang='lat' dir='ltr'><strong>novissime</strong></span> <span class='ocrx_word' id='word_1_203' title='bbox 1642 1646 1706 1710; x_wconf 76' lang='lat' dir='ltr'><strong>Tui</strong></span> <span class='ocrx_word' id='word_1_204' title='bbox 1728 1645 1846 1711; x_wconf 83' lang='lat' dir='ltr'><strong>fratres</strong></span> 
     </span>
     <span class='ocr_line' id='line_1_17' title="bbox 172 1729 2162 1818; baseline 0 -18"><span class='ocrx_word' id='word_1_205' title='bbox 172 1733 354 1818; x_wconf 85' lang='lat' dir='ltr'><strong>castigasti:</strong></span> <span class='ocrx_word' id='word_1_206' title='bbox 373 1753 510 1814; x_wconf 89' lang='lat' dir='ltr'><strong>quorum</strong></span> <span class='ocrx_word' id='word_1_207' title='bbox 527 1733 656 1798; x_wconf 86' lang='lat' dir='ltr'><strong>insania</strong></span> <span class='ocrx_word' id='word_1_208' title='bbox 667 1731 925 1815; x_wconf 88' lang='lat' dir='ltr'><strong>acimpudentia‚</strong></span> <span class='ocrx_word' id='word_1_209' title='bbox 945 1731 1009 1796; x_wconf 93' lang='lat' dir='ltr'><strong>nisi</strong></span> <span class='ocrx_word' id='word_1_210' title='bbox 1019 1753 1139 1816; x_wconf 88' lang='lat' dir='ltr'><strong>magno</strong></span> <span class='ocrx_word' id='word_1_211' title='bbox 1317 1729 1492 1814; x_wconf 90' lang='lat' dir='ltr'><strong>Philippus</strong></span> <span class='ocrx_word' id='word_1_212' title='bbox 1509 1729 1550 1795; x_wconf 91' lang='lat' dir='ltr'><strong>ab</strong></span> <span class='ocrx_word' id='word_1_213' title='bbox 1567 1731 1723 1798; x_wconf 85' lang='lat' dir='ltr'><strong>Ecclesia.</strong></span> <span class='ocrx_word' id='word_1_214' title='bbox 1767 1729 1880 1796; x_wconf 83' lang='lat' dir='ltr'><strong>David</strong></span> <span class='ocrx_word' id='word_1_215' title='bbox 1903 1729 2162 1816; x_wconf 83' lang='lat' dir='ltr'><strong>Ohamperellus.</strong></span> 
     </span>
     <span class='ocr_line' id='line_1_18' title="bbox 172 1815 2117 1908; baseline -0.001 -22"><span class='ocrx_word' id='word_1_216' title='bbox 172 1822 298 1902; x_wconf 90' lang='lat' dir='ltr'><strong>impetu</strong></span> <span class='ocrx_word' id='word_1_217' title='bbox 323 1827 357 1884; x_wconf 87' lang='lat' dir='ltr'><strong>et</strong></span> <span class='ocrx_word' id='word_1_218' title='bbox 381 1839 512 1883; x_wconf 90' lang='lat' dir='ltr'><strong>summa</strong></span> <span class='ocrx_word' id='word_1_219' title='bbox 540 1816 710 1901; x_wconf 80' lang='lat' dir='ltr'><strong>diligentia</strong></span> <span class='ocrx_word' id='word_1_220' title='bbox 736 1819 998 1895; x_wconf 88' lang='lat' dir='ltr'><strong>occurrissemus,</strong></span> <span class='ocrx_word' id='word_1_221' title='bbox 1028 1817 1138 1882; x_wconf 89' lang='lat' dir='ltr'><strong>detur·</strong></span> <span class='ocrx_word' id='word_1_222' title='bbox 1318 1816 1506 1884; x_wconf 87' lang='lat' dir='ltr'><strong>Matthaeus</strong></span> <span class='ocrx_word' id='word_1_223' title='bbox 1528 1816 1705 1883; x_wconf 82' lang='lat' dir='ltr'><strong>Gencston.</strong></span> <span class='ocrx_word' id='word_1_224' title='bbox 1772 1815 1897 1884; x_wconf 88' lang='lat' dir='ltr'><strong>Abelus</strong></span> <span class='ocrx_word' id='word_1_225' title='bbox 1918 1817 2117 1908; x_wconf 62' lang='lat' dir='ltr'><strong>lffouppinus.</strong></span> 
     </span>
     <span class='ocr_line' id='line_1_19' title="bbox 172 1901 1877 1992; baseline -0.001 -24"><span class='ocrx_word' id='word_1_226' title='bbox 172 1914 306 1992; x_wconf 87' lang='lat' dir='ltr'><strong>passent</strong></span> <span class='ocrx_word' id='word_1_227' title='bbox 334 1905 433 1969; x_wconf 87' lang='lat' dir='ltr'><strong>huius</strong></span> <span class='ocrx_word' id='word_1_228' title='bbox 461 1903 613 1968; x_wconf 90' lang='lat' dir='ltr'><strong>ecclesiae</strong></span> <span class='ocrx_word' id='word_1_229' title='bbox 642 1923 769 1968; x_wconf 88' lang='lat' dir='ltr'><strong>nomen.</strong></span> <span class='ocrx_word' id='word_1_230' title='bbox 821 1901 1015 1969; x_wconf 83' lang='lat' dir='ltr'><strong>Statuerant</strong></span> <span class='ocrx_word' id='word_1_231' title='bbox 1041 1903 1138 1981; x_wconf 90' lang='lat' dir='ltr'><strong>enim,</strong></span> <span class='ocrx_word' id='word_1_232' title='bbox 1598 1903 1638 1967; x_wconf 87' lang='lat' dir='ltr'><strong>L.</strong></span> <span class='ocrx_word' id='word_1_233' title='bbox 1661 1901 1877 1985; x_wconf 77' lang='lat' dir='ltr'><strong>&#39;l&#39;reppereau</strong></span> 
     </span>
     <span class='ocr_line' id='line_1_20' title="bbox 173 1988 1140 2075; baseline -0.005 -17"><span class='ocrx_word' id='word_1_234' title='bbox 173 2001 210 2058; x_wconf 93' lang='lat' dir='ltr'><strong>ut</strong></span> <span class='ocrx_word' id='word_1_235' title='bbox 230 1991 412 2075; x_wconf 88' lang='lat' dir='ltr'><strong>opinamur,</strong></span> <span class='ocrx_word' id='word_1_236' title='bbox 439 1989 615 2054; x_wconf 87' lang='lat' dir='ltr'><strong>inscribere</strong></span> <span class='ocrx_word' id='word_1_237' title='bbox 635 1999 729 2054; x_wconf 91' lang='lat' dir='ltr'><strong>tuum</strong></span> <span class='ocrx_word' id='word_1_238' title='bbox 751 2009 869 2053; x_wconf 91' lang='lat' dir='ltr'><strong>nomen</strong></span> <span class='ocrx_word' id='word_1_239' title='bbox 897 1989 931 2052; x_wconf 91' lang='lat' dir='ltr'><strong>in</strong></span> <span class='ocrx_word' id='word_1_240' title='bbox 958 1988 1073 2064; x_wconf 83' lang='lat' dir='ltr'><strong>fronte,</strong></span> <span class='ocrx_word' id='word_1_241' title='bbox 1101 2007 1140 2053; x_wconf 92' lang='lat' dir='ltr'><strong>ea</strong></span> 
     </span>
     <span class='ocr_line' id='line_1_21' title="bbox 172 2073 1139 2159; baseline -0.005 -16"><span class='ocrx_word' id='word_1_242' title='bbox 172 2099 268 2143; x_wconf 88' lang='lat' dir='ltr'><strong>causa</strong></span> <span class='ocrx_word' id='word_1_243' title='bbox 289 2087 327 2141; x_wconf 92' lang='lat' dir='ltr'><strong>ut</strong></span> <span class='ocrx_word' id='word_1_244' title='bbox 347 2075 450 2159; x_wconf 89' lang='lat' dir='ltr'><strong>pluris</strong></span> <span class='ocrx_word' id='word_1_245' title='bbox 470 2073 661 2140; x_wconf 82' lang='lat' dir='ltr'><strong>venderent.</strong></span> <span class='ocrx_word' id='word_1_246' title='bbox 701 2073 767 2140; x_wconf 80' lang='lat' dir='ltr'><strong>Sed</strong></span> <span class='ocrx_word' id='word_1_247' title='bbox 789 2073 845 2138; x_wconf 92' lang='lat' dir='ltr'><strong>ubi</strong></span> <span class='ocrx_word' id='word_1_248' title='bbox 866 2073 1139 2156; x_wconf 86' lang='lat' dir='ltr'><strong>deprehendimus</strong></span> 
     </span>
     <span class='ocr_line' id='line_1_22' title="bbox 173 2158 1140 2242; baseline -0.006 -13"><span class='ocrx_word' id='word_1_249' title='bbox 173 2183 259 2242; x_wconf 88' lang='lat' dir='ltr'><strong>rem,</strong></span> <span class='ocrx_word' id='word_1_250' title='bbox 289 2183 355 2226; x_wconf 92' lang='lat' dir='ltr'><strong>non</strong></span> <span class='ocrx_word' id='word_1_251' title='bbox 386 2162 583 2227; x_wconf 81' lang='lat' dir='ltr'><strong>cessavimus</strong></span> <span class='ocrx_word' id='word_1_252' title='bbox 609 2161 771 2225; x_wconf 89' lang='lat' dir='ltr'><strong>instanter</strong></span> <span class='ocrx_word' id='word_1_253' title='bbox 798 2180 853 2224; x_wconf 90' lang='lat' dir='ltr'><strong>eos</strong></span> <span class='ocrx_word' id='word_1_254' title='bbox 881 2179 1033 2225; x_wconf 88' lang='lat' dir='ltr'><strong>accusare</strong></span> <span class='ocrx_word' id='word_1_255' title='bbox 1054 2158 1140 2242; x_wconf 90' lang='lat' dir='ltr'><strong>apud</strong></span> 
     </span>
     <span class='ocr_line' id='line_1_23' title="bbox 172 2245 1139 2327; baseline -0.005 -13"><span class='ocrx_word' id='word_1_256' title='bbox 172 2255 324 2314; x_wconf 90' lang='lat' dir='ltr'><strong>senatum</strong></span> <span class='ocrx_word' id='word_1_257' title='bbox 335 2245 425 2314; x_wconf 85' lang='lat' dir='ltr'><strong>velat</strong></span> <span class='ocrx_word' id='word_1_258' title='bbox 434 2245 693 2323; x_wconf 80' lang='lat' dir='ltr'><strong>calumniatores,</strong></span> <span class='ocrx_word' id='word_1_259' title='bbox 705 2245 860 2324; x_wconf 73' lang='lat' dir='ltr'><strong>falsarios,</strong></span> <span class='ocrx_word' id='word_1_260' title='bbox 873 2253 1139 2327; x_wconf 87' lang='lat' dir='ltr'><strong>conspurcateres</strong></span> 
     </span>
     <span class='ocr_line' id='line_1_24' title="bbox 172 2329 1139 2417; baseline -0.004 -18"><span class='ocrx_word' id='word_1_261' title='bbox 172 2333 349 2417; x_wconf 63' lang='lat' dir='ltr'><strong>immritos,</strong></span> <span class='ocrx_word' id='word_1_262' title='bbox 372 2333 428 2415; x_wconf 90' lang='lat' dir='ltr'><strong>qui</strong></span> <span class='ocrx_word' id='word_1_263' title='bbox 441 2331 519 2396; x_wconf 88' lang='lat' dir='ltr'><strong>talia</strong></span> <span class='ocrx_word' id='word_1_264' title='bbox 529 2330 699 2408; x_wconf 89' lang='lat' dir='ltr'><strong>ediderint,</strong></span> <span class='ocrx_word' id='word_1_265' title='bbox 717 2353 778 2397; x_wconf 89' lang='lat' dir='ltr'><strong>neo</strong></span> <span class='ocrx_word' id='word_1_266' title='bbox 790 2330 927 2414; x_wconf 89' lang='lat' dir='ltr'><strong>dignum</strong></span> <span class='ocrx_word' id='word_1_267' title='bbox 938 2349 1009 2395; x_wconf 90' lang='lat' dir='ltr'><strong>esse</strong></span> <span class='ocrx_word' id='word_1_268' title='bbox 1020 2329 1139 2395; x_wconf 90' lang='lat' dir='ltr'><strong>librum</strong></span> 
     </span>
     <span class='ocr_line' id='line_1_25' title="bbox 172 2393 1717 2504; baseline -0.005 -20"><span class='ocrx_word' id='word_1_269' title='bbox 172 2423 228 2504; x_wconf 90' lang='lat' dir='ltr'><strong>qui</strong></span> <span class='ocrx_word' id='word_1_270' title='bbox 248 2417 387 2503; x_wconf 89' lang='lat' dir='ltr'><strong>prodeat</strong></span> <span class='ocrx_word' id='word_1_271' title='bbox 413 2439 456 2482; x_wconf 83' lang='lat' dir='ltr'><strong>ex</strong></span> <span class='ocrx_word' id='word_1_272' title='bbox 478 2418 607 2483; x_wconf 86' lang='lat' dir='ltr'><strong>officina</strong></span> <span class='ocrx_word' id='word_1_273' title='bbox 634 2416 787 2482; x_wconf 89' lang='lat' dir='ltr'><strong>ecclesiae</strong></span> <span class='ocrx_word' id='word_1_274' title='bbox 808 2423 946 2481; x_wconf 89' lang='lat' dir='ltr'><strong>nostrae.</strong></span> <span class='ocrx_word' id='word_1_275' title='bbox 991 2413 1139 2480; x_wconf 84' lang='lat' dir='ltr'><strong>Subinde</strong></span> <span class='ocrx_word' id='word_1_276' title='bbox 1639 2393 1717 2464; x_wconf 72' lang='lat'><strong>488·</strong></span> 
     </span>
     <span class='ocr_line' id='line_1_26' title="bbox 173 2499 1966 2599; baseline -0.004 -29"><span class='ocrx_word' id='word_1_277' title='bbox 173 2505 301 2572; x_wconf 83' lang='lat' dir='ltr'><strong>vocavit</strong></span> <span class='ocrx_word' id='word_1_278' title='bbox 320 2525 382 2569; x_wconf 94' lang='lat' dir='ltr'><strong>nos</strong></span> <span class='ocrx_word' id='word_1_279' title='bbox 402 2503 612 2586; x_wconf 84' lang='lat' dir='ltr'><strong>magistratus</strong></span> <span class='ocrx_word' id='word_1_280' title='bbox 629 2523 693 2567; x_wconf 94' lang='lat' dir='ltr'><strong>non</strong></span> <span class='ocrx_word' id='word_1_281' title='bbox 715 2501 815 2566; x_wconf 91' lang='lat' dir='ltr'><strong>semel</strong></span> <span class='ocrx_word' id='word_1_282' title='bbox 833 2499 1025 2566; x_wconf 86' lang='lat' dir='ltr'><strong>sciscitando</strong></span> <span class='ocrx_word' id='word_1_283' title='bbox 1043 2521 1063 2564; x_wconf 91' lang='lat' dir='ltr'><strong>a</strong></span> <span class='ocrx_word' id='word_1_284' title='bbox 1081 2521 1139 2564; x_wconf 92' lang='lat' dir='ltr'><strong>no-</strong></span> <span class='ocrx_word' id='word_1_285' title='bbox 1378 2529 1737 2598; x_wconf 53' lang='lat' dir='ltr'><strong>MELANOHOEHON</strong></span> <span class='ocrx_word' id='word_1_286' title='bbox 1759 2529 1966 2599; x_wconf 66' lang='lat' dir='ltr'>OALVINO</span> 
     </span>
     <span class='ocr_line' id='line_1_27' title="bbox 172 2583 1976 2673; baseline -0.004 -19"><span class='ocrx_word' id='word_1_287' title='bbox 172 2589 221 2658; x_wconf 89' lang='lat' dir='ltr'><strong>bis</strong></span> <span class='ocrx_word' id='word_1_288' title='bbox 242 2589 321 2673; x_wconf 91' lang='lat' dir='ltr'><strong>quid</strong></span> <span class='ocrx_word' id='word_1_289' title='bbox 342 2586 382 2654; x_wconf 89' lang='lat' dir='ltr'><strong>de</strong></span> <span class='ocrx_word' id='word_1_290' title='bbox 402 2587 588 2653; x_wconf 91' lang='lat' dir='ltr'><strong>huiusmodi</strong></span> <span class='ocrx_word' id='word_1_291' title='bbox 610 2588 742 2672; x_wconf 88' lang='lat' dir='ltr'><strong>negotio</strong></span> <span class='ocrx_word' id='word_1_292' title='bbox 764 2606 977 2652; x_wconf 84' lang='lat' dir='ltr'><strong>censeremus.</strong></span> <span class='ocrx_word' id='word_1_293' title='bbox 1011 2583 1139 2666; x_wconf 77' lang='lat' dir='ltr'><strong>Quibus</strong></span> <span class='ocrx_word' id='word_1_294' title='bbox 1969 2583 1976 2596; x_wconf 91' lang='lat'>&#39;</span> 
     </span>
     <span class='ocr_line' id='line_1_28' title="bbox 172 2671 2177 2786; baseline -0.005 -42"><span class='ocrx_word' id='word_1_295' title='bbox 172 2678 299 2760; x_wconf 85' lang='lat' dir='ltr'><strong>saepius</strong></span> <span class='ocrx_word' id='word_1_296' title='bbox 316 2695 507 2758; x_wconf 88' lang='lat' dir='ltr'><strong>responsum</strong></span> <span class='ocrx_word' id='word_1_297' title='bbox 526 2673 716 2746; x_wconf 79' lang='lat' dir='ltr'><strong>estanchia,</strong></span> <span class='ocrx_word' id='word_1_298' title='bbox 740 2673 820 2737; x_wconf 90' lang='lat' dir='ltr'><strong>haec</strong></span> <span class='ocrx_word' id='word_1_299' title='bbox 837 2693 920 2755; x_wconf 90' lang='lat' dir='ltr'><strong>quae</strong></span> <span class='ocrx_word' id='word_1_300' title='bbox 937 2671 1000 2753; x_wconf 88' lang='lat' dir='ltr'><strong>ipsi</strong></span> <span class='ocrx_word' id='word_1_301' title='bbox 1022 2676 1141 2736; x_wconf 85' lang='lat' dir='ltr'><strong>vocant</strong></span> <span class='ocrx_word' id='word_1_302' title='bbox 1278 2697 1452 2764; x_wconf 51' lang='lat' dir='ltr'><strong>&amp;mim</strong></span> <span class='ocrx_word' id='word_1_303' title='bbox 1468 2700 1592 2776; x_wconf 48' lang='lat' dir='ltr'><strong>„idm</strong></span> <span class='ocrx_word' id='word_1_304' title='bbox 1613 2699 1778 2766; x_wconf 56' lang='lat' dir='ltr'><strong>(mmm</strong></span> <span class='ocrx_word' id='word_1_305' title='bbox 1796 2701 1906 2786; x_wconf 54' lang='lat' dir='ltr'><strong>hm,</strong></span> <span class='ocrx_word' id='word_1_306' title='bbox 1919 2703 2041 2786; x_wconf 41' lang='lat' dir='ltr'><strong>mm·</strong></span> <span class='ocrx_word' id='word_1_307' title='bbox 2062 2674 2177 2768; x_wconf 64' lang='lat' dir='ltr'><strong>Am</strong></span> 
     </span>
    </p>
   </div>
   <div class='ocr_carea' id='block_1_3' title="bbox 169 2755 2127 2914">
    <p class='ocr_par' dir='ltr' id='par_1_4' title="bbox 169 2755 2127 2914">
     <span class='ocr_line' id='line_1_29' title="bbox 172 2755 2127 2867; baseline -0.008 -40"><span class='ocrx_word' id='word_1_308' title='bbox 172 2769 366 2846; x_wconf 85' lang='lat' dir='ltr'><strong>argumenta</strong></span> <span class='ocrx_word' id='word_1_309' title='bbox 397 2781 463 2826; x_wconf 90' lang='lat' dir='ltr'><strong>non</strong></span> <span class='ocrx_word' id='word_1_310' title='bbox 495 2779 589 2860; x_wconf 75' lang='lat' dir='ltr'><strong>posse</strong></span> <span class='ocrx_word' id='word_1_311' title='bbox 619 2757 717 2825; x_wconf 82' lang='lat' dir='ltr'><strong>vendi</strong></span> <span class='ocrx_word' id='word_1_312' title='bbox 750 2757 870 2856; x_wconf 83' lang='lat' dir='ltr'><strong>absque</strong></span> <span class='ocrx_word' id='word_1_313' title='bbox 908 2777 976 2856; x_wconf 81' lang='lat' dir='ltr'><strong>non</strong></span> <span class='ocrx_word' id='word_1_314' title='bbox 1013 2755 1140 2856; x_wconf 82' lang='lat' dir='ltr'><strong>modico</strong></span> <span class='ocrx_word' id='word_1_315' title='bbox 1189 2783 1340 2850; x_wconf 64' lang='lat' dir='ltr'><strong>„mua</strong></span> <span class='ocrx_word' id='word_1_316' title='bbox 1360 2783 1398 2852; x_wconf 56' lang='lat' dir='ltr'><strong>d,</strong></span> <span class='ocrx_word' id='word_1_317' title='bbox 1419 2783 1514 2850; x_wconf 54' lang='lat' dir='ltr'><strong>Mus</strong></span> <span class='ocrx_word' id='word_1_318' title='bbox 1534 2787 1684 2852; x_wconf 57' lang='lat' dir='ltr'><strong>mma</strong></span> <span class='ocrx_word' id='word_1_319' title='bbox 1700 2788 1786 2852; x_wconf 59' lang='lat' dir='ltr'><em>m</em></span> <span class='ocrx_word' id='word_1_320' title='bbox 1801 2788 2127 2867; x_wconf 38' lang='lat' dir='ltr'><strong>mmm-Mum·</strong></span> 
     </span>
     <span class='ocr_line' id='line_1_30' title="bbox 169 2841 1141 2914; baseline -0.008 0"><span class='ocrx_word' id='word_1_321' title='bbox 169 2845 324 2914; x_wconf 87' lang='lat' dir='ltr'><strong>scandalo</strong></span> <span class='ocrx_word' id='word_1_322' title='bbox 352 2853 386 2911; x_wconf 90' lang='lat' dir='ltr'><strong>et</strong></span> <span class='ocrx_word' id='word_1_323' title='bbox 411 2847 544 2910; x_wconf 81' lang='lat' dir='ltr'><strong>infamia</strong></span> <span class='ocrx_word' id='word_1_324' title='bbox 564 2865 642 2910; x_wconf 91' lang='lat' dir='ltr'><strong>suae</strong></span> <span class='ocrx_word' id='word_1_325' title='bbox 666 2843 818 2909; x_wconf 79' lang='lat' dir='ltr'><strong>ecolesma</strong></span> <span class='ocrx_word' id='word_1_326' title='bbox 843 2865 880 2908; x_wconf 90' lang='lat' dir='ltr'><strong>ao</strong></span> <span class='ocrx_word' id='word_1_327' title='bbox 908 2849 1059 2909; x_wconf 69' lang='lat' dir='ltr'><strong>evitatis.</strong></span> <span class='ocrx_word' id='word_1_328' title='bbox 1094 2841 1141 2907; x_wconf 85' lang='lat' dir='ltr'><strong>Dt</strong></span> 
     </span>
    </p>
   </div>
   <div class='ocr_carea' id='block_1_4' title="bbox 168 2931 2163 3105">
    <p class='ocr_par' dir='ltr' id='par_1_5' title="bbox 168 2931 2163 3105">
     <span class='ocr_line' id='line_1_31' title="bbox 169 2931 2163 3028; baseline 0 -30"><span class='ocrx_word' id='word_1_329' title='bbox 169 2953 272 3016; x_wconf 89' lang='lat' dir='ltr'><strong>quum</strong></span> <span class='ocrx_word' id='word_1_330' title='bbox 310 2931 430 2997; x_wconf 87' lang='lat' dir='ltr'><strong>iterum</strong></span> <span class='ocrx_word' id='word_1_331' title='bbox 468 2939 622 3013; x_wconf 85' lang='lat' dir='ltr'><strong>rogarent</strong></span> <span class='ocrx_word' id='word_1_332' title='bbox 656 2940 693 2994; x_wconf 90' lang='lat' dir='ltr'><strong>ut</strong></span> <span class='ocrx_word' id='word_1_333' title='bbox 708 3015 715 3028; x_wconf 90' lang='lat'><strong>.</strong></span> <span class='ocrx_word' id='word_1_334' title='bbox 731 2947 973 2994; x_wconf 82' lang='lat' dir='ltr'><strong>reoenseremus</strong></span> <span class='ocrx_word' id='word_1_335' title='bbox 1004 2948 1139 3006; x_wconf 88' lang='lat' dir='ltr'><strong>errores,</strong></span> <span class='ocrx_word' id='word_1_336' title='bbox 1194 2952 1859 3022; x_wconf 75' lang='lat' dir='ltr'><strong>(Exactographocod.Genev.109,fol.141,</strong></span> <span class='ocrx_word' id='word_1_337' title='bbox 1882 2957 1957 3008; x_wconf 75' lang='lat' dir='ltr'><strong>omos</strong></span> <span class='ocrx_word' id='word_1_338' title='bbox 1974 2961 2079 3010; x_wconf 57' lang='lat' dir='ltr'><strong>tom</strong></span> <span class='ocrx_word' id='word_1_339' title='bbox 2097 2957 2163 3010; x_wconf 83' lang='lat' dir='ltr'><strong>defi-</strong></span> 
     </span>
     <span class='ocr_line' id='line_1_32' title="bbox 168 3012 2161 3105; baseline -0.004 -21"><span class='ocrx_word' id='word_1_340' title='bbox 168 3017 412 3102; x_wconf 82' lang='lat' dir='ltr'><strong>postulavimus</strong></span> <span class='ocrx_word' id='word_1_341' title='bbox 440 3013 527 3080; x_wconf 92' lang='lat' dir='ltr'><strong>diem</strong></span> <span class='ocrx_word' id='word_1_342' title='bbox 549 3015 620 3081; x_wconf 89' lang='lat' dir='ltr'><strong>dari</strong></span> <span class='ocrx_word' id='word_1_343' title='bbox 640 3015 743 3080; x_wconf 79' lang='lat' dir='ltr'><strong>nobis.</strong></span> <span class='ocrx_word' id='word_1_344' title='bbox 788 3012 879 3080; x_wconf 86' lang='lat' dir='ltr'><strong>Tunc</strong></span> <span class='ocrx_word' id='word_1_345' title='bbox 901 3012 1068 3079; x_wconf 89' lang='lat' dir='ltr'><strong>decretum</strong></span> <span class='ocrx_word' id='word_1_346' title='bbox 1091 3021 1141 3078; x_wconf 86' lang='lat' dir='ltr'><strong>est</strong></span> <span class='ocrx_word' id='word_1_347' title='bbox 1193 3025 1280 3076; x_wconf 83' lang='lat' dir='ltr'><strong>ciente</strong></span> <span class='ocrx_word' id='word_1_348' title='bbox 1298 3022 1407 3076; x_wconf 69' lang='lat' dir='ltr'><strong>chanao</strong></span> <span class='ocrx_word' id='word_1_349' title='bbox 1424 3025 1544 3092; x_wconf 81' lang='lat' dir='ltr'><strong>margine</strong></span> <span class='ocrx_word' id='word_1_350' title='bbox 1562 3039 1596 3076; x_wconf 84' lang='lat' dir='ltr'><strong>ex</strong></span> <span class='ocrx_word' id='word_1_351' title='bbox 1613 3031 1692 3093; x_wconf 81' lang='lat' dir='ltr'><strong>parte</strong></span> <span class='ocrx_word' id='word_1_352' title='bbox 1708 3024 1848 3090; x_wconf 84' lang='lat' dir='ltr'><strong>mutilum,</strong></span> <span class='ocrx_word' id='word_1_353' title='bbox 1874 3029 2012 3105; x_wconf 75' lang='lat' dir='ltr'><strong>quantum</strong></span> <span class='ocrx_word' id='word_1_354' title='bbox 2022 3027 2161 3094; x_wconf 81' lang='lat' dir='ltr'><strong>potuimus</strong></span> 
     </span>
    </p>
   </div>
   <div class='ocr_carea' id='block_1_5' title="bbox 151 3091 2164 4624">
    <p class='ocr_par' dir='ltr' id='par_1_6' title="bbox 152 3091 2164 4390">
     <span class='ocr_line' id='line_1_33' title="bbox 167 3091 2160 3186; baseline -0.003 -36"><span class='ocrx_word' id='word_1_355' title='bbox 167 3103 212 3169; x_wconf 61' lang='lat' dir='ltr'><strong>ab</strong></span> <span class='ocrx_word' id='word_1_356' title='bbox 233 3105 280 3168; x_wconf 63' lang='grc' dir='ltr'><strong>θῇς</strong></span> <span class='ocrx_word' id='word_1_357' title='bbox 302 3103 494 3186; x_wconf 62' lang='lat' dir='ltr'><strong>musigngre</strong></span> <span class='ocrx_word' id='word_1_358' title='bbox 523 3108 590 3166; x_wconf 63' lang='lat' dir='ltr'><strong>tros</strong></span> <span class='ocrx_word' id='word_1_359' title='bbox 616 3099 685 3166; x_wconf 65' lang='lat' dir='ltr'><strong>dies</strong></span> <span class='ocrx_word' id='word_1_360' title='bbox 705 3099 822 3182; x_wconf 62' lang='lat' dir='ltr'><strong>quibus</strong></span> <span class='ocrx_word' id='word_1_361' title='bbox 843 3099 1017 3165; x_wconf 50' lang='lat' dir='ltr'><strong>ampotis</strong></span> <span class='ocrx_word' id='word_1_362' title='bbox 1038 3099 1140 3184; x_wconf 69' lang='lat' dir='ltr'><strong>gigni.</strong></span> <span class='ocrx_word' id='word_1_363' title='bbox 1192 3091 1438 3173; x_wconf 76' lang='lat' dir='ltr'><strong>opeeonieotnrae,</strong></span> <span class='ocrx_word' id='word_1_364' title='bbox 1456 3092 1601 3144; x_wconf 84' lang='lat' dir='ltr'><strong>restituere</strong></span> <span class='ocrx_word' id='word_1_365' title='bbox 1619 3091 1709 3144; x_wconf 86' lang='lat' dir='ltr'><strong>conati</strong></span> <span class='ocrx_word' id='word_1_366' title='bbox 1726 3107 1825 3145; x_wconf 89' lang='lat' dir='ltr'><strong>sumus.</strong></span> <span class='ocrx_word' id='word_1_367' title='bbox 1845 3091 2065 3156; x_wconf 84' lang='lat' dir='ltr'><strong>Quodeommus</strong></span> <span class='ocrx_word' id='word_1_368' title='bbox 2081 3091 2160 3146; x_wconf 77' lang='lat' dir='ltr'><strong>facile</strong></span> 
     </span>
     <span class='ocr_line' id='line_1_34' title="bbox 166 3160 2162 3280; baseline -0.005 -26"><span class='ocrx_word' id='word_1_369' title='bbox 166 3191 341 3254; x_wconf 86' lang='lat' dir='ltr'><strong>licaremus</strong></span> <span class='ocrx_word' id='word_1_370' title='bbox 362 3195 478 3252; x_wconf 89' lang='lat' dir='ltr'><strong>errata</strong></span> <span class='ocrx_word' id='word_1_371' title='bbox 523 3187 591 3251; x_wconf 92' lang='lat' dir='ltr'><strong>Nos</strong></span> <span class='ocrx_word' id='word_1_372' title='bbox 605 3205 716 3278; x_wconf 49' lang='lat' dir='ltr'><strong>¹quum</strong></span> <span class='ocrx_word' id='word_1_373' title='bbox 737 3192 871 3250; x_wconf 89' lang='lat' dir='ltr'><strong>ventum</strong></span> <span class='ocrx_word' id='word_1_374' title='bbox 901 3184 1014 3250; x_wconf 88' lang='lat' dir='ltr'><strong>estad</strong></span> <span class='ocrx_word' id='word_1_375' title='bbox 1035 3185 1140 3251; x_wconf 91' lang='lat' dir='ltr'><strong>consi·</strong></span> <span class='ocrx_word' id='word_1_376' title='bbox 1192 3175 1264 3230; x_wconf 69' lang='lat'><strong>⁰⁰⁸¹</strong></span> <span class='ocrx_word' id='word_1_377' title='bbox 1289 3166 1399 3229; x_wconf 54' lang='lat' dir='ltr'><strong>dmm</strong></span> <span class='ocrx_word' id='word_1_378' title='bbox 1426 3161 1498 3229; x_wconf 82' lang='lat' dir='ltr'><strong>qued</strong></span> <span class='ocrx_word' id='word_1_379' title='bbox 1523 3165 1604 3217; x_wconf 62' lang='lat'><strong>‘⁸¹⁰¹&#39;</strong></span> <span class='ocrx_word' id='word_1_380' title='bbox 1628 3176 1679 3280; x_wconf 61' lang='lat' dir='ltr'><strong>lm</strong></span> <span class='ocrx_word' id='word_1_381' title='bbox 1706 3175 1781 3214; x_wconf 70' lang='lat'>”¹⁰¹⁰</span> <span class='ocrx_word' id='word_1_382' title='bbox 1804 3176 1854 3214; x_wconf 78' lang='lat'>⁸¹¹⁰</span> <span class='ocrx_word' id='word_1_383' title='bbox 1876 3161 2003 3229; x_wconf 50' lang='grc' dir='ltr'><strong>ΜΨ</strong></span> <span class='ocrx_word' id='word_1_384' title='bbox 2025 3161 2109 3215; x_wconf 55' lang='lat'><strong>7⁰²¹*</strong></span> <span class='ocrx_word' id='word_1_385' title='bbox 2132 3160 2162 3214; x_wconf 55' lang='lat'><strong>5¹¹</strong></span> 
     </span>
     <span class='ocr_line' id='line_1_35' title="bbox 164 3265 1140 3356; baseline -0.004 -16"><span class='ocrx_word' id='word_1_386' title='bbox 164 3275 259 3350; x_wconf 90' lang='lat' dir='ltr'><strong>lium,</strong></span> <span class='ocrx_word' id='word_1_387' title='bbox 283 3273 477 3356; x_wconf 89' lang='lat' dir='ltr'><strong>protulimus</strong></span> <span class='ocrx_word' id='word_1_388' title='bbox 499 3268 689 3356; x_wconf 88' lang='lat' dir='ltr'><strong>singulatim</strong></span> <span class='ocrx_word' id='word_1_389' title='bbox 711 3271 868 3336; x_wconf 86' lang='lat' dir='ltr'><strong>nonnulla</strong></span> <span class='ocrx_word' id='word_1_390' title='bbox 885 3291 966 3354; x_wconf 91' lang='lat' dir='ltr'><strong>quae</strong></span> <span class='ocrx_word' id='word_1_391' title='bbox 984 3265 1140 3336; x_wconf 85' lang='lat' dir='ltr'><strong>videban-</strong></span> 
     </span>
     <span class='ocr_line' id='line_1_36' title="bbox 165 3356 1140 3441; baseline -0.003 -16"><span class='ocrx_word' id='word_1_392' title='bbox 165 3373 224 3425; x_wconf 87' lang='lat' dir='ltr'><strong>tur</strong></span> <span class='ocrx_word' id='word_1_393' title='bbox 242 3359 392 3425; x_wconf 86' lang='lat' dir='ltr'><strong>suffieere</strong></span> <span class='ocrx_word' id='word_1_394' title='bbox 414 3357 453 3424; x_wconf 94' lang='lat' dir='ltr'><strong>ad</strong></span> <span class='ocrx_word' id='word_1_395' title='bbox 478 3357 721 3441; x_wconf 90' lang='lat' dir='ltr'><strong>reprimendum</strong></span> <span class='ocrx_word' id='word_1_396' title='bbox 742 3377 855 3422; x_wconf 90' lang='lat' dir='ltr'><strong>eorum</strong></span> <span class='ocrx_word' id='word_1_397' title='bbox 877 3356 1086 3438; x_wconf 90' lang='lat' dir='ltr'><strong>supercilium</strong></span> <span class='ocrx_word' id='word_1_398' title='bbox 1103 3377 1140 3422; x_wconf 90' lang='lat' dir='ltr'><strong>ao</strong></span> 
     </span>
     <span class='ocr_line' id='line_1_37' title="bbox 163 3440 1140 3528; baseline -0.007 -16"><span class='ocrx_word' id='word_1_399' title='bbox 163 3446 209 3514; x_wconf 92' lang='lat' dir='ltr'><strong>ad</strong></span> <span class='ocrx_word' id='word_1_400' title='bbox 232 3443 421 3528; x_wconf 86' lang='lat' dir='ltr'><strong>repellenda</strong></span> <span class='ocrx_word' id='word_1_401' title='bbox 440 3452 640 3528; x_wconf 88' lang='lat' dir='ltr'><strong>argumenta,</strong></span> <span class='ocrx_word' id='word_1_402' title='bbox 664 3455 721 3510; x_wconf 86' lang='lat' dir='ltr'><strong>aot</strong></span> <span class='ocrx_word' id='word_1_403' title='bbox 741 3451 779 3508; x_wconf 91' lang='lat' dir='ltr'><strong>ut</strong></span> <span class='ocrx_word' id='word_1_404' title='bbox 800 3441 899 3526; x_wconf 81' lang='lat' dir='ltr'><strong>vulgo</strong></span> <span class='ocrx_word' id='word_1_405' title='bbox 916 3440 1034 3508; x_wconf 79' lang='lat' dir='ltr'><strong>dioibar</strong></span> <span class='ocrx_word' id='word_1_406' title='bbox 1052 3463 1140 3506; x_wconf 90' lang='lat' dir='ltr'><strong>sum·</strong></span> 
     </span>
     <span class='ocr_line' id='line_1_38' title="bbox 162 3527 1141 3612; baseline -0.006 -14"><span class='ocrx_word' id='word_1_407' title='bbox 162 3532 283 3598; x_wconf 82' lang='lat' dir='ltr'><strong>maria</strong></span> <span class='ocrx_word' id='word_1_408' title='bbox 326 3529 394 3612; x_wconf 91' lang='lat' dir='ltr'><strong>Ipsi</strong></span> <span class='ocrx_word' id='word_1_409' title='bbox 419 3549 498 3594; x_wconf 85' lang='lat' dir='ltr'><strong>vero</strong></span> <span class='ocrx_word' id='word_1_410' title='bbox 520 3529 639 3596; x_wconf 86' lang='lat' dir='ltr'><strong>acriter</strong></span> <span class='ocrx_word' id='word_1_411' title='bbox 658 3528 841 3605; x_wconf 83' lang='lat' dir='ltr'><strong>instabant,</strong></span> <span class='ocrx_word' id='word_1_412' title='bbox 861 3527 1049 3612; x_wconf 83' lang='lat' dir='ltr'><strong>incorrupta</strong></span> <span class='ocrx_word' id='word_1_413' title='bbox 1069 3547 1141 3594; x_wconf 85' lang='lat' dir='ltr'><strong>esse</strong></span> 
     </span>
     <span class='ocr_line' id='line_1_39' title="bbox 162 3613 2164 3704; baseline -0.004 -22"><span class='ocrx_word' id='word_1_414' title='bbox 162 3639 232 3682; x_wconf 89' lang='lat' dir='ltr'><strong>sua</strong></span> <span class='ocrx_word' id='word_1_415' title='bbox 255 3625 449 3700; x_wconf 84' lang='lat' dir='ltr'><strong>argumenta</strong></span> <span class='ocrx_word' id='word_1_416' title='bbox 475 3616 656 3682; x_wconf 85' lang='lat' dir='ltr'><strong>afferentes.</strong></span> <span class='ocrx_word' id='word_1_417' title='bbox 698 3613 765 3680; x_wconf 79' lang='lat' dir='ltr'><strong>Sed</strong></span> <span class='ocrx_word' id='word_1_418' title='bbox 793 3634 894 3697; x_wconf 89' lang='lat' dir='ltr'><strong>quum</strong></span> <span class='ocrx_word' id='word_1_419' title='bbox 914 3625 1084 3678; x_wconf 87' lang='lat' dir='ltr'><strong>cernerent</strong></span> <span class='ocrx_word' id='word_1_420' title='bbox 1106 3633 1141 3677; x_wconf 93' lang='lat' dir='ltr'><strong>se</strong></span> <span class='ocrx_word' id='word_1_421' title='bbox 1278 3618 1367 3686; x_wconf 52' lang='lat' dir='ltr'><strong>RD,</strong></span> <span class='ocrx_word' id='word_1_422' title='bbox 1390 3621 1481 3686; x_wconf 82' lang='lat' dir='ltr'><strong>Nihil</strong></span> <span class='ocrx_word' id='word_1_423' title='bbox 1499 3621 1534 3685; x_wconf 72' lang='lat' dir='ltr'><strong>in</strong></span> <span class='ocrx_word' id='word_1_424' title='bbox 1553 3623 1615 3688; x_wconf 62' lang='lat' dir='ltr'><strong>hm</strong></span> <span class='ocrx_word' id='word_1_425' title='bbox 1624 3621 1734 3686; x_wconf 67' lang='lat' dir='ltr'><strong>Rheni</strong></span> <span class='ocrx_word' id='word_1_426' title='bbox 1751 3621 1824 3703; x_wconf 69' lang='lat' dir='ltr'><strong>ripa</strong></span> <span class='ocrx_word' id='word_1_427' title='bbox 1840 3641 2016 3704; x_wconf 64' lang='lat' dir='ltr'><strong>oongressu</strong></span> <span class='ocrx_word' id='word_1_428' title='bbox 2029 3620 2164 3687; x_wconf 60' lang='lat' dir='ltr'><strong>Simu</strong></span> 
     </span>
     <span class='ocr_line' id='line_1_40' title="bbox 159 3697 2163 3791; baseline -0.005 -22"><span class='ocrx_word' id='word_1_429' title='bbox 159 3702 349 3770; x_wconf 87' lang='lat' dir='ltr'><strong>clarissime</strong></span> <span class='ocrx_word' id='word_1_430' title='bbox 371 3701 548 3778; x_wconf 81' lang='lat' dir='ltr'><strong>convictos,</strong></span> <span class='ocrx_word' id='word_1_431' title='bbox 577 3697 710 3764; x_wconf 88' lang='lat' dir='ltr'><strong>tandem</strong></span> <span class='ocrx_word' id='word_1_432' title='bbox 731 3701 946 3764; x_wconf 81' lang='lat' dir='ltr'><strong>observarunt</strong></span> <span class='ocrx_word' id='word_1_433' title='bbox 966 3711 1003 3762; x_wconf 90' lang='lat' dir='ltr'><strong>ut</strong></span> <span class='ocrx_word' id='word_1_434' title='bbox 1024 3698 1141 3763; x_wconf 87' lang='lat' dir='ltr'><strong>saltem</strong></span> <span class='ocrx_word' id='word_1_435' title='bbox 1192 3705 1332 3791; x_wconf 62' lang='lat' dir='ltr'><strong>nosrffl)</strong></span> <span class='ocrx_word' id='word_1_436' title='bbox 1358 3705 1531 3772; x_wconf 61' lang='lat' dir='ltr'><strong>mundius</strong></span> <span class='ocrx_word' id='word_1_437' title='bbox 1559 3705 1664 3773; x_wconf 52' lang='grc' dir='ltr'><strong>θὼρ</strong></span> <span class='ocrx_word' id='word_1_438' title='bbox 1690 3705 1821 3790; x_wconf 62' lang='lat' dir='ltr'><strong>quidem</strong></span> <span class='ocrx_word' id='word_1_439' title='bbox 1849 3706 1931 3770; x_wconf 78' lang='lat' dir='ltr'><strong>mihi</strong></span> <span class='ocrx_word' id='word_1_440' title='bbox 1958 3705 2034 3771; x_wconf 70' lang='lat' dir='ltr'><strong>fuit:</strong></span> <span class='ocrx_word' id='word_1_441' title='bbox 2064 3725 2163 3789; x_wconf 67' lang='lat' dir='ltr'><strong>quem</strong></span> 
     </span>
     <span class='ocr_line' id='line_1_41' title="bbox 159 3784 2163 3876; baseline -0.004 -23"><span class='ocrx_word' id='word_1_442' title='bbox 159 3789 311 3854; x_wconf 88' lang='lat' dir='ltr'><strong>alterum</strong></span> <span class='ocrx_word' id='word_1_443' title='bbox 332 3788 471 3852; x_wconf 87' lang='lat' dir='ltr'><strong>istorum</strong></span> <span class='ocrx_word' id='word_1_444' title='bbox 492 3785 558 3850; x_wconf 91' lang='lat' dir='ltr'><strong>illis</strong></span> <span class='ocrx_word' id='word_1_445' title='bbox 576 3784 821 3862; x_wconf 87' lang='lat' dir='ltr'><strong>concederetur,</strong></span> <span class='ocrx_word' id='word_1_446' title='bbox 844 3793 900 3849; x_wconf 88' lang='lat' dir='ltr'><strong>aut</strong></span> <span class='ocrx_word' id='word_1_447' title='bbox 924 3785 1009 3867; x_wconf 92' lang='lat' dir='ltr'><strong>quod</strong></span> <span class='ocrx_word' id='word_1_448' title='bbox 1033 3791 1142 3848; x_wconf 89' lang='lat' dir='ltr'><strong>errata</strong></span> <span class='ocrx_word' id='word_1_449' title='bbox 1192 3791 1323 3875; x_wconf 72' lang='lat' dir='ltr'><strong>quidem</strong></span> <span class='ocrx_word' id='word_1_450' title='bbox 1340 3813 1378 3858; x_wconf 70' lang='grc' dir='ltr'><strong>ω</strong></span> <span class='ocrx_word' id='word_1_451' title='bbox 1394 3793 1549 3858; x_wconf 67' lang='lat' dir='ltr'><strong>hbentius</strong></span> <span class='ocrx_word' id='word_1_452' title='bbox 1566 3792 1754 3876; x_wconf 67' lang='lat' dir='ltr'><strong>oomplffls</strong></span> <span class='ocrx_word' id='word_1_453' title='bbox 1771 3813 1844 3856; x_wconf 66' lang='lat' dir='ltr'><strong>sum</strong></span> <span class='ocrx_word' id='word_1_454' title='bbox 1861 3791 1946 3876; x_wconf 77' lang='lat' dir='ltr'><strong>quod</strong></span> <span class='ocrx_word' id='word_1_455' title='bbox 1963 3799 1996 3856; x_wconf 68' lang='lat' dir='ltr'><strong>to</strong></span> <span class='ocrx_word' id='word_1_456' title='bbox 2009 3792 2163 3858; x_wconf 51' lang='lat' dir='ltr'><strong>comitem</strong></span> 
     </span>
     <span class='ocr_line' id='line_1_42' title="bbox 156 3866 2162 3962; baseline -0.005 -22"><span class='ocrx_word' id='word_1_457' title='bbox 156 3873 402 3958; x_wconf 87' lang='lat' dir='ltr'><strong>colligerentur</strong></span> <span class='ocrx_word' id='word_1_458' title='bbox 430 3895 450 3936; x_wconf 91' lang='lat' dir='ltr'><strong>a</strong></span> <span class='ocrx_word' id='word_1_459' title='bbox 475 3881 567 3955; x_wconf 88' lang='lat' dir='ltr'><strong>tergo</strong></span> <span class='ocrx_word' id='word_1_460' title='bbox 601 3869 676 3934; x_wconf 89' lang='lat' dir='ltr'><strong>libri</strong></span> <span class='ocrx_word' id='word_1_461' title='bbox 704 3890 794 3935; x_wconf 90' lang='lat' dir='ltr'><strong>more</strong></span> <span class='ocrx_word' id='word_1_462' title='bbox 820 3869 930 3947; x_wconf 90' lang='lat' dir='ltr'><strong>solito,</strong></span> <span class='ocrx_word' id='word_1_463' title='bbox 965 3869 1020 3933; x_wconf 81' lang='lat' dir='ltr'><strong>vel</strong></span> <span class='ocrx_word' id='word_1_464' title='bbox 1055 3866 1140 3952; x_wconf 93' lang='lat' dir='ltr'><strong>quod</strong></span> <span class='ocrx_word' id='word_1_465' title='bbox 1193 3875 1382 3944; x_wconf 66' lang='lat' dir='ltr'><strong>adduoebat,</strong></span> <span class='ocrx_word' id='word_1_466' title='bbox 1404 3876 1529 3943; x_wconf 64' lang='lat' dir='ltr'><strong>Videor</strong></span> <span class='ocrx_word' id='word_1_467' title='bbox 1549 3879 1636 3943; x_wconf 65' lang='lat' dir='ltr'><strong>enim</strong></span> <span class='ocrx_word' id='word_1_468' title='bbox 1658 3877 1771 3962; x_wconf 64' lang='lat' dir='ltr'><strong>legens</strong></span> <span class='ocrx_word' id='word_1_469' title='bbox 1791 3887 1883 3943; x_wconf 71' lang='lat' dir='ltr'><strong>tuam</strong></span> <span class='ocrx_word' id='word_1_470' title='bbox 1905 3876 2073 3960; x_wconf 64' lang='lat' dir='ltr'><strong>epistolam</strong></span> <span class='ocrx_word' id='word_1_471' title='bbox 2114 3877 2162 3942; x_wconf 69' lang='grc' dir='ltr'><strong>ιθ.</strong></span> 
     </span>
     <span class='ocr_line' id='line_1_43' title="bbox 157 3897 2160 4054; baseline -0.006 -28"><span class='ocrx_word' id='word_1_472' title='bbox 157 3960 248 4026; x_wconf 87' lang='lat' dir='ltr'><strong>alibi</strong></span> <span class='ocrx_word' id='word_1_473' title='bbox 269 3959 535 4040; x_wconf 89' lang='lat' dir='ltr'><strong>imprimerentur</strong></span> <span class='ocrx_word' id='word_1_474' title='bbox 562 3956 653 4022; x_wconf 92' lang='lat' dir='ltr'><strong>nullo</strong></span> <span class='ocrx_word' id='word_1_475' title='bbox 682 3957 813 4054; x_wconf 81' lang='lat' dir='ltr'><strong>nomine</strong></span> <span class='ocrx_word' id='word_1_476' title='bbox 839 3975 897 4020; x_wconf 91' lang='lat' dir='ltr'><strong>seu</strong></span> <span class='ocrx_word' id='word_1_477' title='bbox 922 3953 1018 4019; x_wconf 87' lang='lat' dir='ltr'><strong>titulo</strong></span> <span class='ocrx_word' id='word_1_478' title='bbox 1040 3975 1140 4038; x_wconf 92' lang='lat' dir='ltr'><strong>appo·</strong></span> <span class='ocrx_word' id='word_1_479' title='bbox 1192 3983 1269 4028; x_wconf 71' lang='lat' dir='ltr'><strong>nam</strong></span> <span class='ocrx_word' id='word_1_480' title='bbox 1303 3963 1495 4028; x_wconf 69' lang='lat' dir='ltr'><strong>eruditionis</strong></span> <span class='ocrx_word' id='word_1_481' title='bbox 1526 3967 1577 4028; x_wconf 62' lang='lat' dir='ltr'><strong>„aa</strong></span> <span class='ocrx_word' id='word_1_482' title='bbox 1608 3965 1781 4046; x_wconf 65' lang='grc' dir='ltr'><strong><em>θεοσεβείας</em></strong></span> <span class='ocrx_word' id='word_1_483' title='bbox 1819 3971 1852 4027; x_wconf 64' lang='grc' dir='ltr'>ω</span> <span class='ocrx_word' id='word_1_484' title='bbox 1890 3963 1997 4046; x_wconf 72' lang='lat' dir='ltr'><strong>ipsum</strong></span> <span class='ocrx_word' id='word_1_485' title='bbox 2037 3897 2160 4026; x_wconf 58' lang='lat' dir='ltr'><strong>audire,</strong></span> 
     </span>
     <span class='ocr_line' id='line_1_44' title="bbox 154 4040 2162 4133; baseline -0.005 -22"><span class='ocrx_word' id='word_1_486' title='bbox 154 4049 240 4123; x_wconf 88' lang='lat' dir='ltr'><strong>sito,</strong></span> <span class='ocrx_word' id='word_1_487' title='bbox 264 4044 386 4110; x_wconf 90' lang='lat' dir='ltr'><strong>scilicet</strong></span> <span class='ocrx_word' id='word_1_488' title='bbox 403 4051 471 4110; x_wconf 93' lang='lat' dir='ltr'><strong>tam</strong></span> <span class='ocrx_word' id='word_1_489' title='bbox 493 4051 550 4108; x_wconf 91' lang='lat' dir='ltr'><strong>tuo</strong></span> <span class='ocrx_word' id='word_1_490' title='bbox 567 4061 664 4125; x_wconf 89' lang='lat' dir='ltr'><strong>quam</strong></span> <span class='ocrx_word' id='word_1_491' title='bbox 681 4042 832 4106; x_wconf 80' lang='lat' dir='ltr'><strong>civitatis.</strong></span> <span class='ocrx_word' id='word_1_492' title='bbox 866 4040 934 4105; x_wconf 89' lang='lat' dir='ltr'><strong>Nos</strong></span> <span class='ocrx_word' id='word_1_493' title='bbox 952 4041 1057 4105; x_wconf 83' lang='lat' dir='ltr'><strong>vocati</strong></span> <span class='ocrx_word' id='word_1_494' title='bbox 1080 4060 1139 4123; x_wconf 90' lang='lat' dir='ltr'><strong>pu·</strong></span> <span class='ocrx_word' id='word_1_495' title='bbox 1192 4047 1332 4130; x_wconf 69' lang='lat' dir='ltr'><strong>Utrique</strong></span> <span class='ocrx_word' id='word_1_496' title='bbox 1353 4049 1453 4133; x_wconf 74' lang='lat' dir='ltr'><strong>igitur</strong></span> <span class='ocrx_word' id='word_1_497' title='bbox 1474 4050 1614 4133; x_wconf 66' lang='lat' dir='ltr'><strong>gratim</strong></span> <span class='ocrx_word' id='word_1_498' title='bbox 1630 4049 1744 4128; x_wconf 59' lang='lat' dir='ltr'><strong>habeo,</strong></span> <span class='ocrx_word' id='word_1_499' title='bbox 1769 4047 1909 4114; x_wconf 61' lang='lat' dir='ltr'><strong>sturmio</strong></span> <span class='ocrx_word' id='word_1_500' title='bbox 1931 4057 1965 4112; x_wconf 69' lang='lat' dir='ltr'><strong>ot</strong></span> <span class='ocrx_word' id='word_1_501' title='bbox 1985 4046 2054 4126; x_wconf 71' lang='lat' dir='ltr'><strong>tibi,</strong></span> <span class='ocrx_word' id='word_1_502' title='bbox 2073 4045 2162 4130; x_wconf 75' lang='lat' dir='ltr'><strong>quod</strong></span> 
     </span>
     <span class='ocr_line' id='line_1_45' title="bbox 153 4125 2160 4217; baseline -0 -19"><span class='ocrx_word' id='word_1_503' title='bbox 153 4132 253 4198; x_wconf 92' lang='lat' dir='ltr'><strong>blioe</strong></span> <span class='ocrx_word' id='word_1_504' title='bbox 277 4127 364 4212; x_wconf 88' lang='lat' dir='ltr'><strong>apud</strong></span> <span class='ocrx_word' id='word_1_505' title='bbox 382 4139 532 4194; x_wconf 89' lang='lat' dir='ltr'><strong>senatum</strong></span> <span class='ocrx_word' id='word_1_506' title='bbox 549 4127 762 4194; x_wconf 88' lang='lat' dir='ltr'><strong>convenimus</strong></span> <span class='ocrx_word' id='word_1_507' title='bbox 779 4127 814 4190; x_wconf 88' lang='lat' dir='ltr'><strong>in</strong></span> <span class='ocrx_word' id='word_1_508' title='bbox 831 4125 917 4190; x_wconf 94' lang='lat' dir='ltr'><strong>hanc</strong></span> <span class='ocrx_word' id='word_1_509' title='bbox 933 4125 1139 4204; x_wconf 87' lang='lat' dir='ltr'><strong>sententiam,</strong></span> <span class='ocrx_word' id='word_1_510' title='bbox 1192 4133 1225 4198; x_wconf 94' lang='lat' dir='ltr'><strong>in</strong></span> <span class='ocrx_word' id='word_1_511' title='bbox 1243 4133 1295 4198; x_wconf 94' lang='lat' dir='ltr'><strong>his</strong></span> <span class='ocrx_word' id='word_1_512' title='bbox 1317 4135 1579 4217; x_wconf 86' lang='lat' dir='ltr'><strong>occupationibus</strong></span> <span class='ocrx_word' id='word_1_513' title='bbox 1597 4179 1759 4200; x_wconf 87' lang='grc'><strong>......</strong></span> <span class='ocrx_word' id='word_1_514' title='bbox 1782 4154 1862 4216; x_wconf 91' lang='lat' dir='ltr'><strong>quas</strong></span> <span class='ocrx_word' id='word_1_515' title='bbox 1884 4133 1947 4198; x_wconf 91' lang='lat' dir='ltr'><strong>sois</strong></span> <span class='ocrx_word' id='word_1_516' title='bbox 1969 4131 2160 4199; x_wconf 85' lang='lat' dir='ltr'><strong>sollicitudi-</strong></span> 
     </span>
     <span class='ocr_line' id='line_1_46' title="bbox 152 4209 2161 4306; baseline -0.001 -22"><span class='ocrx_word' id='word_1_517' title='bbox 152 4217 250 4284; x_wconf 92' lang='lat' dir='ltr'><strong>nihil</strong></span> <span class='ocrx_word' id='word_1_518' title='bbox 287 4215 420 4280; x_wconf 89' lang='lat' dir='ltr'><strong>illorum</strong></span> <span class='ocrx_word' id='word_1_519' title='bbox 452 4236 534 4296; x_wconf 90' lang='lat' dir='ltr'><strong>quae</strong></span> <span class='ocrx_word' id='word_1_520' title='bbox 573 4211 838 4297; x_wconf 76' lang='lat' dir='ltr'><strong>proponebantur</strong></span> <span class='ocrx_word' id='word_1_521' title='bbox 871 4209 911 4274; x_wconf 77' lang='lat' dir='ltr'><strong>ab</strong></span> <span class='ocrx_word' id='word_1_522' title='bbox 945 4211 1141 4276; x_wconf 72' lang='lat' dir='ltr'><strong>advorsariis</strong></span> <span class='ocrx_word' id='word_1_523' title='bbox 1192 4239 1270 4286; x_wconf 91' lang='lat' dir='ltr'><strong>num</strong></span> <span class='ocrx_word' id='word_1_524' title='bbox 1303 4220 1417 4303; x_wconf 88' lang='lat' dir='ltr'><strong>plenas</strong></span> <span class='ocrx_word' id='word_1_525' title='bbox 1449 4239 1534 4298; x_wconf 85' lang='lat' dir='ltr'><strong>esse,</strong></span> <span class='ocrx_word' id='word_1_526' title='bbox 1569 4217 1632 4306; x_wconf 85' lang='lat' dir='ltr'><strong>[me</strong></span> <span class='ocrx_word' id='word_1_527' title='bbox 1658 4217 1841 4306; x_wconf 81' lang='lat' dir='ltr'><strong>re]spicitis.</strong></span> <span class='ocrx_word' id='word_1_528' title='bbox 1885 4219 1967 4284; x_wconf 88' lang='lat' dir='ltr'><strong>Peto</strong></span> <span class='ocrx_word' id='word_1_529' title='bbox 1994 4219 2093 4284; x_wconf 92' lang='lat' dir='ltr'><strong>etiam</strong></span> <span class='ocrx_word' id='word_1_530' title='bbox 2121 4227 2161 4283; x_wconf 93' lang='lat' dir='ltr'><strong>ut</strong></span> 
     </span>
     <span class='ocr_line' id='line_1_47' title="bbox 1192 4301 2161 4390; baseline 0 -20"><span class='ocrx_word' id='word_1_531' title='bbox 1192 4305 1360 4372; x_wconf 85' lang='lat' dir='ltr'><strong>ecclesiam</strong></span> <span class='ocrx_word' id='word_1_532' title='bbox 1383 4352 1545 4371; x_wconf 88' lang='grc'><strong>......</strong></span> <span class='ocrx_word' id='word_1_533' title='bbox 1567 4304 1655 4388; x_wconf 88' lang='lat' dir='ltr'><strong>quod</strong></span> <span class='ocrx_word' id='word_1_534' title='bbox 1676 4313 1762 4370; x_wconf 89' lang='lat' dir='ltr'><strong>certe</strong></span> <span class='ocrx_word' id='word_1_535' title='bbox 1783 4313 1816 4368; x_wconf 87' lang='lat' dir='ltr'><strong>te</strong></span> <span class='ocrx_word' id='word_1_536' title='bbox 1837 4305 1942 4370; x_wconf 84' lang='lat' dir='ltr'><strong>facere</strong></span> <span class='ocrx_word' id='word_1_537' title='bbox 1961 4305 2041 4381; x_wconf 91' lang='lat' dir='ltr'><strong>scio,</strong></span> <span class='ocrx_word' id='word_1_538' title='bbox 2066 4301 2161 4390; x_wconf 84' lang='lat' dir='ltr'><strong>[com-</strong></span> 
     </span>
    </p>

    <p class='ocr_par' dir='ltr' id='par_1_7' title="bbox 151 4387 2160 4624">
     <span class='ocr_line' id='line_1_48' title="bbox 151 4387 2160 4476; baseline -0.002 -17"><span class='ocrx_word' id='word_1_539' title='bbox 151 4407 374 4419; x_wconf 68' lang='grc'><strong>-““·“·““““</strong></span> <span class='ocrx_word' id='word_1_540' title='bbox 1191 4387 1331 4476; x_wconf 83' lang='lat' dir='ltr'><strong>meadc]s</strong></span> <span class='ocrx_word' id='word_1_541' title='bbox 1353 4389 1419 4456; x_wconf 88' lang='lat' dir='ltr'><strong>filio</strong></span> <span class='ocrx_word' id='word_1_542' title='bbox 1437 4392 1517 4470; x_wconf 93' lang='lat' dir='ltr'><strong>Dei,</strong></span> <span class='ocrx_word' id='word_1_543' title='bbox 1540 4412 1636 4474; x_wconf 91' lang='lat' dir='ltr'><strong>quem</strong></span> <span class='ocrx_word' id='word_1_544' title='bbox 1658 4389 1778 4456; x_wconf 92' lang='lat' dir='ltr'><strong>Daniel</strong></span> <span class='ocrx_word' id='word_1_545' title='bbox 1799 4390 1908 4472; x_wconf 91' lang='lat' dir='ltr'><strong>inquit</strong></span> <span class='ocrx_word' id='word_1_546' title='bbox 1931 4387 1981 4475; x_wconf 79' lang='lat' dir='ltr'><strong>[ia</strong></span> <span class='ocrx_word' id='word_1_547' title='bbox 2001 4387 2160 4475; x_wconf 84' lang='lat' dir='ltr'><strong>ea]tremo</strong></span> 
     </span>
     <span class='ocr_line' id='line_1_49' title="bbox 271 4472 2160 4624; baseline -0.002 -80"><span class='ocrx_word' id='word_1_548' title='bbox 271 4489 304 4552; x_wconf 83' lang='grc'><strong>3)</strong></span> <span class='ocrx_word' id='word_1_549' title='bbox 322 4487 546 4542; x_wconf 73' lang='lat' dir='ltr'><strong>Hermesta</strong></span> <span class='ocrx_word' id='word_1_550' title='bbox 564 4486 772 4543; x_wconf 65' lang='lat' dir='ltr'><strong>caumatis</strong></span> <span class='ocrx_word' id='word_1_551' title='bbox 795 4491 908 4542; x_wconf 73' lang='lat' dir='ltr'><strong>neumas</strong></span> <span class='ocrx_word' id='word_1_552' title='bbox 930 4503 987 4542; x_wconf 81' lang='lat' dir='ltr'><strong>aaa</strong></span> <span class='ocrx_word' id='word_1_553' title='bbox 1010 4489 1139 4568; x_wconf 59' lang='lat' dir='ltr'><strong>comat,</strong></span> <span class='ocrx_word' id='word_1_554' title='bbox 1191 4485 1336 4557; x_wconf 87' lang='lat' dir='ltr'><strong>tempore</strong></span> <span class='ocrx_word' id='word_1_555' title='bbox 1364 4475 1598 4575; x_wconf 77' lang='lat' dir='ltr'><strong>dissipaturum</strong></span> <span class='ocrx_word' id='word_1_556' title='bbox 1620 4475 1774 4542; x_wconf 87' lang='lat' dir='ltr'><strong>ecclesiae</strong></span> <span class='ocrx_word' id='word_1_557' title='bbox 1797 4472 2055 4624; x_wconf 38' lang='lat' dir='ltr'><strong>[deca-quorem</strong></span> <span class='ocrx_word' id='word_1_558' title='bbox 2079 4495 2160 4541; x_wconf 88' lang='lat' dir='ltr'><strong>osse.</strong></span> 
     </span>
    </p>
   </div>
   <div class='ocr_carea' id='block_1_6' title="bbox 134 4554 2160 5246">
    <p class='ocr_par' dir='ltr' id='par_1_8' title="bbox 145 4554 2160 4707">
     <span class='ocr_line' id='line_1_50' title="bbox 146 4554 2160 4644; baseline -0.001 -17"><span class='ocrx_word' id='word_1_559' title='bbox 146 4561 205 4617; x_wconf 74' lang='lat' dir='ltr'><strong>sed</strong></span> <span class='ocrx_word' id='word_1_560' title='bbox 225 4557 405 4641; x_wconf 52' lang='lat' dir='ltr'><strong>&amp;warardi</strong></span> <span class='ocrx_word' id='word_1_561' title='bbox 420 4559 463 4639; x_wconf 74' lang='lat'><strong>‚10-</strong></span> <span class='ocrx_word' id='word_1_562' title='bbox 481 4557 593 4638; x_wconf 57' lang='lat' dir='ltr'><strong>Mitt-⁶1,</strong></span> <span class='ocrx_word' id='word_1_563' title='bbox 613 4558 662 4625; x_wconf 68' lang='grc' dir='ltr'><strong>(Μ’</strong></span> <span class='ocrx_word' id='word_1_564' title='bbox 678 4557 867 4639; x_wconf 58' lang='lat' dir='ltr'><strong>mmm,</strong></span> <span class='ocrx_word' id='word_1_565' title='bbox 887 4556 965 4637; x_wconf 62' lang='grc' dir='ltr'><strong>,Μ</strong></span> <span class='ocrx_word' id='word_1_566' title='bbox 987 4554 1138 4637; x_wconf 57' lang='lat' dir='ltr'><strong>mam,</strong></span> <span class='ocrx_word' id='word_1_567' title='bbox 1191 4557 1293 4626; x_wconf 83' lang='lat' dir='ltr'><strong>Vides</strong></span> <span class='ocrx_word' id='word_1_568' title='bbox 1315 4561 1525 4643; x_wconf 78' lang='lat' dir='ltr'><strong>imperiorum</strong></span> <span class='ocrx_word' id='word_1_569' title='bbox 1547 4611 1694 4628; x_wconf 90' lang='grc'><strong>......</strong></span> <span class='ocrx_word' id='word_1_570' title='bbox 1716 4574 1784 4640; x_wconf 89' lang='lat' dir='ltr'><strong>tus,</strong></span> <span class='ocrx_word' id='word_1_571' title='bbox 1810 4581 1864 4644; x_wconf 87' lang='lat' dir='ltr'><strong>qm</strong></span> <span class='ocrx_word' id='word_1_572' title='bbox 1886 4581 1923 4626; x_wconf 90' lang='lat' dir='ltr'><strong>re</strong></span> <span class='ocrx_word' id='word_1_573' title='bbox 1945 4579 1986 4625; x_wconf 90' lang='lat' dir='ltr'><strong>us</strong></span> <span class='ocrx_word' id='word_1_574' title='bbox 2007 4559 2160 4626; x_wconf 89' lang='lat' dir='ltr'><strong>humanis</strong></span> 
     </span>
     <span class='ocr_line' id='line_1_51' title="bbox 145 4625 1139 4707; baseline -0.006 -19"><span class='ocrx_word' id='word_1_575' title='bbox 145 4632 241 4688; x_wconf 75' lang='lat' dir='ltr'><strong>Nom</strong></span> <span class='ocrx_word' id='word_1_576' title='bbox 265 4627 431 4684; x_wconf 76' lang='lat' dir='ltr'><strong>Testaoseats</strong></span> <span class='ocrx_word' id='word_1_577' title='bbox 452 4625 547 4693; x_wconf 74' lang='lat' dir='ltr'><strong>adada,</strong></span> <span class='ocrx_word' id='word_1_578' title='bbox 563 4641 662 4706; x_wconf 67' lang='lat' dir='ltr'><strong>acmen</strong></span> <span class='ocrx_word' id='word_1_579' title='bbox 681 4626 789 4707; x_wconf 66' lang='lat' dir='ltr'><strong>Calcat·</strong></span> <span class='ocrx_word' id='word_1_580' title='bbox 799 4631 906 4707; x_wconf 73' lang='lat' dir='ltr'><strong>aedom</strong></span> <span class='ocrx_word' id='word_1_581' title='bbox 923 4642 956 4678; x_wconf 81' lang='lat' dir='ltr'><strong>m</strong></span> <span class='ocrx_word' id='word_1_582' title='bbox 971 4625 1051 4680; x_wconf 77' lang='lat' dir='ltr'><strong>arato</strong></span> <span class='ocrx_word' id='word_1_583' title='bbox 1067 4625 1139 4692; x_wconf 72' lang='lat' dir='ltr'><strong>salso</strong></span> 
     </span>
    </p>

    <p class='ocr_par' dir='ltr' id='par_1_9' title="bbox 140 4693 2015 4846">
     <span class='ocr_line' id='line_1_52' title="bbox 140 4693 2015 4846; baseline -0.005 -21"><span class='ocrx_word' id='word_1_584' title='bbox 140 4695 644 4844; x_wconf 45' lang='lat' dir='ltr'><strong>mef⁶1l⁶did⁸&#39;fstai⁰ia’²iemami.</strong></span> <span class='ocrx_word' id='word_1_585' title='bbox 655 4701 826 4846; x_wconf 53' lang='lat' dir='ltr'><strong>“ew</strong></span> <span class='ocrx_word' id='word_1_586' title='bbox 818 4693 1139 4832; x_wconf 52' lang='lat' dir='ltr'><strong>Momm</strong></span> <span class='ocrx_word' id='word_1_587' title='bbox 1666 4832 1683 4844; x_wconf 92' lang='lat'><strong>..</strong></span> <span class='ocrx_word' id='word_1_588' title='bbox 1927 4833 1933 4844; x_wconf 26' lang='grc' dir='ltr'>Ι</span> <span class='ocrx_word' id='word_1_589' title='bbox 2010 4833 2015 4844; x_wconf 93' lang='lat'>.</span> 
     </span>
    </p>

    <p class='ocr_par' dir='ltr' id='par_1_10' title="bbox 140 4830 2160 4970">
     <span class='ocr_line' id='line_1_53' title="bbox 140 4830 2160 4902; baseline -0.001 -13"><span class='ocrx_word' id='word_1_590' title='bbox 140 4838 255 4895; x_wconf 67' lang='lat' dir='ltr'><strong>oedem</strong></span> <span class='ocrx_word' id='word_1_591' title='bbox 281 4848 433 4889; x_wconf 69' lang='lat' dir='ltr'><strong>mamerco</strong></span> <span class='ocrx_word' id='word_1_592' title='bbox 455 4831 635 4900; x_wconf 75' lang='lat' dir='ltr'><strong>deprehensos</strong></span> <span class='ocrx_word' id='word_1_593' title='bbox 660 4839 763 4902; x_wconf 74' lang='lat' dir='ltr'><strong>empto</strong></span> <span class='ocrx_word' id='word_1_594' title='bbox 788 4831 966 4888; x_wconf 72' lang='lat' dir='ltr'><strong>dedoramnt</strong></span> <span class='ocrx_word' id='word_1_595' title='bbox 992 4831 1071 4901; x_wconf 68' lang='lat' dir='ltr'><strong>(Rea.</strong></span> <span class='ocrx_word' id='word_1_596' title='bbox 1098 4831 1138 4886; x_wconf 80' lang='lat' dir='ltr'><strong>da</strong></span> <span class='ocrx_word' id='word_1_597' title='bbox 1291 4834 1321 4896; x_wconf 85' lang='grc'><strong>4)</strong></span> <span class='ocrx_word' id='word_1_598' title='bbox 1340 4834 1401 4888; x_wconf 79' lang='lat' dir='ltr'><strong>Iaso</strong></span> <span class='ocrx_word' id='word_1_599' title='bbox 1417 4834 1474 4888; x_wconf 77' lang='lat' dir='ltr'><strong>tom</strong></span> <span class='ocrx_word' id='word_1_600' title='bbox 1492 4834 1585 4890; x_wconf 77' lang='lat' dir='ltr'><strong>Nonis</strong></span> <span class='ocrx_word' id='word_1_601' title='bbox 1602 4833 1697 4887; x_wconf 71' lang='lat' dir='ltr'><strong>ranae</strong></span> <span class='ocrx_word' id='word_1_602' title='bbox 1714 4832 1747 4887; x_wconf 81' lang='lat' dir='ltr'><strong>de</strong></span> <span class='ocrx_word' id='word_1_603' title='bbox 1764 4831 1817 4886; x_wconf 79' lang='lat' dir='ltr'><strong>bac</strong></span> <span class='ocrx_word' id='word_1_604' title='bbox 1833 4831 1987 4886; x_wconf 64' lang='lat' dir='ltr'><strong>calam</strong></span> <span class='ocrx_word' id='word_1_605' title='bbox 2003 4849 2035 4886; x_wconf 73' lang='lat' dir='ltr'><strong>aa</strong></span> <span class='ocrx_word' id='word_1_606' title='bbox 2052 4830 2160 4886; x_wconf 72' lang='lat' dir='ltr'><strong>Senatu</strong></span> 
     </span>
     <span class='ocr_line' id='line_1_54' title="bbox 140 4899 1950 4970; baseline -0.006 -6"><span class='ocrx_word' id='word_1_607' title='bbox 140 4905 286 4964; x_wconf 64' lang='lat' dir='ltr'><strong>omen.</strong></span> <span class='ocrx_word' id='word_1_608' title='bbox 298 4903 357 4956; x_wconf 83' lang='lat' dir='ltr'><strong>Vol.</strong></span> <span class='ocrx_word' id='word_1_609' title='bbox 370 4901 425 4970; x_wconf 74' lang='lat'>37).</span> <span class='ocrx_word' id='word_1_610' title='bbox 460 4899 517 4956; x_wconf 80' lang='lat' dir='ltr'><strong>Res</strong></span> <span class='ocrx_word' id='word_1_611' title='bbox 533 4901 643 4956; x_wconf 70' lang='lat' dir='ltr'><strong>taedm</strong></span> <span class='ocrx_word' id='word_1_612' title='bbox 660 4903 711 4956; x_wconf 83' lang='lat' dir='ltr'><strong>aab</strong></span> <span class='ocrx_word' id='word_1_613' title='bbox 727 4903 808 4970; x_wconf 76' lang='lat' dir='ltr'><strong>finem</strong></span> <span class='ocrx_word' id='word_1_614' title='bbox 819 4903 941 4970; x_wconf 69' lang='lat' dir='ltr'><strong>Augusti</strong></span> <span class='ocrx_word' id='word_1_615' title='bbox 956 4901 998 4956; x_wconf 84' lang='lat' dir='ltr'><strong>ito</strong></span> <span class='ocrx_word' id='word_1_616' title='bbox 1015 4901 1138 4968; x_wconf 72' lang='lat' dir='ltr'><strong>confecta</strong></span> <span class='ocrx_word' id='word_1_617' title='bbox 1188 4899 1329 4968; x_wconf 67' lang='lat' dir='ltr'><strong>agebatur.</strong></span> <span class='ocrx_word' id='word_1_618' title='bbox 1948 4935 1950 4938; x_wconf 92' lang='lat'><em>-</em></span> 
     </span>
    </p>

    <p class='ocr_par' dir='ltr' id='par_1_11' title="bbox 134 4967 2160 5246">
     <span class='ocr_line' id='line_1_55' title="bbox 137 4967 2157 5051; baseline -0.002 -22"><span class='ocrx_word' id='word_1_619' title='bbox 137 4983 189 5034; x_wconf 74' lang='lat' dir='ltr'><strong>eat</strong></span> <span class='ocrx_word' id='word_1_620' title='bbox 220 4979 263 5029; x_wconf 84' lang='lat' dir='ltr'><strong>ut</strong></span> <span class='ocrx_word' id='word_1_621' title='bbox 292 4971 473 5051; x_wconf 60' lang='lat' dir='ltr'><strong>typographo,</strong></span> <span class='ocrx_word' id='word_1_622' title='bbox 501 4985 650 5040; x_wconf 75' lang='lat' dir='ltr'><strong>suppresso</strong></span> <span class='ocrx_word' id='word_1_623' title='bbox 676 4971 784 5025; x_wconf 69' lang='lat' dir='ltr'><strong>nomm</strong></span> <span class='ocrx_word' id='word_1_624' title='bbox 815 4971 925 5027; x_wconf 76' lang='lat' dir='ltr'><strong>Caluini</strong></span> <span class='ocrx_word' id='word_1_625' title='bbox 948 4976 975 5026; x_wconf 81' lang='lat' dir='ltr'><strong>et</strong></span> <span class='ocrx_word' id='word_1_626' title='bbox 1000 4969 1136 5040; x_wconf 63' lang='lat' dir='ltr'><strong>(imae,</strong></span> <span class='ocrx_word' id='word_1_627' title='bbox 1204 4967 1320 5036; x_wconf 65' lang='lat'>4881)</span> <span class='ocrx_word' id='word_1_628' title='bbox 1342 4970 1461 5024; x_wconf 74' lang='lat' dir='ltr'><strong>Videte</strong></span> <span class='ocrx_word' id='word_1_629' title='bbox 1482 4972 1508 5026; x_wconf 78' lang='lat' dir='ltr'><strong>is</strong></span> <span class='ocrx_word' id='word_1_630' title='bbox 1531 4987 1561 5026; x_wconf 81' lang='lat' dir='ltr'><strong>eo</strong></span> <span class='ocrx_word' id='word_1_631' title='bbox 1588 4975 1706 5038; x_wconf 65' lang='lat' dir='ltr'><strong>uapore</strong></span> <span class='ocrx_word' id='word_1_632' title='bbox 1728 4971 1854 5038; x_wconf 76' lang='lat' dir='ltr'><strong>patriam</strong></span> <span class='ocrx_word' id='word_1_633' title='bbox 1878 4969 2015 5037; x_wconf 60' lang='lat' dir='ltr'><strong>mere,</strong></span> <span class='ocrx_word' id='word_1_634' title='bbox 2037 4967 2157 5036; x_wconf 67' lang='lat' dir='ltr'><strong>[macra</strong></span> 
     </span>
     <span class='ocr_line' id='line_1_56' title="bbox 136 5035 2159 5119; baseline -0.004 -19"><span class='ocrx_word' id='word_1_635' title='bbox 136 5057 350 5104; x_wconf 70' lang='lat' dir='ltr'><strong>sammaa-aon</strong></span> <span class='ocrx_word' id='word_1_636' title='bbox 367 5056 448 5093; x_wconf 82' lang='lat' dir='ltr'><strong>suam</strong></span> <span class='ocrx_word' id='word_1_637' title='bbox 465 5039 542 5095; x_wconf 77' lang='lat' dir='ltr'><strong>edere</strong></span> <span class='ocrx_word' id='word_1_638' title='bbox 558 5039 657 5094; x_wconf 79' lang='lat' dir='ltr'><strong>liceret.</strong></span> <span class='ocrx_word' id='word_1_639' title='bbox 675 5039 758 5094; x_wconf 83' lang='lat' dir='ltr'><strong>-De</strong></span> <span class='ocrx_word' id='word_1_640' title='bbox 775 5039 814 5096; x_wconf 88' lang='lat' dir='ltr'><strong>N.</strong></span> <span class='ocrx_word' id='word_1_641' title='bbox 831 5041 862 5096; x_wconf 81' lang='lat' dir='ltr'><strong>T.</strong></span> <span class='ocrx_word' id='word_1_642' title='bbox 879 5056 969 5108; x_wconf 68' lang='grc' dir='ltr'><strong><em>πωρον</em></strong></span> <span class='ocrx_word' id='word_1_643' title='bbox 984 5058 1004 5094; x_wconf 87' lang='lat' dir='ltr'><strong>a</strong></span> <span class='ocrx_word' id='word_1_644' title='bbox 1021 5040 1136 5096; x_wconf 77' lang='lat' dir='ltr'><strong>Ooleiao</strong></span> <span class='ocrx_word' id='word_1_645' title='bbox 1187 5037 1292 5091; x_wconf 80' lang='lat' dir='ltr'><strong>Baccri</strong></span> <span class='ocrx_word' id='word_1_646' title='bbox 1314 5044 1340 5092; x_wconf 82' lang='lat' dir='ltr'><strong>et</strong></span> <span class='ocrx_word' id='word_1_647' title='bbox 1362 5039 1481 5093; x_wconf 73' lang='lat' dir='ltr'><strong>attonsos</strong></span> <span class='ocrx_word' id='word_1_648' title='bbox 1506 5040 1655 5094; x_wconf 77' lang='lat' dir='ltr'><strong>amicorum</strong></span> <span class='ocrx_word' id='word_1_649' title='bbox 1685 5037 1763 5119; x_wconf 70' lang='lat' dir='ltr'><strong>opud</strong></span> <span class='ocrx_word' id='word_1_650' title='bbox 1786 5035 1970 5094; x_wconf 66' lang='lat' dir='ltr'><strong>Oetaeam</strong></span> <span class='ocrx_word' id='word_1_651' title='bbox 1998 5037 2159 5108; x_wconf 69' lang='lat' dir='ltr'><strong>episcopan</strong></span> 
     </span>
     <span class='ocr_line' id='line_1_57' title="bbox 136 5105 2160 5180; baseline -0.004 -8"><span class='ocrx_word' id='word_1_652' title='bbox 136 5117 227 5172; x_wconf 71' lang='lat' dir='ltr'><strong>edito</strong></span> <span class='ocrx_word' id='word_1_653' title='bbox 256 5127 310 5180; x_wconf 82' lang='lat' dir='ltr'><strong>ap.</strong></span> <span class='ocrx_word' id='word_1_654' title='bbox 333 5109 359 5162; x_wconf 91' lang='grc' dir='ltr'><strong>Ι.</strong></span> <span class='ocrx_word' id='word_1_655' title='bbox 382 5109 502 5178; x_wconf 77' lang='lat' dir='ltr'><strong>Girard,</strong></span> <span class='ocrx_word' id='word_1_656' title='bbox 526 5125 551 5163; x_wconf 83' lang='lat' dir='ltr'><strong>o.</strong></span> <span class='ocrx_word' id='word_1_657' title='bbox 574 5107 720 5162; x_wconf 66' lang='lat' dir='ltr'><strong>&amp;callim</strong></span> <span class='ocrx_word' id='word_1_658' title='bbox 739 5109 858 5180; x_wconf 65' lang='lat' dir='ltr'><strong>Typopr.</strong></span> <span class='ocrx_word' id='word_1_659' title='bbox 883 5109 999 5164; x_wconf 65' lang='lat' dir='ltr'><strong>Gaura:</strong></span> <span class='ocrx_word' id='word_1_660' title='bbox 1026 5127 1053 5178; x_wconf 83' lang='lat' dir='ltr'><strong>p.</strong></span> <span class='ocrx_word' id='word_1_661' title='bbox 1076 5109 1133 5163; x_wconf 81' lang='lat'><strong>130.</strong></span> <span class='ocrx_word' id='word_1_662' title='bbox 1184 5105 1345 5175; x_wconf 64' lang='lat' dir='ltr'><strong>mesomio</strong></span> <span class='ocrx_word' id='word_1_663' title='bbox 1358 5113 1509 5176; x_wconf 71' lang='lat' dir='ltr'><strong>pennam.</strong></span> <span class='ocrx_word' id='word_1_664' title='bbox 1539 5107 1671 5164; x_wconf 68' lang='lat' dir='ltr'><strong>cavans</strong></span> <span class='ocrx_word' id='word_1_665' title='bbox 1689 5123 1714 5162; x_wconf 81' lang='lat' dir='ltr'><strong>cs</strong></span> <span class='ocrx_word' id='word_1_666' title='bbox 1730 5105 1825 5162; x_wconf 61' lang='lat' dir='ltr'><strong>lituae</strong></span> <span class='ocrx_word' id='word_1_667' title='bbox 1842 5106 1880 5161; x_wconf 86' lang='lat' dir='ltr'><strong>ad</strong></span> <span class='ocrx_word' id='word_1_668' title='bbox 1893 5105 1959 5160; x_wconf 80' lang='lat' dir='ltr'><strong>Mel.</strong></span> <span class='ocrx_word' id='word_1_669' title='bbox 1975 5105 2160 5176; x_wconf 60' lang='lat' dir='ltr'><strong>pessumdat</strong></span> 
     </span>
     <span class='ocr_line' id='line_1_58' title="bbox 134 5177 1387 5246; baseline 0 -15"><span class='ocrx_word' id='word_1_670' title='bbox 134 5187 273 5244; x_wconf 66' lang='lat' dir='ltr'><strong>pm</strong></span> <span class='ocrx_word' id='word_1_671' title='bbox 284 5183 348 5231; x_wconf 78' lang='lat' dir='ltr'><strong>erat</strong></span> <span class='ocrx_word' id='word_1_672' title='bbox 363 5179 488 5246; x_wconf 64' lang='lat' dir='ltr'><strong>mmo,</strong></span> <span class='ocrx_word' id='word_1_673' title='bbox 505 5177 646 5246; x_wconf 69' lang='lat' dir='ltr'><strong>exemptor</strong></span> <span class='ocrx_word' id='word_1_674' title='bbox 661 5177 767 5232; x_wconf 62' lang='lat' dir='ltr'><strong>sedam</strong></span> <span class='ocrx_word' id='word_1_675' title='bbox 784 5179 1002 5235; x_wconf 66' lang='lat' dir='ltr'><strong>aemmadisse</strong></span> <span class='ocrx_word' id='word_1_676' title='bbox 1016 5177 1134 5235; x_wconf 69' lang='lat' dir='ltr'><strong>eiddaa</strong></span> <span class='ocrx_word' id='word_1_677' title='bbox 1187 5178 1387 5233; x_wconf 64' lang='grc' dir='ltr'><strong>Μικίωνα.</strong></span> 
     </span>
    </p>
   </div>
   <div class='ocr_carea' id='block_1_7' title="bbox 272 5260 1955 5332">
    <p class='ocr_par' dir='ltr' id='par_1_12' title="bbox 272 5260 1955 5332">
     <span class='ocr_line' id='line_1_59' title="bbox 272 5260 1955 5332; baseline -0.003 -11"><span class='ocrx_word' id='word_1_678' title='bbox 272 5263 387 5321; x_wconf 73' lang='lat' dir='ltr'><strong>Celata</strong></span> <span class='ocrx_word' id='word_1_679' title='bbox 400 5279 495 5332; x_wconf 78' lang='lat' dir='ltr'><strong>opera.</strong></span> <span class='ocrx_word' id='word_1_680' title='bbox 531 5263 591 5320; x_wconf 84' lang='lat' dir='ltr'><strong>Vol.</strong></span> <span class='ocrx_word' id='word_1_681' title='bbox 609 5261 665 5319; x_wconf 77' lang='lat' dir='ltr'><strong>XI.</strong></span> <span class='ocrx_word' id='word_1_682' title='bbox 1920 5260 1955 5316; x_wconf 81' lang='grc'><strong>38</strong></span> 
     </span>
    </p>
   </div>
   <div class='ocr_carea' id='block_1_8' title="bbox 1360 3227 1990 3304">
    <p class='ocr_par' dir='ltr' id='par_1_13' title="bbox 1360 3227 1990 3304">
     <span class='ocr_line' id='line_1_60' title="bbox 1360 3227 1990 3304; baseline -0.003 -20"><span class='ocrx_word' id='word_1_683' title='bbox 1360 3245 1577 3299; x_wconf 87' lang='lat' dir='ltr'><strong>unumquemque</strong></span> <span class='ocrx_word' id='word_1_684' title='bbox 1595 3241 1628 3304; x_wconf 61' lang='grc' dir='ltr'><strong>σι</strong></span> <span class='ocrx_word' id='word_1_685' title='bbox 1639 3243 1692 3296; x_wconf 73' lang='grc' dir='ltr'><strong>χον</strong></span> <span class='ocrx_word' id='word_1_686' title='bbox 1708 3227 1811 3284; x_wconf 78' lang='lat' dir='ltr'><strong>reterre</strong></span> <span class='ocrx_word' id='word_1_687' title='bbox 1828 3227 1990 3295; x_wconf 83' lang='lat' dir='ltr'><strong>consuevit)</strong></span> 
     </span>
    </p>
   </div>
   <div class='ocr_carea' id='block_1_9' title="bbox 1191 3397 2163 3552">
    <p class='ocr_par' dir='ltr' id='par_1_14' title="bbox 1191 3397 2163 3552">
     <span class='ocr_line' id='line_1_61' title="bbox 1191 3397 2163 3486; baseline -0.001 -21"><span class='ocrx_word' id='word_1_688' title='bbox 1191 3399 1379 3465; x_wconf 86' lang='lat' dir='ltr'><strong>Olariseimo</strong></span> <span class='ocrx_word' id='word_1_689' title='bbox 1390 3401 1461 3468; x_wconf 85' lang='lat' dir='ltr'><strong>viro</strong></span> <span class='ocrx_word' id='word_1_690' title='bbox 1479 3409 1513 3464; x_wconf 90' lang='lat' dir='ltr'><strong>et</strong></span> <span class='ocrx_word' id='word_1_691' title='bbox 1529 3399 1662 3486; x_wconf 86' lang='lat' dir='ltr'><strong>egregia</strong></span> <span class='ocrx_word' id='word_1_692' title='bbox 1679 3397 1861 3466; x_wconf 89' lang='lat' dir='ltr'><strong>eruditione</strong></span> <span class='ocrx_word' id='word_1_693' title='bbox 1878 3405 1912 3463; x_wconf 90' lang='lat' dir='ltr'><strong>et</strong></span> <span class='ocrx_word' id='word_1_694' title='bbox 1929 3398 2051 3482; x_wconf 90' lang='lat' dir='ltr'><strong>pietate</strong></span> <span class='ocrx_word' id='word_1_695' title='bbox 2067 3417 2163 3484; x_wconf 89' lang='lat' dir='ltr'><strong>prae·</strong></span> 
     </span>
     <span class='ocr_line' id='line_1_62' title="bbox 1262 3483 2089 3552; baseline 0.002 -4"><span class='ocrx_word' id='word_1_696' title='bbox 1262 3483 1329 3549; x_wconf 88' lang='lat' dir='ltr'><strong>dite</strong></span> <span class='ocrx_word' id='word_1_697' title='bbox 1351 3483 1393 3550; x_wconf 93' lang='lat' dir='ltr'><strong>D.</strong></span> <span class='ocrx_word' id='word_1_698' title='bbox 1412 3483 1530 3550; x_wconf 91' lang='lat' dir='ltr'><strong>Ioanni</strong></span> <span class='ocrx_word' id='word_1_699' title='bbox 1552 3485 1691 3552; x_wconf 82' lang='lat' dir='ltr'><strong>Oalvino</strong></span> <span class='ocrx_word' id='word_1_700' title='bbox 1713 3484 1815 3551; x_wconf 91' lang='lat' dir='ltr'><strong>amico</strong></span> <span class='ocrx_word' id='word_1_701' title='bbox 1833 3503 1891 3548; x_wconf 89' lang='lat' dir='ltr'><strong>sao</strong></span> <span class='ocrx_word' id='word_1_702' title='bbox 1914 3485 2089 3550; x_wconf 89' lang='lat' dir='ltr'><strong>carissimo.</strong></span> 
     </span>
    </p>
   </div>
   <div class='ocr_carea' id='block_1_10' title="bbox 0 0 2460 5974">
    <p class='ocr_par' dir='ltr' id='par_1_15' title="bbox 0 0 2460 5974">
     <span class='ocr_line' id='line_1_63' title="bbox 0 0 2460 5974; baseline 0 1"><span class='ocrx_word' id='word_1_703' title='bbox 0 0 2460 5974; x_wconf 95' lang='lat' dir='ltr'><strong> </strong></span> 
     </span>
    </p>
   </div>
  </div>
 </body>
</html>
