4898 5970
238 237 300 310 siv
1082 235 1163 296 1544
1185 229 1387 303 necuim.
2167 217 2231 307 818

237 418 369 498 ordinis,
387 419 612 486 ministrorum
628 427 663 486 et
682 420 889 505 collegarum,
908 439 971 506 qno
987 419 1061 488 illes
1081 421 1208 506 praeire
1258 417 1344 502 qnod
1365 417 1540 496 aberravit,
1568 417 1712 504 obligare
1732 419 1818 503 qnod
1838 421 1937 506 fregit
1957 421 2089 506 aliquid,
2111 426 2231 492 confir-

237 506 343 590 magis
365 517 399 569 ot
420 505 607 588 praelucere
634 505 771 575 caeteris
795 505 831 570 in
853 507 941 571 omni
962 527 1081 590 genere
1104 507 1208 570 virtu·
1259 526 1349 569 mure
1371 505 1458 588 qued
1481 505 1648 570 infirmum
1671 517 1736 580 est,
1767 527 1900 588 pascere
1922 507 2009 590 qnod
2031 529 2148 574 sanum
2169 519 2229 578 est

237 599 308 658 tuin
326 591 699 658 etolliciorumnecesse
719 601 777 669 est,
795 612 930 674 eumque
947 591 1207 668 sollicitudinem,
1259 588 1326 656 Sed
1354 589 1507 656 utnulla
1538 591 1581 655 sit
1608 612 1707 656 eausa
1741 591 1925 676 corrigendi
1954 603 1988 658 et
2021 595 2231 662 instaurandi

238 687 277 746 ιιι
297 676 440 744 studiose
465 676 565 742 etiam
581 677 775 760 inquirant,
804 677 831 742 si
855 678 927 760 quis
948 677 1149 758 infirmetur,
1179 677 1208 744 si
1259 677 1376 742 fratres
1404 687 1438 742 et
1465 675 1506 740 ad
1531 675 1764 758 proficiendum
1794 698 1848 742 eos
1874 677 2049 757 incitandi,
2079 679 2120 746 ob
2149 703 2230 764 quas

238 764 311 848 quis
333 759 458 844 aliquid
479 763 627 844 peccarit,
653 763 766 828 autin
789 761 931 846 periculo
953 762 1077 845 pcccati
1098 783 1208 828 verso·
1258 783 1373 828 causas
1395 759 1470 828 talis
1491 761 1528 826 in
1550 761 1666 826 fratres
1694 761 1841 828 facienda
1867 765 1910 828 sit
1938 765 2103 846 inquisitio
2130 767 2230 848 (quae

238 857 302 927 tur,
325 848 353 913 si
375 848 407 912 in
428 847 532 913 officio
559 869 619 913 suo
640 859 751 914 cesset.
795 846 879 928 Quis
905 851 992 913 onim
1021 857 1113 930 pater
1140 869 1207 912 nan
1258 855 1368 912 mmen
1397 868 1515 914 causae
1549 846 1586 910 in
1619 845 1710 912 nullo
1741 848 1919 930 quamlibet
1950 849 2063 916 sancto
2095 851 2231 936 collegio

237 935 285 1004 ite
306 933 451 1018 inquirat
477 933 630 1014 delitiis,
658 954 739 1016 quae
763 935 875 1000 nutrix
903 953 970 996 nen
998 931 1038 998 de
1066 933 1207 998 alumnis
1258 953 1403 1016 unquam
1427 931 1615 1011 defuerint),
1637 943 1746 998 mmen
1769 955 1886 1000 causae
1907 933 2037 1002 abunde
2059 935 2139 1002 satis
2161 937 2230 1002 lne-

238 1017 328 1087 suis?
373 1019 475 1102 Atqui
503 1019 613 1084 nullus
640 1029 746 1102 puter,
779 1017 871 1084 nulla
898 1029 1017 1096 mater,
1046 1019 1139 1084 nulla
1167 1019 1207 1084 dc
1258 1019 1312 1096 rit,
1335 1037 1395 1082 cur
1416 1017 1524 1084 omitti
1546 1016 1620 1083 talis
1641 1017 1808 1102 inquisitio
1826 1041 1893 1086 nou
1911 1023 2021 1104 possit,
2042 1021 2231 1106 comprobe-

236 1106 325 1172 natis
346 1113 381 1170 ct
397 1105 574 1169 infantibus
591 1105 668 1182 suis,
686 1103 777 1170 nulla
794 1103 906 1170 nutrix
923 1101 963 1168 de
980 1103 1122 1170 alumnis
1139 1105 1207 1171 suis
1258 1105 1304 1168 tio
1325 1103 1411 1169 sacri
1438 1103 1612 1168 ministerii
1639 1113 1673 1168 et
1698 1125 1891 1190 progressus
1913 1106 2104 1190 cuiusquam
2126 1110 2232 1174 mani·

237 1193 285 1258 ita
316 1199 427 1274 potest
459 1189 596 1255 sollicite
629 1191 794 1272 inquirere
829 1199 867 1254 ut
899 1210 953 1254 res
982 1189 1113 1256 illorum
1149 1189 1207 1256 ha·
1257 1189 1385 1254 festatio
1413 1187 1612 1270 mutuaeque
1633 1189 1779 1255 caritatis
1803 1211 1845 1256 ex
1873 1189 1935 1258 boc
1961 1193 2066 1258 cilicio
2088 1193 2233 1260 caritatis

236 1277 346 1354 mant,
375 1274 452 1358 quid
480 1275 629 1354 valcant,
659 1272 736 1358 quid
766 1275 900 1358 periculi
933 1275 1133 1360 impendeat,
1169 1284 1208 1340 ut
1258 1272 1484 1352 corroboratio,
1502 1294 1584 1356 quae
1601 1275 1734 1340 omnino
1751 1277 1815 1340 ista
1836 1289 1951 1342 mutua
1968 1277 2176 1360 inquisitione
2198 1289 2233 1344 et

237 1361 272 1430 id
289 1363 417 1438 fratres,
440 1369 477 1426 ut
494 1360 641 1426 membra
657 1361 691 1426 in
704 1359 836 1426 Christo
859 1359 959 1440 decet,
987 1361 1087 1426 etiam
1109 1381 1207 1445 quae·
1259 1359 1478 1424 admonitione
1496 1360 1673 1442 perficitur,
1693 1359 1876 1446 ubicunque
1894 1383 2046 1428 verorum
2066 1363 2232 1430 ministro·

237 1447 326 1528 libet,
349 1446 470 1512 nedum
492 1447 662 1530 primaria,
693 1446 742 1512 uti
768 1457 846 1512 sunt
869 1445 1077 1512 ecclesiarum
1100 1457 1208 1530 pasto·
1259 1467 1332 1510 rum
1355 1443 1481 1512 Christi
1501 1455 1612 1512 coetus
1633 1445 1706 1512 coit.
1740 1445 1875 1514 Ethnici
1892 1456 2004 1514 temen
2026 1458 2232 1533 agnoverunt

238 1555 300 1600 res.
344 1533 390 1600 Et
421 1533 574 1616 quoniam
604 1552 699 1598 nemo
728 1552 793 1598 nou
821 1529 961 1610 cerebri,
998 1553 1064 1598 non
1092 1531 1207 1610 cordis,
1259 1527 1419 1596 eiusmodi
1440 1531 1476 1596 in
1498 1531 1618 1596 amices
1640 1532 1883 1614 inquisitionem
1900 1544 1934 1597 et
1950 1543 2097 1600 mutuam
2120 1534 2232 1602 admo-

238 1641 306 1686 ιιοιι
326 1617 494 1686 oculorum
523 1617 679 1682 maiorem
708 1627 802 1702 gerat
829 1615 1081 1684 sollicitudinem
1108 1639 1208 1702 quum
1260 1615 1416 1682 nitienem
1433 1637 1504 1682 csse
1521 1637 1696 1700 germanae
1718 1617 1880 1684 amicitiae
1898 1621 2065 1701 proprium
2083 1639 2121 1686 nc
2138 1641 2233 1702 quae-

238 1703 462 1773 musetdcrum
495 1703 549 1770 vel
576 1701 769 1788 digitorum,
813 1703 930 1786 quibus
968 1701 1065 1769 laesis
1097 1711 1208 1770 mmcn
1260 1701 1391 1784 cipuatn
1420 1701 1572 1768 officium.
1617 1699 1725 1782 Quam
1753 1703 1924 1787 indignum
1952 1705 2054 1788 igitur
2081 1706 2125 1770 sit
2151 1705 2234 1772 illud

238 1811 307 1858 non
328 1791 377 1855 ita
397 1810 517 1874 magno
537 1810 656 1872 corpus
672 1787 877 1855 incommodo
899 1787 1048 1866 allicitur,
1069 1789 1116 1856 ita
1137 1789 1210 1872 quis
1261 1785 1383 1872 negligi
1405 1785 1447 1852 ab
1474 1787 1516 1852 iis
1537 1785 1594 1870 qui
1622 1787 1683 1852 soli
1712 1810 1824 1854 veram
1852 1790 2026 1854 amicitiam
2055 1800 2179 1856 nomint
2200 1801 2235 1856 et

237 1883 348 1944 mue
368 1873 444 1942 lidci
466 1896 532 1940 non
554 1883 712 1958 agnoscat
739 1873 905 1940 ministros
929 1873 1082 1941 ecclcsiae
1110 1873 1210 1940 talem
1261 1871 1382 1948 colunt,
1405 1893 1425 1938 a
1444 1871 1651 1950 Christianis,
1680 1873 1943 1958 indignissimum
1968 1885 2076 1940 autem
2099 1897 2119 1940 a
2140 1874 2233 1944 duci·

238 1960 490 2029 sollicitudinem
519 1967 554 2025 et
575 1959 615 2026 de
641 1981 676 2025 se
702 1961 711 2024 i
737 1959 781 2026 sis
802 1959 942 2026 invicem
964 1959 1210 2044 inquisitionem
1261 1957 1322 2024 bus
1344 1967 1378 2024 et
1398 1957 1564 2042 magistris
1587 1957 1865 2038 Christianorum,
1888 1973 1921 2026 et
1943 1969 1981 2024 ut
2001 1960 2036 2025 hi
2058 1961 2233 2046 singulari-

238 2045 430 2130 cumprimis
451 2045 581 2122 debere,
604 1982 779 2128 atquibus
800 2045 1000 2112 cessantibus
1022 2055 1151 2112 tantum
1175 2045 1209 2110 in
1260 2052 1400 2108 tersere
1422 2043 1562 2110 invicem
1584 2055 1771 2128 agnoscant,
1794 2066 1917 2128 sueque
1933 2046 2020 2110 inter
2041 2067 2077 2112 se
2098 2047 2235 2114 concilia

238 2133 493 2208 maturuisse,
517 2131 635 2198 nedum
653 2143 768 2196 contra
784 2152 856 2196 cam
875 2131 1082 2215 peccantibus
1104 2141 1209 2196 tetum
1284 2129 1392 2212 repria
1414 2128 1564 2208 habeant,
1591 2150 1689 2196 nemo
1710 2152 1775 2196 non
1798 2127 1959 2196 dubitabit
1976 2152 2050 2198 esse
2070 2131 2105 2198 in
2128 2133 2235 2200 allicio

238 2238 359 2302 corpus
378 2217 542 2296 ecelesiae,
562 2237 681 2301 corpus
692 2215 826 2294 Christi,
848 2213 932 2284 laedi
950 2217 1096 2302 graviter
1116 2238 1210 2300 opor-
1260 2149 1357 2280 buius
1378 2211 1511 2292 ordinis,
1534 2215 1589 2300 qui
1610 2213 1825 2282 considerarit
1841 2215 1902 2284 hoe
1920 2225 1953 2282 et
1969 2217 2154 2300 propbetas,
2176 2219 2236 2302 qui

238 2313 317 2372 teet
351 2303 421 2370 Nee
442 2310 531 2370 certo
552 2299 730 2368 verendum
748 2309 787 2366 ut
808 2301 1026 2368 baec'mutna
1044 2303 1210 2386 inquisitio
1261 2321 1337 2366 suos
1359 2299 1538 2382 peculiares
1560 2297 1678 2368 cheros
1700 2300 1872 2378 habebant,
1895 2311 1928 2368 et
1948 2301 2111 2386 apostolos
2133 2313 2233 2386 atqua

241 2397 277 2460 et
309 2408 388 2454 cura
420 2387 542 2471 aliquid
573 2385 805 2464 incommodet,
839 2387 895 2452 ubi
926 2407 966 2452 ea
997 2387 1084 2455 inter
1116 2408 1211 2454 veros
1261 2385 1467 2470 presbyteres
1484 2386 1677 2466 apostolicos
1694 2395 1761 2468 mm
1780 2385 1924 2454 studiose
1942 2387 2142 2468 observasse,
2162 2399 2234 2454 tum

239 2474 367 2542 Christi
387 2473 555 2540 ministros
582 2483 760 2538 exercetur.
811 2471 895 2554 Quis
921 2473 1009 2538 enim
1031 2473 1148 2539 vivom
1175 2474 1211 2538 in
1261 2469 1405 2538 maximo
1426 2471 1606 2536 Dominum
1634 2471 1744 2556 ipsum
1771 2473 1915 2557 primum
1937 2473 2036 2538 buius
2057 2473 2236 2558 singularis

108 2627 117 2640 ,
240 2562 376 2630 caritate
397 2569 431 2624 et
452 2579 530 2624 vera
546 2557 766 2624 membrorum
777 2557 901 2624 Christi
920 2559 1211 2624 communicatione
1262 2564 1296 2620 ct
1315 2555 1467 2622 auctioris
1488 2557 1649 2624 societatis
1670 2559 1705 2622 in
1728 2559 1856 2624 Levitis
1877 2557 2065 2642 exemplum
2086 2571 2120 2624 et
2141 2579 2237 2644 prae·

241 2654 309 2712 tam
343 2644 546 2728 pmeolarum
581 2663 756 2727 germanae
794 2643 938 2712 caritatis
970 2643 1112 2712 officium
1144 2665 1212 2710 non
1262 2649 1396 2726 captum
1417 2637 1554 2708 dedisse.
1598 2642 1792 2710 Cavendum
1820 2643 1924 2710 modis
1953 2645 2104 2712 omnibus
2125 2653 2177 2710 est
2197 2652 2237 2712 ut

241 2730 428 2818 gratissimo
456 2729 566 2796 animo
593 2727 779 2812 exciperet?
834 2727 918 2812 Quis
944 2729 1033 2794 enim
1061 2729 1130 2816 sibi
1151 2729 1212 2794 uni
1263 2727 1340 2792 cleri
1362 2735 1397 2792 et
1418 2725 1575 2793 laicorum
1596 2747 1635 2793 ea
1657 2726 1808 2794 discretio
1830 2731 1902 2806 fiat,
1930 2741 1968 2794 ut
1995 2730 2086 2798 luicis
2114 2725 2239 2814 aliquid

240 2815 403 2888 sufficies?
426 2815 500 2898 quis
520 2815 555 2884 in
576 2815 647 2882 suis
668 2811 793 2882 delictis
814 2826 847 2880 ct
869 2813 989 2882 morbis
1011 2836 1078 2882 non
1099 2835 1212 2885 meeu-
1263 2812 1478 2878 subtrabatur
1499 2810 1574 2876 doni
1597 2813 1721 2878 Christi
1744 2815 1837 2880 euius
1858 2824 1979 2898 queant
2000 2835 2133 2898 capaces
2155 2837 2238 2896 osse,

241 2901 304 2970 tit?
327 2901 400 2985 quis
421 2922 488 2966 non
511 2899 673 2984 perpetuis
693 2899 909 2985 monitoribus
926 2913 958 2966 et
980 2897 1212 2968 excitatoribus
1264 2907 1302 2964 ut
1327 2897 1397 2964 ulla
1423 2899 1464 2964 ab
1497 2898 1626 2964 acuens
1655 2907 1690 2963 ct
1715 2897 1835 2966 iudicio
1862 2900 2030 2978 eecloeiae,
2068 2900 2108 2966 ad
2137 2921 2238 2984 quam

240 2986 389 3072 indiget?
434 2984 473 3060 si
495 2985 607 3066 morbo
624 2984 733 3068 aliquo
753 2986 807 3052 vel
829 2986 1014 3070 calamitate
1034 2987 1213 3074 affligimur
1264 2993 1430 3068 praestare
1447 2983 1569 3067 aliquid
1586 2995 1731 3067 possunt,
1752 2985 2016 3064 submoveantur,
2038 2995 2078 3051 ut
2092 2987 2240 3052 lecerunt

241 3081 277 3142 st
296 3074 414 3148 iratres
430 3093 490 3138 noa
512 3071 627 3138 solatio
645 3071 855 3155 inspectionis
877 3081 910 3138 ct
926 3069 1154 3138 admonitionis
1172 3071 1213 3138 de
1264 3069 1463 3136 antichristi:
1486 3089 1602 3136 ramus
1623 3080 1732 3136 summ
1743 3091 1783 3136 ee
1798 3071 1897 3138 etiam
1908 3070 2150 3137 caveaturcleri
2161 3091 2240 3137 cum

241 3157 404 3237 remediis,
425 3159 453 3223 si
474 3155 551 3240 quid
574 3157 717 3241 possint,
746 3153 939 3234 destituant,
968 3169 1056 3226 certe
1078 3179 1213 3224 excusa·
1265 3157 1358 3240 plebe
1379 3156 1535 3232 mnfirsio,
1556 3165 1595 3220 ut
1615 3175 1674 3240 per
1694 3155 1798 3239 plebis
1818 3156 2239 3239 imperitiam‘atfectusquc

242 3245 365 3312 tionem
386 3242 477 3313 illam
499 3264 567 3310 non
584 3242 773 3326 recipimus:
795 3241 987 3310 Nesciebam
1005 3251 1038 3310 te
1055 3243 1214 3324 laborare,
1265 3243 1440 3308 crassiores
1468 3243 1633 3306 examines
1664 3241 1888 3324 impediantur
1910 3244 1951 3306 'in
1982 3241 2077 3307 clerc·
2102 3241 2238 3325 spirit-us

242 3329 434 3416 ignorabam
461 3339 494 3394 tc
522 3329 569 3396 ita
596 3327 709 3412 premi.
760 3328 845 3398 Eam
873 3329 1012 3410 scilieet,
1037 3328 1213 3412 inquimus,
1265 3328 1371 3394 sancti
1391 3327 1526 3392 masilia
1546 3337 1581 3391 et
1608 3327 1810 3394 neeessariae
1838 3327 1880 3392 de
1906 3327 2003 3392 rebus
2025 3327 2160 3392 Domini
2181 3324 2239 3392 de-

243 3435 356 3482 curam
374 3415 439 3480 mei
460 3414 557 3498 geris,
580 3415 628 3480 sio
648 3435 701 3479 mc
723 3435 823 3492 ames,
851 3425 918 3478 tam
940 3411 1077 3480 sollicite
1099 3413 1140 3502 de
1161 3433 1214 3480 me
1265 3412 1473 3478 liberationes
1501 3421 1534 3478 at
1560 3412 1782 3480 iudicationes.
1831 3413 1874 3478 In
1899 3413 1994 3479 Actis
2021 3412 2173 3480 videmus
2200 3419 2239 3478 ut

244 3510 278 3570 et
298 3501 397 3576 rebus
417 3501 500 3566 meis
521 3499 670 3583 inquiris.
713 3501 761 3566 At
781 3499 855 3584 quis
878 3499 1141 3582 morbumquae
1162 3501 1213 3564 in·
1265 3499 1433 3583 graviores
1460 3518 1574 3565 cauam
1600 3498 1738 3581 apostoli
1767 3520 1841 3566 oum
1877 3499 2059 3564 senioribus
2093 3499 2238 3582 primum

243 3587 399 3664 firmitas,
436 3605 519 3669 quae
551 3584 721 3654 calamitas
752 3583 885 3670 gravier
923 3595 956 3650 et
994 3583 1213 3668 perniciosior,
1265 3584 1474 3650 excutiebant
1508 3593 1684 3668 antequam
1718 3583 1759 3649 ad
1790 3583 1949 3667 reliquam
1979 3583 2148 3650 ecelesiam
2180 3603 2239 3651 cus

243 3693 342 3758 qnam
363 3669 501 3738 detineri
523 3679 664 3754 peccato,
692 3690 788 3754 quam
810 3691 938 3736 cessare
958 3669 993 3736 in
1014 3671 1118 3738 officie
1140 3689 1214 3736 nes·
1265 3671 1438 3748 referrent,
1474 3677 1508 3735 et
1540 3669 1706 3736 habehant
1735 3677 1847 3736 mmen
1874 3669 1972 3755 longe
1993 3671 2238 3737 instructiorem

243 3766 312 3836 tro,
340 3777 440 3840 qnam
460 3756 568 3822 lucere
594 3765 709 3822 centra
734 3755 900 3822 officium?
944 3753 1013 3822 Sed
1034 3765 1158 3822 secreto
1181 3763 1215 3822 et
1266 3756 1382 3840 spiritu
1399 3754 1526 3838 plebem
1545 3775 1643 3840 quam
1661 3776 1748 3822 nune
1770 3755 1935 3822 habemus.

243 3843 398 3929 privatim
426 3843 549 3908 moneri
571 3841 688 3908 fratres
709 3839 873 3908 Dominus
898 3839 997 3906 iubet
1041 3841 1159 3920 Recte,
1186 3841 1215 3907 si
1352 3839 1491 3918 Summa
1523 3850 1655 3906 nocuae
1684 3839 1761 3906 fidei
1783 3839 1823 3906 ds
1857 3839 1918 3908 bac
1947 3840 2136 3924 quaestione
2168 3849 2234 3908 est:

266 3928 321 3996 uid
343 3927 393 3994 illi
413 3937 539 3996 secreto
560 3933 595 3992 et
614 3927 768 4009 privatim
788 3928 825 3992 in
846 3937 880 3992 te
897 3927 1021 3992 scilieet
1041 3925 1214 4010 peccarint.
1265 3927 1449 4009 quicunque
1469 3925 1581 3992 botris
1597 3926 1649 3994 vel
1669 3927 1776 4009 ipsum
1793 3923 2037 4010 peceatumvel
2055 3925 2237 4009 perieulum

243 3945 338 4096 buit
356 4019 467 4082 eutem
481 4009 517 4080 -si
538 4012 639 4087 irater
660 4009 805 4078 nondam
828 4011 959 4094 quidem
1079 4009 1135 4090 vit,
1157 4007 1215 4078 sed
1266 4012 1364 4076 etiam
1391 4011 1515 4094 peccati
1542 4011 1704 4078 occultum
1726 4020 1938 4096 cognoverat,
1966 4011 1996 4077 is
2022 4013 2155 4076 urtrem
2181 4031 2236 4078 sa-

244 4097 435 4182 ⁸impendeat
451 4099 482 4169 ei
499 4097 679 4181 periculum
700 4097 833 4180 peccati,
854 4097 972 4180 idque
1011 4097 1084 4162 aliis
1100 4108 1215 4164 notum
1265 4105 1355 4162 croto
1376 4095 1549 4164 admoneat
1569 4106 1602 4162 et
1623 4097 1794 4163 instauret
1837 4096 1975 4162 Interim
2003 4106 2129 4176 tamem
2159 4097 2237 4182 quia

243 4185 291 4256 sit
312 4183 371 4252 tibi
389 4193 503 4253 notum
522 4205 589 4250 non
606 4183 658 4261 sit,
679 4193 739 4250 aut
755 4203 820 4248 nen
838 4203 938 4266 ιιηιιο
956 4179 1092 4250 notum?
1126 4181 1214 4266 Quid
1266 4203 1331 4248 non
1353 4183 1433 4249 satis
1454 4181 1627 4248 observare
1649 4204 1707 4248 nes
1729 4183 1815 4266 ipsos
1836 4183 1975 4248 invicem
1997 4201 2180 4266 possumus,
2202 4191 2238 4249 et

245 4269 345 4338 etiam
373 4270 401 4336 si
430 4281 598 4353 peceatum
632 4269 702 4334 iam
728 4289 794 4334 nen
824 4278 951 4334 tantum
976 4267 1012 4334 in
1040 4275 1088 4346 te,
1118 4281 1156 4336 ut
1177 4277 1214 4334 tu
1265 4277 1416 4334 nestrum
1436 4267 1656 4334 ministerium
1673 4277 1740 4334 tam
1761 4268 1866 4334 multa
1888 4269 2032 4352 requirit,
2055 4267 2238 4339 habeantur

245 4355 425 4424 ennesius
453 4356 601 4424 mereim
622 4355 683 4432 sis,
706 4349 769 4420 sed
794 4355 830 4420 in
856 4353 978 4420 multos
1004 4351 1215 4420 commissum
1266 4351 1453 4438 tempestivi
1471 4363 1658 4430 cenventus,
1673 4355 1715 4431 ,in
1738 4353 1866 4420 uiratur
1887 4361 2000 4420 exacte
2021 4353 2056 4419 in
2078 4353 2237 4440 singulos,

245 4441 298 4520 sit,
321 4441 383 4510 hec
404 4449 463 4518 est,
486 4441 587 4509 etiam
608 4439 682 4508 eliis
703 4440 849 4518 consciis,
871 4449 906 4504 et
925 4440 1037 4506 forsan
1054 4439 1127 4506 aliis
1145 4460 1214 4506 ma·
1265 4438 1409 4506 iudicent
1418 4439 1515 4506 etiam
1527 4437 1651 4526 singuli
1661 4375 1819 4524 quidquid
1831 4439 2022 4504 existiment
2032 4437 2067 4504 in
2079 4437 2236 4508 fratribus

270 4528 297 4592 's
317 4525 475 4594 consolis?
512 4527 629 4610 ,Atqui
658 4526 724 4592 vim
752 4521 951 4610 singularem
981 4523 1079 4592 babet
1105 4546 1214 4610 reprc-
1265 4523 1514 4604 emendandum,
1532 4523 2112 4618 adhibeaturcorrectieabemnibus,
2128 4521 2236 4590 vindi·

290 4613 362 4682 osio
383 4632 466 4696 qnae
488 4613 526 4676 fit
546 4631 655 4679 coram
681 4611 836 4694 tratribus
858 4609 1007 4678 omnibus
1028 4621 1062 4678 et
1082 4611 1123 4678 ab
1145 4631 1214 4677 om·
1265 4619 1357 4676 cetur
1373 4611 1470 4678 etiam
1488 4609 1709 4678 innocentium
1723 4611 1859 4691 fratruum
1869 4609 2077 4690 existimatio,
2088 4629 2237 4694 compro-

246 4698 352 4770 uibus.
396 4695 509 4764 Nostis
529 4697 717 4780 exemplum
733 4697 828 4766 Pauli
857 4695 1125 4780 reprehendentis
1151 4695 1215 4763 Pe·
1266 4696 1361 4762 betur
1381 4695 1599 4761 ministerium
1616 4697 1771 4760 omnium.
1805 4693 1901 4776 Quod
1919 4703 2006 4760 certe
2023 4704 2137 4761 mutua
2154 4693 2237 4762 haec

245 4789 350 4862 uum,
379 4791 414 4848 et
432 4789 642 4866 praeceptum
661 4781 804 4850 iubentis
824 4783 985 4848 incestum
1007 4779 1214 4850 Corinthium
1265 4781 1431 4864 inquisitio
1457 4791 1491 4848 et
1518 4780 1695 4848 admonitio
1722 4781 1861 4848 fratrum
1890 4780 2021 4866 egregie
2048 4779 2236 4864 praestabit,

245 4867 411 4952 increpari
443 4867 483 4934 ab
515 4867 675 4933 omnibus.
719 4867 806 4934 Item
838 4876 1047 4952 praeceptum
1080 4865 1215 4934 eiusad
1265 4863 1423 4952 siquidem
1445 4889 1487 4934 ex
1508 4868 1644 4934 carimte
1665 4887 1747 4932 vera
1766 4867 1877 4932 omnia
1897 4868 1988 4944 fiant,
2010 4885 2092 4948 quae
2112 4865 2237 4932 arcebit

245 4953 466 5032 Timotheum,
487 4951 747 5038 reprehendendi
764 4975 819 5020 eos
840 4953 896 5037 qui
916 4961 1093 5038 peccarunt
1106 4972 1216 5019 coram
1265 4973 1394 5018 omnem
1412 4961 1445 5018 et
1464 4951 1694 5020 contumeliam
1711 4961 1745 5017 et
1762 4951 1969 5030 calumniam,
1987 4951 2085 5016 ctiam
2103 4972 2236 5022 omnem

165 5087 171 5096 -
245 5039 406 5110 amnibus
455 5039 632 5109 Latissimc
662 5047 752 5121 patet
778 5061 858 5106 cura
882 5037 939 5104 illa
963 5038 1133 5124 pastoralis
1160 5037 1215 5104 de·
1264 5033 1528 5122 intempestivam
1552 5039 1688 5104 fratrum
1708 5035 1997 5104 contristationem.
2030 5037 2076 5104 ltt
2101 5038 2129 5104 si
2155 5035 2236 5122 quid

245 5125 429 5210 scriptam
449 5123 631 5204 anobiele,
652 5142 808 5208 quaerere
828 5123 914 5208 qued
936 5124 1040 5210 periit,
1061 5119 1216 5194 reducere
1266 5123 1374 5202 etiam,
1397 5132 1436 5189 ut
1456 5123 1560 5190 multa
1580 5133 1631 5190 est
1651 5123 1798 5192 omnium
1819 5121 2008 5202 infirmitas,
2036 5123 2073 5190 in
2093 5121 2145 5192 his
2166 5145 2235 5192 ιιοιι

354 5225 464 5283 Cotem
477 5242 571 5296 opere.
613 5225 668 5283 Vct.
686 5223 741 5279 XI.
1992 5221 2029 5280 ω
