4888 5966
153 323 213 386 349
996 322 1073 382 1541
1098 316 1300 384 NOVEMB.
2082 324 2144 386 350

151 515 249 585 natu,
280 506 342 572 hoe
364 515 427 584 est,
450 507 603 590 6666616
624 507 812 574 hominibus
833 507 973 572 restitui.
1017 505 1122 588 Quasi
1146 509 1150 586 Ι
1173 505 1268 572 modo
1286 507 1475 572 offensionis
1493 527 1698 590 nequaquam
1720 508 1886 573 satisfecit.
1921 506 2005 590 Quis
2021 508 2143 594 negat?

151 613 227 660 vero
259 591 463 658 tumultuosa
498 591 556 658 illa
588 592 790 676 perditorum
822 591 993 657 hominum
1025 591 1121 658 laetio
1173 612 1288 657 verum
1311 593 1340 657 si
1357 591 1510 676 inspicias
1528 613 1626 675 quam
1647 613 1700 658 res
1718 593 1825 658 adhuc
1843 594 1909 658 sint
1927 593 1980 659 hio
2003 602 2144 674 tenerae,

149 677 288 762 populus
310 677 416 743 166111.
460 677 555 744 Etsi
577 679 646 756 1611,
670 679 763 760 quasi
784 700 849 743 non
869 677 950 742 illud
973 677 1121 758 plebisci·
1173 698 1215 741 66
1237 675 1315 760 quid
1338 678 1484 760 asperius
1505 678 1625 756 dicam,
1655 679 1724 762 ipse
1747 679 1897 744 66666166
1914 701 1979 744 666
2003 700 2074 744 6666
2093 680 2144 744 61-

150 773 220 828 1661
248 763 329 828 66116
357 784 518 847 superque
545 764 603 828 tibi
632 785 703 830 esse
729 763 859 843 debeat,
890 785 953 846 quo
982 763 1120 846 populus
1173 766 1275 828 terius
1293 762 1566 846 progrediendum
1589 765 1623 827 in
1642 764 1703 830 hoc
1725 766 1863 848 negotio.
1898 767 1945 830 Te
1967 767 2068 848 igitur
2086 785 2145 848 per

149 849 219 932 1666
240 849 487 932 pronunciavit,
516 859 548 912 te
570 849 691 914 iniuria
717 849 850 933 pulsum
872 849 989 930 esse.⁵)
1033 847 1120 914 (lon-
1173 847 1344 912 Christum
1366 849 1517 926 obtestor,
1540 849 1586 914 mi
1609 849 1741 926 Feralis,
1762 861 1800 914 ut
1821 872 1886 914 non
1909 849 2068 934 quoslibet
2086 873 2143 916 au·

148 941 215 1000 stat
237 955 292 1000 eos
310 936 365 1017 qui
382 943 415 998 te
433 935 638 1018 expulerunt,
661 943 719 1000 661
736 935 840 1017 capite
857 955 994 1018 poenam
1012 933 1119 1012 luisse,
1173 932 1243 998 dias
1265 933 1481 1000 consultores:
1504 933 1561 1000 sed
1579 956 1689 1000 eorum
1708 936 1893 1018 acquiescas
1911 936 2063 1012 consiliis,
2086 937 2144 1018 qui

149 1029 206 1086 aut
236 1021 316 1086 urbe
345 1040 415 1085 esso
444 1019 611 1104 profugos:
624 1019 653 1104 6)
681 1020 823 1104 reliquos
856 1031 964 1085 autem
997 1019 1120 1102 pudore
1171 1040 1231 1084 666
1249 1019 1422 1102 prudentia
1443 1029 1563 1098 carent,
1586 1029 1619 1085 et
1635 1042 1702 1085 666
1719 1023 1830 1085 611666
1849 1020 1888 1085 16
1906 1022 1955 1086 161
1971 1023 2144 1087 ministerii

148 1116 269 1184 tacere,
299 1115 356 1170 aut
374 1107 469 1170 fateri
491 1127 590 1172 suum
617 1106 731 1172 666166.
776 1105 930 1170 Ν661661
948 1103 1031 1168 11161
1053 1104 1119 1186 ple·
1144 1173 1147 1184 q
1172 1103 1294 1168 honore
1324 1115 1403 1170 6661
1430 1106 1556 1170 solliciti
1586 1126 1683 1188 quam
1712 1117 1747 1169 tu
1777 1108 1854 1189 ipse.
1908 1107 2003 1188 Quod
2033 1109 2061 1171 si
2083 1127 2144 1174 nos

148 1191 300 1257 biscitum
323 1192 444 1256 factum
474 1191 595 1270 luerat,
629 1213 691 1274 quo
723 1191 864 1274 populus
898 1185 1147 1255 166666611661Ι
1173 1189 1406 1271 611111666616,
1435 1189 1518 1254 nihil
1541 1189 1666 1270 videre,
1695 1191 1778 1256 nihil
1801 1191 1942 1258 iudicare
1965 1195 2142 1273 existimas,

148 1285 296 1342 nostram
319 1299 387 1342 666
408 1297 488 1343 voce
506 1275 736 1360 comprobavit,
759 1298 860 1358 quum
880 1285 916 1340 tu
939 1277 1042 1340 nimia
1058 1275 1118 1339 im·
1171 1289 1283 1356 patere
1316 1285 1426 1340 tamen
1453 1277 1493 1340 ab
1527 1278 1639 1342 amicis
1671 1293 1703 1341 te
1729 1280 1829 1342 661661
1859 1280 2035 1354 61616117)

147 1363 347 1444 portunitate
369 1383 388 1426 a
410 1383 462 1426 me
484 1370 675 1438 extorseras,
704 1372 742 1426 ut
764 1371 940 1427 venturum
963 1383 1015 1426 166
1037 1361 1119 1426 reci·
1257 1360 1309 1426 De
1319 1361 1430 1427 schola
1448 1362 1573 1427 Viretcs
1586 1360 1730 1427 Gorderio
1741 1362 1923 1446 respondet.
1941 1363 2044 1429 Nobis
2055 1371 2143 1430 certe

147 1469 268 1530 peram.
313 1449 405 1513 Tunc
427 1459 547 1524 tamen,
576 1457 612 1512 61
634 1469 749 1512 verum
770 1448 882 1526 fatear,
903 1445 1061 1511 habebam
1084 1447 1118 1510 in
1193 1445 1279 1510 lacet
1293 1448 1413 1511 mirum
1431 1447 1467 1511 in
1483 1448 1615 1513 modum
1635 1448 1709 1512 idea
1726 1448 1783 1512 illa
1800 1470 1899 1532 quarn
1915 1449 2098 1514 delineavit
2112 1451 2141 1530 ³)

147 1535 257 1598 animo
285 1531 409 1616 aliquid
436 1535 541 1616 primo
563 1531 710 1598 adventu
731 1532 771 1598 de
798 1533 985 1598 innocentia
1005 1541 1119 1596 nostra
1170 1467 1239 1595 gell
1261 1533 1388 1596 utinam
1411 1532 1569 1598 decimam
1597 1541 1724 1616 partem
1746 1555 1859 1598 eorum
1881 1556 1962 1617 quae
1983 1535 2142 1617 praesori-

145 1619 270 1696 testari,
293 1627 449 1684 ettotam
472 1639 604 1684 causam
624 1627 770 1683 nostram
792 1639 962 1701 exponere,
985 1626 1023 1683 ut
1050 1639 1118 1682 om·
1171 1616 1219 1680 bit
1236 1619 1366 1700 assequi
1383 1640 1559 1702 possemus.
1593 1619 1712 1684 Valeat
1725 1620 1827 1703 igitur
1845 1619 1899 1685 hic
1917 1619 2140 1702 proverbium:

146 1707 199 1770 nis
219 1726 285 1769 non
307 1713 436 1770 tantum
458 1703 687 1780 maledicendi,
717 1704 774 1768 sed
803 1705 900 1768 611616
923 1702 1117 1769 mussitandi
1170 1700 1310 1781 Quando
1332 1726 1397 1768 non
1419 1707 1458 1768 fit
1479 1704 1564 1787 quod
1584 1704 1744 1781 volumus,
1768 1705 1908 1770 velimus
1926 1705 2011 1788 quod
2028 1727 2142 1788 possu-

145 1789 273 1856 oocasio
295 1789 452 1872 improbis
472 1789 649 1856 tolleretur.
684 1790 828 1854 Tametsi
851 1811 916 1852 non
939 1810 1011 1853 sum
1034 1791 1117 1870 opti·
1170 1808 1252 1852 mus.
1297 1789 1366 1854 Fac
1384 1799 1421 1853 ut
1444 1788 1483 1854 de
1505 1802 1643 1872 utraque
1672 1812 1707 1855 re
1735 1791 1829 1856 brevi
1851 1813 1893 1855 ex
1915 1791 2015 1855 animi
2038 1791 2141 1856 nostri

144 1897 220 1940 mus
243 1875 372 1941 dicendi
400 1875 532 1950 artifex,
560 1897 625 1940 non
655 1873 789 1940 verebar
817 1889 928 1939 tamen
950 1875 1028 1956 quin
1050 1889 1118 1937 tam
1170 1875 1332 1937 sententia
1353 1874 1476 1957 ahquid
1505 1874 1684 1940 audiamus.
1730 1874 1872 1942 Senatus
1894 1878 1959 1940 iam
1981 1878 2141 1942 missurus

144 1961 233 2026 bona
254 1981 349 2025 66666
371 1960 549 2043 plausibilis
579 1961 689 2024 161616
710 1973 811 2026 esset:
842 1981 956 2024 verum
983 1959 1038 2024 ubi
1060 1980 1117 2042 po-
1170 1967 1255 2034 erat,
1284 1959 1349 2024 nisi
1371 1960 1424 2024 hio
1443 1960 1606 2026 adfuisset.
1650 1961 1873 2026 Effeceramus
1895 1970 2005 2026 tamen
2026 1983 2085 2047 ego
2108 1969 2142 2028 61

143 2047 244 2128 66166
267 2067 338 2111 6666
361 2045 563 2124 damnando,
594 2057 627 2111 et
654 2045 783 2128 culpam
811 2067 905 2112 suam
934 2043 1118 2110 confitendo
1177 2043 1302 2109 Viretas
1323 2065 1365 2108 66
1386 2045 1534 2128 publicus
1555 2048 1695 2114 nuncius
1715 2047 1916 2126 mitteretur,
1947 2046 2140 2113 16666661-

143 2132 338 2210 antevertit,
368 2133 482 2214 putavi
504 2131 565 2197 hac
593 2135 785 2196 necessitato
812 2153 871 2196 nos
893 2151 963 2196 esse
985 2152 1118 2214 prorsus
1171 2135 1237 2192 tam
1266 2151 1355 2212 spem
1384 2132 1537 2196 fecissent
1564 2132 1656 2197 nobis
1685 2143 1813 2198 vestrae
1840 2133 1964 2198 literae.
2015 2133 2141 2198 Vereor

143 2217 308 2282 liberatos.
353 2216 425 2281 Imo
446 2227 575 2299 praeter
601 2217 635 2282 id
657 2217 742 2299 quod
764 2217 895 2282 1616166
917 2229 987 2280 6161
1004 2238 1117 2300 66661-
1170 2235 1213 2278 66
1241 2213 1371 2280 difficile
1399 2217 1441 2281 sit
1461 2217 1657 2299 persuadere
1681 2217 1825 2283 Cordert'c
1851 2227 1888 2284 ut
1915 2219 2000 2284 11666
2029 2219 2141 2284 condi·

143 2324 268 2367 vaeuus
291 2301 396 2380 labor,
427 2302 574 2367 videbam
605 2304 726 2367 tentari
755 2303 815 2367 hoo
843 2322 910 2368 non
931 2323 1026 2384 66666
1048 2303 1118 2367 6166
1170 2301 1292 2364 1166661
1313 2303 1475 2386 suscipiat.
1521 2305 1629 2368 ’16661
1652 2305 1715 2368 6111
1736 2311 1848 2368 tamen
1874 2325 1942 2368 non
1965 2304 2140 2386 quiescere,

142 2390 252 2471 specie
280 2387 390 2470 aliqua
419 2388 679 2453 inhumanitatis.
725 2387 813 2468 Quid
835 2389 924 2452 enim
946 2387 1006 2452 hoc
1029 2387 1116 2452 aliud
1170 2385 1271 2451 donec
1295 2387 1459 2452 bominem
1478 2409 1515 2452 6ο
1536 2389 1736 2472 6611616116.
1771 2388 1857 2453 Vide
1878 2391 1982 2472 igitur
2003 2388 2141 2472 nequid

142 2475 269 2552 luisset,
293 2494 390 2557 quam
412 2473 585 2555 prostratis
607 2473 755 2538 hostibus
777 2472 959 2538 insultare?
1005 2471 1117 2552 Quum
1169 2472 1315 2548 omittas,
1345 2473 1409 2537 nisi
1431 2495 1451 2537 a
1472 2495 1524 2540 me
1546 2475 1660 2540 audire
1687 2475 1768 2540 velis
1788 2497 1844 2540 eas
1866 2474 2141 2558 expostulationes

141 2567 254 2624 autem
277 2559 341 2624 huc
363 2561 540 2638 venissem,
571 2559 676 2624 obiter
702 2559 832 2642 quidem
852 2558 1032 2640 perstrinxi
1053 2580 1117 2640 qua
1170 2557 1286 2638 quibus
1309 2567 1343 2620 tu
1368 2559 1488 2642 dignus
1510 2581 1554 2624 66.

140 2645 207 2710 fide
225 2653 260 2709 61
278 2645 467 2728 integritate
484 2646 519 2708 in
537 2645 599 2710 hac
617 2645 751 2710 eeclesia
769 2644 891 2708 versati
913 2643 1010 2708 simul
1030 2663 1117 2708 esse·
1253 2643 1371 2706 Nescio
1393 2643 1471 2726 quid
1493 2643 1554 2710 hoc
1571 2647 1619 2710 rei
1638 2645 1680 2710 sit
1701 2643 1786 2728 quod
1807 2645 1862 2710 hic
1883 2647 2023 2712 nuncius
2045 2667 2140 2712 avo·

140 2751 226 2794 mus.
273 2729 326 2794 De
348 2729 545 2794 adversariis
568 2730 707 2794 verbum
728 2752 831 2794 unum
855 2731 960 2794 166616
981 2729 1115 2812 puduit:
1168 2727 1218 2792 bis
1239 2736 1289 2792 est
1310 2727 1464 2793 dimissus
1487 2731 1557 2794 sine
1578 2731 1655 2795 ullis
1675 2731 1788 2796 literis.
1824 2731 1938 2813 Neque
1960 2733 2049 2797 enim
2071 2751 2141 2797 ore-

141 2837 182 2880 66
206 2836 323 2880 661616
345 2837 485 2894 causam,
508 2816 564 2898 qui
584 2838 603 2880 a
625 2815 697 2880 Deo
720 2823 753 2880 61
775 2815 969 2892 hominibus,
992 2835 1115 2896 suoque
1168 2811 1267 2877 dibile
1289 2823 1346 2890 661,
1370 2813 1539 2878 Ε6611661
1561 2815 2031 2894 611111161111616611666169)
2054 2826 2141 2882 attu-

139 2902 290 2984 ipsorum
310 2901 428 2966 iudicio
451 2901 596 2966 damnati
616 2911 742 2979 essent,
771 2901 902 2966 viderer
922 2901 957 2964 in
980 2899 1114 2964 dubium
1167 2897 1253 2962 lisse.
1299 2897 1495 2981 Quanquam
1524 2901 1584 2966 hoc
1612 2904 1641 2965 ei
1669 2923 1791 2966 novum
1813 2911 1968 2980 666661,
1999 2903 2056 2968 116
2077 2905 2140 2969 cir·

139 3008 270 3052 vocare.
304 2985 372 3052 Sed
392 2987 474 3052 haec
496 3007 555 3071 ego
577 3007 685 3051 coram
708 2995 815 3052 tecum
832 2986 918 3050 malo
937 2985 1113 3068 disputare.
1167 2984 1327 3048 eumfcrre
1355 2985 1467 3049 literas
1497 2995 1672 3068 antequam
1699 2986 1823 3051 reddat.
1872 2987 2035 3053 Fortassis
2063 3009 2140 3054 eon-

139 3071 239 3138 Nune
263 3071 303 3138 ad
325 3070 359 3135 id
382 3072 466 3154 quod
488 3073 606 3138 instat:
635 3094 701 3137 non
724 3073 787 3136 rite
808 3081 841 3136 te
863 3071 973 3136 vocari
995 3071 1116 3136 dicisa
1168 3069 1253 3134 66116
1286 3069 1378 3148 16611,
1412 3071 1489 3152 quia
1522 3072 1644 3136 sciebat
1669 3071 1752 3136 nihil
1785 3072 1852 3136 illic
1885 3073 2043 3138 contineri
2074 3075 2139 3138 nisi

139 3167 270 3236 senatu,
301 3179 402 3241 quum
425 3159 803 3241 61661666166666616.
847 3158 949 3240 Atqui
970 3159 1115 3222 nondum
1167 3155 1278 3237 magni
1300 3156 1455 3220 moeroris
1484 3159 1664 3221 materiam.
1710 3155 1778 3222 Sed
1799 3157 1835 3220 in
1858 3177 1895 3221 66
1918 3177 2034 3239 661661
2055 3157 2139 3222 bene

139 3263 251 3308 66666
281 3251 344 3322 est,
379 3265 480 3326 quum
508 3243 622 3326 primis
654 3253 788 3308 senatus
813 3241 917 3308 literis
944 3251 1115 3308 contentus
1166 3241 1248 3304 mihi
1270 3243 1364 3320 eavit,
1388 3241 1471 3324 quod
1493 3243 1706 3308 nihilominus
1728 3243 1884 3307 66161661
1907 3243 1942 3307 in
1960 3243 2058 3322 luctu,
2082 3244 2137 3326 qui

139 3351 232 3408 6166,
264 3337 298 3394 61
325 3330 389 3394 iam
416 3328 651 3411 quodammodo
678 3351 751 3394 eras
783 3327 824 3394 ad
851 3329 913 3393 iter
941 3329 1112 3394 accinctus.
1167 3333 1244 3392 tunc
1266 3327 1471 3392 recrudescat
1493 3351 1592 3412 quum
1614 3329 1728 3393 literae
1749 3331 1907 3393 venerint

138 3415 240 3484 Unde
263 3416 434 3480 66661616
451 3435 536 3480 nova
552 3413 688 3498 religio?
723 3413 811 3495 Quid
834 3414 920 3498 quod
942 3414 1044 3480 161616
1065 3423 1115 3480 661
1256 3412 1459 3489 0666161166,
1487 3415 1616 3497 661661,
1646 3413 1706 3478 tibi
1728 3413 1768 3479 de
1790 3415 1937 3497 Alberpc'o
1950 3415 1992 3490 ¹⁰)
2015 3411 2138 3496 aliquid

138 3503 181 3567 ad
205 3501 365 3584 populum
387 3500 427 3564 de
447 3507 479 3564 te
497 3501 702 3579 nominatim,
726 3521 827 3583 quum
848 3500 987 3584 populus
1009 3500 1113 3578 seivit,
1166 3498 1332 3564 indicavit.
1376 3499 1516 3582 Exque
1540 3501 1657 3566 fuitin
1679 3519 1842 3566 carcerem
1865 3499 2040 3578 coniectus,
2062 3499 2137 3582 plus

136 3588 174 3652 in
197 3587 315 3652 urbem
337 3584 538 3650 reducendos
559 3607 629 3650 esse
647 3606 702 3650 eos
720 3607 801 3668 quos
823 3584 1014 3668 expulerat?
1048 3585 1114 3650 Ne-
1165 3584 1285 3650 veneni
1312 3605 1411 3668 quam
1440 3592 1537 3651 antea
1571 3588 1725 3650 evomuit.
1778 3584 1924 3649 Tandein
1956 3585 2063 3650 iussus
2089 3593 2139 3650 est

137 3695 205 3756 que
228 3674 318 3737 enim
336 3679 393 3736 aut
414 3670 454 3736 de
474 3691 528 3734 me
550 3679 608 3736 661
628 3671 781 3754 quopiam
803 3670 865 3735 alio
887 3671 971 3735 16616
992 3671 1114 3735 1666116
1166 3671 1327 3746 confiteri,
1357 3691 1391 3735 se
1418 3671 1500 3736 mihi
1523 3673 1637 3738 1661666
1666 3671 1822 3736 iniuriam
1844 3692 1882 3736 ac
1904 3672 2035 3736 veniam
2064 3692 2138 3753 616·

136 3767 207 3836 est,
231 3757 290 3824 sed
312 3759 346 3820 in
367 3757 448 3822 haec
470 3757 584 3821 verba:
606 3757 724 3822 Nonne
746 3757 799 3822 hic
821 3757 1042 3837 pronunciatis
1063 3757 1113 3819 in·
1166 3756 1241 3820 cari.
1287 3754 1997 3841 (1666661,616616,16666161666666166.
2042 3757 2139 3822 Miris

135 3845 262 3910 iuriam
292 3841 666 3908 666616616611616116
695 3841 853 3907 61666116
882 3841 973 3906 eius?
1025 3841 1114 3921 Quid
1165 3842 1488 3924 tergiversationibus
1509 3850 1644 3908 conatus
1671 3850 1722 3907 661
1751 3843 1903 3925 effugere.
1947 3843 2077 3908 Parere¹
2091 3850 2139 3906 16-

135 3930 229 3995 ultra
252 3929 390 4011 requiris
412 3949 432 3992 a
454 3927 580 4010 populo,
604 3949 700 4009 quam
723 3937 761 3992 ut
782 3937 872 3991 tuam
894 3927 1113 3992 innocentiam
1165 3947 1242 3991 mon
1265 3927 1445 3992 sententiae
1468 3927 1599 3993 tandem
1622 3929 1773 4011 oportuit.
1808 3927 1953 3993 Vocatus
1972 3928 2138 4010 66616616

135 4011 351 4100 approbando
373 4035 465 4078 reum
493 4034 527 4077 se
548 4013 667 4078 faciat?
713 4011 873 4077 Additum
901 4023 964 4076 est:
1000 4011 1113 4076 Vultis
1165 4018 1324 4091 senatum,
1347 4013 1455 4076 iussus
1477 4022 1526 4078 est
1547 4015 1628 4080 urbe
1650 4013 1815 4080 excedere.
1860 4013 1911 4078 Ne
1933 4021 2043 4077 tamen
2067 4014 2137 4077 sine
2185 4073 2187 4078 ,

135 4110 176 4166 61
208 4099 360 4166 Fcrellus
387 4120 459 4164 eum
493 4099 588 4166 sociis
617 4097 700 4174 suis,
734 4105 792 4163 616.
847 4096 951 4162 Dabis
985 4097 1113 4162 veniam
1165 4097 1538 4176 talionehincdiscedat,
1562 4099 1723 4165 actionem
1739 4099 1820 4162 mihi
1832 4099 2026 4162 iniuriarum
2049 4095 2145 4161 nunc'

133 4189 232 4264 mihi,
257 4187 377 4268 optime
398 4185 508 4261 116161,
531 4185 558 4248 61
577 4181 654 4267 quid
672 4181 785 4248 durius
803 4183 931 4248 dixero:
954 4181 1012 4248 sed
1033 4182 1113 4248 haec
1165 4183 1317 4260 intentat,
1335 4191 1507 4265 propterea
1524 4183 1609 4266 quod
1626 4195 1761 4250 vocatus
1780 4184 1979 4248 1661116166
1997 4203 2136 4266 magnus

135 4271 323 4338 difficultas
341 4291 361 4334 a
377 4271 566 4336 morositate
583 4269 701 4352 661166,
724 4291 821 4352 quam
840 4291 860 4334 a
876 4276 965 4334 recto
984 4267 1111 4344 iudicio,
1165 4267 1293 4333 nebulo.
1338 4267 1452 4332 Obtuli
1474 4289 1526 4333 me
1548 4268 1588 4332 ad
1615 4269 1850 4352 probationem.
1893 4269 1934 4331 In
1956 4268 2018 4332 hac
2040 4287 2137 4334 causa

133 4359 301 4443 proficisci
325 4355 463 4422 videtur.
515 4357 601 4420 Mihi
632 4377 709 4420 sane
735 4363 907 4438 perspecta
935 4363 986 4418 est
1012 4354 1113 4418 animi
1166 4361 1198 4418 16
1228 4376 1265 4419 66
1293 4355 1410 4418 fratres
1442 4363 1516 4419 tuos
1545 4361 1644 4420 testes
1676 4356 1777 4420 citare
1805 4353 1943 4418 institui.
1993 4355 2137 4418 Etiam

132 4447 187 4510 tui
210 4443 398 4508 sinceritas:
432 4463 535 4523 neque
564 4441 646 4506 mihi
667 4448 719 4504 tot
740 4441 891 4522 exempla
912 4439 1112 4517 exciderunt,
1165 4437 1248 4504 mihi
1259 4439 1480 4523 gratissimum
1495 4439 1639 4506 officium
1656 4442 1726 4518 erit,
1745 4440 1773 4506 si
1790 4439 2023 4518 testimonium,
2041 4439 2136 4522 quale

157 4529 260 4595 uibus
288 4528 366 4591 satis
396 4527 583 4604 declarasti,
612 4546 709 4608 quam
737 4547 853 4608 parum
886 4533 919 4590 te
947 4525 1111 4609 respicias.
1164 4527 1316 4608 potestis,
1343 4525 1425 4588 mihi
1454 4525 1671 4609 subscriptum
1697 4524 1859 4591 miseritis.
1904 4524 1988 4590 Vale
2015 4526 2136 4608 optime

133 4551 208 4682 gad
230 4613 307 4681 vide
328 4633 370 4677 ne
391 4611 470 4694 quid
498 4611 562 4676 1616
585 4612 743 4696 suspicari
771 4619 892 4694 queant
914 4611 969 4692 qui
992 4619 1025 4675 te
1046 4632 1112 4676 nou

132 4701 276 4786 penitus
300 4709 433 4764 norunt:
461 4698 527 4762 imo
548 4698 572 4762 ii
594 4699 649 4780 qui
671 4719 738 4762 non
760 4695 1024 4778 suspicabuntur,
1055 4719 1112 4760 66-

132 4809 212 4854 sam
242 4795 353 4850 tamen
375 4783 534 4866 arripiant
562 4781 774 4849 obtrectandi.
826 4783 872 4848 At
899 4781 1034 4848 ecclesia
1054 4803 1113 4864 pro
1265 4805 1296 4878 7)
1316 4813 1396 4936 660,
1413 4819 1565 4883 ,6666666
1582 4815 1613 4866 ,q
1629 4811 1688 4866 edd.
1707 4827 1764 4866 666
1780 4811 1917 4880 pm,

1341 4901 1352 4936 1

1137 4879 1139 4925 l
1266 4881 1294 4951 8)
1353 4883 1433 4936 detur
1457 4883 1605 4937 cordesius
1629 4882 1872 4936 1666616666616
1895 4881 1987 4936 schola
2009 4895 2135 4934 66166666

1137 4928 1139 4995 l
1163 4953 1285 5020 61166666
1301 4953 1484 5020 proposuisse,
1509 4969 1565 5020 666
1581 4969 1600 5004 6
1616 4955 1715 5004 senatu
1731 4957 1843 5020 6666616
1857 4952 1918 5018 1666
1936 4965 1964 5003 66
1981 4949 2134 5004 rediturum

245 5023 274 5092 b)
293 5021 438 5076 Plebiscito
457 5019 588 5074 Calendis
605 5019 696 5074 Maiis
711 5021 795 5088 16616.
1162 5022 1302 5090 receperit.

244 5093 275 5159 6)
291 5091 334 5146 Ic.
347 5091 479 5158 Philippa
496 5090 598 5158 capitis
607 5089 764 5156 1666116166,
783 5089 823 5144 01.
834 5087 986 5143 1116161161
995 5088 1028 5141 161
1043 5088 1113 5156 [666
1265 5091 1343 5151 9166
1360 5089 1552 5157 Arqerrtorote,
1578 5087 1708 5156 1611666161
1724 5094 1750 5141 61
1770 5087 1930 5142 0666166116
1947 5087 1989 5141 661
2007 5087 2131 5141 Rasna.

130 5179 208 5220 6666
229 5162 333 5231 petit,
358 5161 401 5214 Io.
420 5158 519 5214 161116
541 5163 565 5212 ct
588 5159 650 5212 Am.
675 5157 891 5228 Otnpeccroupc
913 5157 1018 5214 6666166
1040 5173 1112 5212 mor·
1250 5159 1295 5226 10)
1313 5157 1358 5212 De
1379 5159 1429 5212 1166
1451 5157 1513 5214 vide
1531 5157 1589 5228 Ep.
1611 5157 1721 5212 Caluini
1743 5157 1781 5210 cd
1798 5157 1959 5227 Myconium
1986 5155 2025 5208 14.
2045 5155 2134 5212 Mart.

130 5236 179 5288 tui
199 5237 273 5288 esst
1165 5226 1231 5282 1542

135 4944 249 4954 ...—-·-
255 4943 345 4950 ...μω-
