4898 5970
233 292 297 360 819
1001 287 1265 358 melenchen
1287 288 1455 360 oet-ose
2163 289 2229 358 ΒΜ

233 481 292 545 liat
314 480 393 546 satie
413 479 550 546 candide
571 485 629 546 eut
649 501 716 546 non
744 477 824 548 satis
844 478 1032 564 'prudenter
1052 475 1094 544 ad
1117 475 1205 544 aedi·
1341 477 1477 547 Donum
1502 479 1673 564 ymerotim
1701 477 1742 546 ab
1768 479 1844 546 eliis
1863 478 1985 562 petitur
2010 477 2088 559 quid
2115 483 2230 560 puero

232 567 414 630 ficationem
437 566 639 644 institutum,
669 567 730 632 hoo
758 564 933 632 emendent
953 565 1070 630 iratres
1092 563 1205 631 eorda·
1256 565 1387 649 dicaam
1408 567 1498 631 cuites
1512 566 1613 649 freter
1633 565 1845 631 admoneatur.
1898 563 1959 630 Ubi
1986 583 2090 629 omnes
2109 565 2228 647 saffic-

232 652 347 716 tiores:
377 672 458 734 opus
484 672 564 717 vero
587 651 648 718 hoc
670 661 736 717 tam
760 661 908 718 sanctum
932 659 965 716 et
986 649 1130 716 salutare
1152 671 1204 716 cc·
1254 651 1343 735 pium
1363 651 1506 730 tulerim,
1533 655 1675 718 evocatur
1700 651 1801 734 freter
1826 655 1855 715 et
1880 651 1974 714 iacta
2001 650 2143 716 couduao
2165 667 2226 734 po·

231 735 338 802 clesiis
373 743 545 820 propterca
578 759 621 803 ne
652 737 872 802 intermittant
905 757 989 802 neve
1025 733 1203 802 fastidient
1254 737 1370 819 [ratres
1390 737 1521 804 candide
1541 741 1569 803 et
1590 737 1687 802 amice
1707 738 1887 802 admonetur
1906 740 1942 802 uc
1961 740 2066 802 anae
2086 735 2225 818 officiam

230 819 424 886 Institutum
446 823 507 888 hoo
529 831 683 906 pervetus
705 833 765 900 est,
787 823 854 887 imo
872 821 950 886 dum
969 821 1123 888 ecelesiae
1141 823 1204 887 rite
1253 823 1352 906 [odet
1373 827 1401 888 el
1421 821 1578 889 meacm
1598 821 1747 904 aedificet.

229 905 543 974 administrabantur
563 919 767 992 perpetuum,
790 907 823 972 in
842 908 992 972 omnibus
1014 905 1148 992 synodis
1171 915 1204 971 et

228 990 469 1058 visitationibus
481 995 686 1060 ecelesiarum
704 993 855 1078 religiose
866 994 1083 1072 observatum,
1102 1011 1203 1076 quare
1340 991 1493 1060 Christus
1514 991 1679 1058 Dominus
1698 999 1748 1059 est
1767 993 1803 1057 in
1825 991 1931 1058 medio
1953 1011 2066 1057 eorum
2086 991 2142 1074 qui
2165 1009 2226 1056 suo

228 1099 249 1142 a
270 1077 387 1160 spiritu
409 1087 522 1144 saneto
544 1079 722 1164 proiectum
742 1078 890 1144 dubitare
911 1079 1130 1162 irreligiosum
1148 1077 1201 1157 sit,
1254 1079 1385 1144 nomine
1407 1079 1618 1156 conveniunt,
1640 1099 1740 1161 quare
1757 1097 1824 1142 non
1842 1077 2028 1143 dubitamus
2050 1077 2147 1141 istam
2166 1075 2226 1140 ad·

226 1163 418 1312 grossorum
439 1185 539 1248 quum
561 1175 630 1230 tam
657 1164 743 1230 clare
771 1171 881 1248 pateat
903 1177 1061 1246 quantum
1084 1163 1125 1228 ad
1148 1183 1201 1227 ae·
1253 1165 1463 1230 monitionem
1500 1165 1632 1229 nomine
1665 1165 1811 1228 omnium
1841 1165 1907 1229 imo
1940 1161 2064 1229 Christi
2105 1163 2224 1227 lacurn

252 1247 446 1314 'bechonem
477 1251 607 1334 pietatis
640 1251 792 1317 conseret.
847 1249 924 1316 Dici
956 1249 1100 1332 proiecto
1132 1269 1201 1314 non
1252 1269 1449 1335 magnopere
1471 1251 1633 1316 efficacem
1655 1270 1735 1316 eaeo.

226 1341 334 1416 potest
360 1355 458 1418 quam
485 1337 628 1401 salutare
655 1337 699 1402 sit
726 1337 842 1401 iratres
870 1336 906 1400 in
934 1335 1076 1400 Domino
1104 1355 1200 1418 saepe
1336 1333 1489 1401 Adducta
1505 1343 1564 1418 per
1580 1335 1861 1402 contradicentem.
1908 1331 2060 1400 θοννειΐίο
2079 1333 2225 1415 fratem

226 1419 401 1484 convenire
422 1427 456 1486 et
476 1441 573 1506 agere
600 1421 633 1486 id
655 1419 741 1504 quod
762 1441 860 1506 agere
881 1441 1010 1504 semper
1032 1418 1198 1495 debemus,
1251 1425 1297 1486 est
1321 1427 1410 1486 actua
1435 1421 1579 1487 caritatis
1606 1427 1665 1488 eto.
1715 1419 1856 1486 Verum:
1889 1419 1947 1485 sed
1980 1417 2078 1484 duces
2110 1415 2224 1501 populi

226 1515 264 1568 ut
284 1505 470 1571 instaurent
491 1527 525 1572 sc
547 1507 735 1592 inpietate,
757 1507 793 1570 in
816 1508 884 1571 vita
906 1507 979 1585 Dei,
1002 1505 1088 1590 qnod
1111 1515 1199 1570 certe
1251 1507 1314 1572 Dei
1336 1505 1456 1573 debent
1476 1508 1512 1571 in
1535 1506 1730 1590 praestando
1752 1506 1813 1572 hoe
1834 1505 1939 1571 officio
1956 1505 2101 1570 caritatis
2121 1524 2223 1588 quum

225 1589 296 1654 eine
318 1591 385 1655 acri
406 1593 597 1658 excussione
624 1591 894 1660 conscientiarum
923 1602 956 1657 et
985 1593 1072 1657 vitae
1093 1591 1199 1656 euius·
1250 1612 1329 1676 erga
1349 1611 1462 1658 omnes
1484 1601 1554 1658 tum
1573 1593 1714 1657 maxime
1731 1611 1811 1675 erga
1828 1611 1863 1657 se
1880 1591 2031 1665 invicem,
2053 1609 2134 1674 qnos
2151 1609 2223 1655 om-

224 1671 305 1740 libet
325 1677 398 1740 fieri
419 1697 486 1742 non
508 1685 622 1760 potest.
667 1677 858 1762 Cogitemus
886 1697 970 1760 quae
993 1677 1037 1742 sit
1065 1677 1197 1760 etquid
1250 1678 1342 1742 nium
1364 1677 1638 1762 inculpatissimos
1660 1697 1730 1743 esse
1751 1682 1887 1760 eportet,
1910 1676 1982 1740 aliis
2004 1676 2139 1758 praeire

223 1759 334 1826 valcat
371 1763 620 1828 communicatio
659 1763 880 1828 membrorum
920 1761 1059 1840 Christi,
1100 1783 1196 1846 quum
1281 1823 1284 1828 .
1336 1761 1540 1844 Praeceptum
1570 1765 1730 1844 [retentae
1761 1763 1954 1828 corredionis
1974 1775 2034 1827 cte.
2082 1759 2220 1826 Verum:

223 1845 322 1916 etium
354 1847 545 1931 simpliciter
577 1850 613 1913 in
641 1857 815 1932 conspectu
845 1847 979 1913 Domini
1010 1849 1046 1914 in
1079 1847 1198 1912 talibus
1249 1855 1359 1914 tamma
1381 1849 1461 1914 adeo
1483 1848 1658 1932 diligenter
1679 1847 1898 1913 adhibendum
1922 1855 1972 1913 eet
1992 1847 2055 1912 hoo
2075 1845 2223 1912 cantatis

223 1933 368 1998 coetibus
389 1935 603 2016 praesidentis
623 1955 720 2020 agore
742 1941 903 2017 oporteat,
934 1953 1031 2017 quam
1053 1931 1143 1997 nuda
1165 1939 1198 1998 et
1248 1935 1390 2000 cilicium
1413 1943 1451 1999 ut
1471 1935 1617 2018 plerique
1637 1935 1706 1999 sint
1727 1943 1760 1998 et
1776 1935 1963 2017 importune
1984 1942 2018 1997 et
2038 1943 2223 2016 opportune

222 2025 346 2082 retecta
368 2037 438 2084 esse
460 2020 569 2084 omnia
597 2031 709 2085 nostra
730 2020 912 2085 conveniat.
957 2017 1120 2084 Dominus
1142 2017 1197 2082 det
1248 2017 1342 2084 obiur
1385 2018 1450 2083 ndi.

221 2100 326 2178 vobis,
347 2104 543 2186 optatissimi
564 2106 690 2184 iratres,
713 2116 747 2170 et
762 2105 799 2169 in
818 2105 879 2171 hac
891 2113 924 2170 et
935 2103 970 2168 in
982 2101 1080 2170 rebus
1090 2104 1196 2168 omui·
1333 2039 1452 2170 iicebit
1466 2105 1567 2189 ipitar
1586 2105 1797 2170 mmdienm
1815 2109 1874 2168 cto.
1908 2103 2001 2169 Haeo
2018 2121 2223 2186 consequen·

221 2186 282 2252 bue
292 2185 417 2256 Christi
439 2187 526 2256 idem
547 2199 582 2255 et
601 2193 723 2256 sentire
741 2204 775 2255 et
791 2189 888 2276 loqui,
909 2198 943 2255 et
958 2191 1080 2256 sentire
1098 2197 1196 2272 atque
1246 2191 1294 2256 tia
1315 2189 1474 2274 quomodo
1495 2190 1616 2256 valeat:
1645 2209 1713 2254 non
1735 2197 1786 2254 est
1806 2209 1937 2254 necesse
1957 2189 2092 2253 fratrem
2114 2186 2222 2271 quoli-

221 2271 311 2356 loqui
333 2293 416 2357 quae
437 2277 504 2342 sint
525 2283 632 2341 certae
653 2275 886 2342 aedificationis
914 2283 949 2340 et
974 2275 1119 2340 sincerae
1141 2295 1194 2340 ee·
1247 2276 1301 2342 bet
1322 2283 1469 2359 tempore
1490 2295 1631 2354 monere,
1654 2295 1732 2358 ergo
1755 2274 1865 2340 licebit
1885 2273 1996 2339 nullol
2040 2273 2131 2338 Dum
2154 2275 2222 2340 lra-

222 2357 344 2439 ritatie,
378 2379 461 2445 quae
493 2359 542 2426 ita
572 2359 799 2444 complectitur
825 2361 1044 2426 commembra
1071 2359 1195 2425 Christi
1247 2367 1298 2426 ter
1319 2370 1370 2428 est
1390 2372 1423 2426 et
1443 2367 1557 2444 peceat
1577 2369 1664 2426 reete
1685 2359 1868 2426 monendus
1888 2370 1946 2435 est,
1975 2366 2011 2424 et
2030 2379 2128 2442 quam
2151 2357 2221 2442 pri·

221 2445 341 2524 omnia,
364 2455 401 2511 ut
418 2445 533 2530 cuique
551 2453 662 2511 tamen
680 2467 776 2512 suum
798 2453 906 2511 actum
924 2445 1050 2510 tribuat
1066 2453 1100 2511 et
1116 2465 1195 2512 con·
1247 2467 1337 2512 mum
1369 2445 1403 2512 id
1436 2465 1511 2512 cum
1543 2467 1600 2530 spe
1628 2445 1737 2529 aliqua
1767 2443 1963 2510 emendandi
1994 2445 2101 2510 iacere
2131 2443 2218 2508 licut.

222 2533 339 2596 servet.
384 2529 567 2598 Coniuncta
593 2531 681 2597 enim
709 2549 779 2598 esse
800 2529 934 2610 debent,
960 2531 1095 2597 confuse
1122 2549 1194 2597 esse
1247 2529 1341 2614 Quae
1363 2553 1379 2598 s
1403 2553 1438 2597 es
1465 2533 1563 2597 etiam
1590 2532 1695 2618 magis
1721 2531 1757 2596 in
1779 2529 1843 2596 Dei
1872 2531 1965 2596 iussn
1987 2551 2085 2613 qnam
2107 2528 2219 2594 fratris

222 2631 288 2679 non
310 2613 438 2681 debent.
482 2613 585 2682 Orate
613 2637 672 2704 pro
701 2617 794 2684 nobis
815 2626 849 2682 et
868 2625 981 2683 nostro
1001 2617 1192 2682 ministerio.
1245 2551 1475 2684 commoditate
1495 2615 1646 2702 ponenda
1669 2623 1727 2682 est.
1771 2615 1938 2697 Quaerere
1959 2615 2045 2699 quod
2065 2615 2164 2699 periit
2183 2617 2220 2679 et

222 2693 384 2782 Optamus
404 2721 463 2766 vos
485 2702 606 2788 optimo
626 2699 745 2770 valere.
788 2703 916 2770 Datum
933 2705 983 2768 29.
1002 2702 1195 2770 Decembris
1246 2723 1470 2786 servareopus
1487 2715 1547 2780 est,
1569 2702 1656 2787 quod
1677 2702 1809 2768 differre
1830 2701 2051 2768 comparitas
2072 2721 2137 2766 non
2158 2719 2219 2784 pa·

221 2782 308 2850 huno
331 2789 422 2851 1544.
1245 2790 1335 2854 titur.
1378 2789 1473 2854 Finis
1505 2807 1634 2874 quoque
1663 2788 1763 2854 huius
1792 2787 2023 2853 admonitionis
2049 2805 2117 2851 nou
2146 2785 2220 2852 sola

225 2887 230 2902 ’
373 2921 407 2987 D
440 2921 567 3006 oum
586 2923 704 2990 Ηοῶα
1245 2873 1358 2940 fratris
1378 2872 1562 2940 emendatio
1583 2879 1642 2954 est,
1666 2875 1900 2942 verumetiam
1917 2872 2108 2956 disciplinae
2128 2889 2219 2937 com·

221 3045 253 3060 ·.
373 3009 416 3074 D.
439 3007 531 3074 Mart
554 3009 802 3075 rFlorentinne
822 3010 984 3092 professor
999 3009 1193 3096 theologiae.
1245 2959 1787 3128 muniiffifflnffgii'fflmpm
1808 3051 1868 3109 eto,
1913 3043 2040 3110 Verum
2057 3043 2092 3108 in
2109 3042 2218 3110 oecul-

372 3093 581 3246 ξδθῗῧθῑῃῦῡ
594 3095 698 3195 ,ΝΨΙ
719 3095 883 3247 Pimghuss
902 3094 943 3197 ὃς
961 3096 1052 3196 ΡθῑΓΙ
1074 3115 1143 3196 ,⁸⁰¹¹-
1245 3130 1296 3196 tis.
1339 3131 1429 3198 liclia
1458 3137 1568 3196 umen
1597 3129 1701 3198 sancti
1730 3137 1764 3197 et
1790 3129 1938 3196 arctioris
1966 3139 2094 3208 metue,
2121 3129 2218 3195 cuins

403 3199 499 3244 ”¹¹⁰⁸
550 3197 774 3282 ”mim
823 3229 831 3246 ·
883 3195 945 3248 οἴῃ
961 3201 1140 3282 ¹¹¹⁰.¹⁰'¹⁸·.
1243 3235 1315 3282 esse
1336 3214 1432 3283 debet
1452 3237 1520 3282 una
1540 3217 1651 3283 anima
1671 3215 1793 3281 nedum
1814 3235 1919 3281 unum
1946 3233 2010 3294 eor,
2040 3213 2219 3280 admonitio

373 3264 516 3414 1⁰⁸¹¹¹¹¹⁸⁸
536 3265 609 3331 1¹⁰⁸
634 3266 722 3332 ¹¹¹¹⁰⁸
757 3274 882 3368 mir.
899 3267 935 3334 S·
970 3267 1160 3370 W¹¹h⁰¹m¹z
1243 3321 1363 3368 avere
1389 3303 1444 3388 pio
1472 3301 1575 3368 fratre
1600 3322 1667 3367 non
1689 3305 1802 3386 'potest
1828 3301 1923 3367 aliter
1950 3321 2048 3384 quem
2075 3299 2116 3365 ab
2142 3299 2217 3384 ipso

372 3349 598 3502 {iffiffl
645 3353 774 3420 ⁰fl¹²¹¹¹²⁸
802 3363 953 3419 mmm
979 3353 1054 3419 ⁰⁰⁰L
1084 3353 1190 3438 gnum·
1244 3384 1378 3537 Chtraieto
1399 3385 1545 3472 proiecta
1571 3387 1688 3471 excipi,
1716 3387 1840 3474 gratior
1866 3395 1958 3452 tento
1980 3385 2126 3470 qualibet
2145 3385 2216 3469 pti·

411 3485 419 3501 ·
1244 3493 1286 3538 ua
1321 3523 1329 3538 .
2210 3490 2215 3512 ¹

1332 3557 1484 3640 Quisquis
1515 3556 1844 3624 declaraturam
1871 3555 2012 3640 cfficittor
2037 3563 2099 3623 eto.
2148 3555 2218 3622 Hie

1241 3641 1403 3728 cogitetur
1441 3641 1520 3726 quid
1558 3641 1646 3710 dicat
1683 3644 1818 3727 spiritus
1856 3653 2003 3709 sanctus:
2042 3651 2217 3726 peccantes

546 3707 639 3765 ⁰⁸0⁸
656 3707 867 3764 mmm
1241 3749 1350 3796 coram
1372 3727 1524 3796 omnibns
1545 3729 1757 3812 reprehende
1801 3730 1926 3794 'lhmen
1947 3727 2067 3793 caritas
2090 3737 2126 3792 et
2145 3727 2216 3810 pri-

219 3825 380 3901 (Appcndix
409 3831 452 3882 est
476 3827 663 3949 praecedentis
689 3827 858 3896 documenti,
888 3828 963 3883 cuins
995 3828 1049 3883 duo
1081 3831 1190 3884 exstem
1243 3815 1343 3878 velim
1364 3813 1536 3880 conabitur
1554 3813 1694 3879 bathum
1721 3815 1896 3880 manifeste
1920 3813 2060 3879 vulnera
2086 3831 2214 3880 unare·

218 3897 384 3966 exemplaria
400 3895 429 3952 in
449 3895 477 3950 Bi
499 3897 516 3950 Ι.
536 3895 721 3962 Neocomenei,
739 3899 855 3951 altorum
872 3897 889 3951 l.
907 3898 924 3951 l.
943 3897 993 3951 tub
1004 3897 1037 3951 N.
1059 3896 1092 3951 17
1109 3915 1189 3952 manu
1241 3899 1354 3966 'Palem
1382 3910 1493 3965 tamen
1521 3908 1554 3964 et
1583 3907 1649 3964 tam
1675 3901 1841 3984 propriam
1868 3899 2032 3983 primariis
2058 3897 2217 3970 membri}

218 3965 1189 4090 muaffsiwffiumttffcftapthaxtuparctieffiuqnasnabataei
1241 3986 1276 4052 in
1307 3984 1431 4051 Christi
1463 4005 1598 4070 corpore
1629 3985 1896 4063 admonitionem,
1929 4003 2012 4067 qliae
2043 4005 2103 4069 per
2134 3983 2217 4051 cleri

217 4047 370 4174 &Q
388 4043 995 4174 ,dd,„„„¹'⁸ss„„:,·¹,Jnfflffisswgssp
1015 4051 1189 4169 {2:21⁸ssssss
1241 4079 1369 4137 coetum
1398 4071 1469 4136 lieri
1498 4069 1602 4149 debet,
1630 4071 1696 4136 nisi
1722 4071 1820 4155 plone
1851 4079 2029 4137 correctum
2059 4071 2104 4136 sit
2128 4067 2219 4153 qnod

258 4185 340 4226 mann
357 4169 457 4226 Farelli
474 4173 604 4242 scriptum
622 4171 657 4226 ad
675 4173 774 4226 calcem
791 4172 979 4244 praecedentis
996 4173 1148 4241 epistolae.)
1242 4167 1411 4240 peceatum
1434 4155 1497 4221 suit
1518 4175 1556 4223 tte
1573 4156 1728 4223 eeclesiae
1746 4155 2097 4240 quoqueeatisfuolum,
2117 4171 2218 4221 nem·

219 4245 223 4324 j
1243 4263 1319 4307 vere
1341 4241 1482 4324 diligens
1503 4241 1682 4321 Christum,
1704 4243 1883 4321 ecelesiam,
1905 4241 2051 4321 hamum,
2072 4261 2139 4307 non
2161 4239 2217 4326 pia

308 4321 451 4393 Cenem
474 4325 521 4391 ito
542 4325 715 4411 poropitur.
767 4323 944 4391 censendas
972 4325 1075 4409 epredi
1103 4327 1188 4393 iabo-
1242 4347 1302 4393 sua
1322 4324 1484 4392 dolatione
1503 4326 1720 4394 adhibendam
1742 4329 1877 4396 curabit.

217 4413 286 4476 tur:
307 4431 366 4494 qao
387 4431 507 4496 epresso
521 4413 604 4492 petit
619 4411 756 4478 Maenas
776 4432 798 4476 o
818 4411 932 4475 uiduis
953 4413 1096 4479 cesenas·
1111 4413 1190 4494 prid
1329 4411 1403 4478 Nou
1424 4417 1469 4478 est
1488 4415 1618 4494 quoeris
1641 4413 1842 4480 acescere.
1887 4413 1934 4478 At
1949 4415 2043 4479 cuins
2059 4411 2216 4479 ecclesiae

217 4497 322 4562 horim
341 4498 375 4561 iu
396 4499 497 4578 fratre
518 4497 598 4584 qaod
613 4498 729 4580 polum
750 4495 883 4580 offendat
904 4495 1078 4576 udaium,
1107 4499 1191 4565 aude
1242 4517 1319 4563 vere
1341 4497 1552 4564 Christianus
1573 4498 1756 4564 membrum
1777 4519 1843 4564 non
1865 4507 1925 4577 est,
1953 4497 2123 4583 collegium
2151 4497 2216 4562 mi·

216 4581 411 4664 impedietur
427 4581 601 4664 aedificatio
618 4583 761 4649 eccesiae
777 4587 805 4647 a
819 4584 964 4666 postoris
980 4583 1190 4650 ministeriam
1241 4585 1419 4650 sistrorum
1439 4584 1592 4650 ecclesiae
1610 4587 1721 4670 utique
1737 4585 1873 4652 eeclesia
1885 4592 1945 4650 cst
1978 4583 2095 4650 Partes
2111 4581 2215 4650 eccle

217 4667 435 4754 bipartiatur,
458 4673 523 4734 tam
539 4674 668 4752 propter
688 4669 795 4752 'ipsum
815 4673 881 4733 tam
896 4671 1026 4754 propter
1046 4687 1128 4735 auos.
1241 4669 1309 4735 siae
1337 4669 1557 4754 homogeneae
1579 4680 1664 4737 eunt.
1709 4669 1846 4755 Collega
1873 4669 2007 4753 collegis
2027 4667 2216 4735 mombrunt

1241 4767 1300 4833 cst,
1323 4766 1357 4820 ot
1378 4757 1451 4839 quis
1472 4763 1572 4842 neget
1591 4755 1633 4822 ud
1659 4777 1714 4821 eos
1734 4755 1994 4822 commodissime
2015 4753 2214 4822 delationem

220 4855 225 4870 '
302 4839 377 4905 Hoc
398 4861 464 4905 non
486 4837 673 4905 dubitamus
691 4859 762 4905 esse
782 4837 951 4924 proprium
973 4839 1114 4905 officium
1132 4861 1189 4908 ve-
1240 4840 1312 4908 fieri
1334 4841 1389 4925 qui
1410 4861 1489 4926 prae
1509 4841 1584 4908 aliis
1604 4841 1749 4907 iudicare
1770 4840 1902 4910 velem?

217 4943 274 4988 rae
294 4925 440 4992 caritatis
463 4934 496 4990 et
522 4925 756 4991 communionis
784 4924 1058 5008 praestantiorum
1085 4945 1189 4990 mem-

218 5003 349 5074 brorum
372 5011 406 5075 in
430 5031 562 5094 corpore
584 5009 719 5090 Christi,
747 5007 1046 5076 administrantium
1068 5011 1191 5078 seilicet

218 5091 407 5177 religionem
429 5096 555 5161 Christi
583 5105 725 5164 streete
752 5095 928 5162 solantium
955 5117 1015 5182 pro
1044 5097 1188 5176 ecclesia,
1326 5097 1438 5164 Fratri
1470 5098 1527 5180 qui
1559 5096 1619 5164 hes
1650 5099 1886 5181 propositiones
1921 5099 2030 5182 posuit
2050 5103 2215 5182 optentu

218 5176 257 5242 ht
277 5179 480 5248 ministretur
501 5184 532 5246 ei
552 5181 595 5246 ad
616 5181 881 5248 aedificationem.
1239 5202 1352 5249 rerum
1384 5183 1585 5248 intellectum
1623 5183 1802 5268 pleniorem
1840 5193 1874 5250 et
1904 5184 2012 5250 ndum
2043 5181 2215 5250 adeum
