4942 5982
160 317 219 378 loa
1010 319 1091 380 lato
1113 315 1320 382 NOVDMB.
2099 333 2162 394 110

159 523 240 585 quaa
263 503 409 568 exaitare
430 501 562 586 aliquod
589 502 803 568 seminarium
825 503 996 570 hominum
1018 504 1061 570 ad
1083 525 1134 570 sa-
1187 503 1245 568 sed
1276 503 1435 588 religione
1463 504 1599 570 Domini
1627 508 1808 573 neeessaria
1839 510 1920 574 lieri.
1965 512 2016 577 Ne
2048 523 2158 582 autam

159 607 248 652 erum
272 589 493 654 ministerium
517 586 708 654 idoneorum
729 598 786 654 aut
808 589 1041 654 instructorum
1066 611 1135 654 mo-
1186 588 1267 654 haee
1286 610 1380 655 mora
1401 589 1494 656 vebis
1523 590 1631 656 fraudi
1659 593 1717 667 ιιι,
1746 592 1917 660 hortamur
1944 617 2004 662 vos
2031 599 2068 664 in
2089 603 2157 667 Do·

160 673 284 752 lirotur,
307 682 367 740 aut
388 675 485 739 etiam
508 695 592 756 qaae
614 674 759 740 eeclesiis
781 675 814 739 in
838 677 1003 740 communi
1023 695 1135 740 ueoes-
1186 676 1284 755 mino,
1306 684 1344 740 ut
1361 675 1442 740 nihil
1459 679 1737 761 praetermittatis,
1761 701 1825 762 quo
1845 681 1952 759 Vireta',
1973 685 2036 749 viri
2058 695 2096 750 ut
2115 689 2157 752 ad

159 761 244 824 saria
276 769 357 824 sunt
388 770 421 824 et
455 759 550 826 utilia
581 759 643 825 sibi
674 760 821 825 curanda
850 759 991 826 duceret.
1035 759 1136 826 Dedit
1188 759 1313 826 Christi
1333 762 1552 828 ministeriam
1572 763 1661 828 utilis
1678 765 1725 828 ita
1747 783 1826 830 sane
1848 773 1882 831 et
1903 769 2023 835 vestris
2044 791 2156 838 neees-

159 865 286 928 quoque
308 845 473 910 Dominus
495 855 532 910 ut
552 844 614 910 hoo
633 843 856 928 qualeounquo
879 845 1033 910 ecelesias
1060 866 1135 912 nos·
1187 847 1337 912 sitatibus
1359 847 1692 927 accommodatissimi,
1714 871 1813 933 opera
1828 852 1970 932 interim,
1994 855 2071 920 dum
2085 856 2157 924 Oel-

159 937 227 996 trae
256 930 404 996 studium
426 939 460 996 et
479 931 669 998 institutum
691 931 854 1013 plerisque
880 931 1023 996 ecelesiis
1046 931 1134 996 haud
1186 933 1279 996 υιιιι
1305 941 1431 998 eertum
1460 932 1580 1016 aliquid
1614 936 1809 1001 eonstituere
1836 947 1949 1020 queat,
1978 943 2117 1023 possitis,
2127 945 2154 1026 ²)

157 1036 276 1100 parum
299 1015 514 1082 eommodarit
530 1025 564 1082 st
580 1016 863 1082 eommodaturum
880 1019 924 1082 sit
940 1017 1048 1082 adhuo
1065 1037 1135 1081 am·
1187 1038 1252 1099 qua
1272 1016 1312 1082 de
1334 1038 1370 1081 re
1391 1027 1423 1082 et
1444 1040 1504 1084 nos
1533 1019 1793 1104 ad'magnifieos
1814 1023 1974 1092 Dominus
1996 1035 2031 1091 et
2051 1027 2155 1095 Sena·

157 1102 253 1186 plius,
272 1111 307 1166 et
324 1113 412 1168 oerte
433 1111 472 1166 nt
495 1101 840 1184 Caloiaasipsedonis,
863 1101 1135 1185 quaehahetam·
1187 1115 1258 1165 tum
1281 1124 1318 1168 ao
1341 1106 1440 1168 etiam
1467 1105 1585 1169 iratres
1613 1117 1742 1171 nostros
1770 1108 1840 1173 eius
1867 1111 2020 1177 ecelesiae
2042 1115 2155 1182 minis-

157 1187 314 1272 plissima,
337 1195 469 1254 tautum
491 1187 645 1266 eeclesiis,
668 1200 879 1270 postquama
900 1187 992 1253 vobis
1014 1187 1135 1254 diseas·
1187 1195 1254 1252 tros
1276 1188 1389 1254 literas
1410 1189 1554 1268 leoimus,
1578 1210 1616 1255 ea
1633 1199 1722 1256 certa
1744 1213 1809 1275 sps,
1832 1205 1870 1259 nt
1888 1197 1914 1260 si
1933 1217 2000 1262 una
2016 1200 2154 1281 instetis,

159 1273 246 1347 serit,
270 1273 494 1352 commodarit,
517 1272 559 1338 ad
575 1271 688 1338 id'hoo
704 1273 814 1356 ipsum
831 1273 986 1338 eoolesiae
1002 1282 1134 1339 nostrae
1184 1273 1254 1338 fore
1277 1295 1336 1338 vos
1356 1275 1424 1339 voti
1446 1285 1609 1358 oompotes
1628 1278 1721 1343 nohis
1743 1278 1961 1360 polliceamur.
1973 1283 2002 1365 ³)

158 1359 348 1425 institutum
370 1369 482 1424 tamen
503 1359 626 1442 aliquid
647 1359 791 1424 eontulit
836 1357 910 1440 Quo
931 1359 1034 1443 igitur
1056 1357 1134 1423 alibi
1262 1359 1440 1424 Praeterea
1451 1369 1485 1426 et
1494 1361 1579 1426 ιιιιι
1590 1382 1721 1428 eramus
1732 1361 1922 1443 Dominum,
1935 1375 1972 1432 ut
1983 1377 2154 1454 postquam

158 1447 268 1512 minus
292 1457 342 1510 est
364 1446 461 1512 huius
484 1453 616 1510 sanetae
634 1453 669 1510 et
685 1445 887 1511 necessariae
908 1465 968 1527 pro
990 1443 1134 1508 ecelesiis
1185 1444 1277 1510 vobis
1298 1451 1429 1511 tantum
1451 1447 1544 1530 regni
1574 1447 1624 1512 sui
1646 1447 1843 1515 desiderium
1864 1453 2023 1534 restituit,
2054 1457 2154 1523 etiam

159 1530 398 1610 sollicitudinis,
421 1531 482 1596 hoo
502 1531 609 1614 magis
631 1529 822 1596 enitendum
844 1528 1004 1607 omnihus,
1027 1537 1067 1593 ut
1087 1529 1133 1608 id,
1185 1528 1361 1614 largiatur,
1390 1553 1429 1596 ea
1450 1532 1560 1596 omnia
1580 1533 1666 1617 apud
1688 1555 1746 1600 vos
1768 1535 1955 1603 submoveri
1975 1549 2009 1604 et
2030 1544 2154 1607 exstin-

160 1615 242 1701 quod
264 1616 353 1701 apud
370 1637 431 1682 nos
449 1616 612 1682 Dominus
634 1617 958 1699 quantulumeunque
980 1615 1023 1679 ιιι
1044 1615 1134 1680 exei·
1185 1617 1252 1697 gui,
1275 1637 1358 1698 quae
1379 1617 1608 1683 instaurationi
1628 1619 1719 1702 regni
1742 1621 1793 1685 sui
1823 1643 1951 1705 quoquo
1980 1625 2075 1692 mode
2097 1627 2154 1694 ob-

159 1703 250 1776 tavit,
273 1723 505 1769 oonservemus
535 1709 569 1766 et
596 1701 823 1784 provehemus.
869 1699 922 1764 Ad
945 1700 1031 1766 hane
1055 1721 1132 1766 vero
1185 1708 1271 1766 stare
1294 1711 1422 1784 queant.
1467 1703 1537 1767 Vos
1564 1725 1691 1786 quoque
1717 1727 1776 1788 per
1796 1705 1932 1773 Domini
1954 1711 2091 1794 gloriam
2120 1721 2155 1780 et

158 1809 225 1854 rem
254 1787 347 1853 dedit
374 1789 539 1853 Dominus
568 1787 696 1854 Caluino
725 1805 822 1869 quam
849 1785 1027 1868 plurimum
1056 1807 1132 1851 eon·
1184 1785 1323 1851 salutem
1350 1795 1494 1853 vestram
1517 1809 1685 1872 rogamus,
1713 1789 1774 1856 hae
1801 1793 1836 1856 in
1864 1815 1900 1858 re
1923 1795 2066 1863 Domino
2093 1820 2153 1866 vos

158 1876 257 1953 serre,
288 1875 370 1939 adeo
393 1883 431 1938 ut
455 1875 619 1938 neminem
649 1873 774 1954 uspiam
797 1871 952 1941 soiamus.
982 1872 1132 1954 quamsi
1184 1874 1309 1938 eunetis
1332 1873 1487 1939 humanis
1515 1875 1684 1942 affectibus
1712 1879 1867 1960 repressis
1896 1882 2153 1951 aeoemmodetis.

159 1959 208 2025 vel
236 1959 346 2042 aliqua
373 1981 447 2043 spe,
477 1980 544 2024 non
575 1959 645 2022 dieo
674 1958 778 2040 paris,
809 1955 866 2021 sed
894 1957 1132 2039 aliquantulum
1184 1957 1231 2024 Ut
1252 1959 1353 2042 igitur
1373 1981 1433 2024 nee
1451 1960 1515 2042 ipsi
1533 1959 1682 2026 dubitare
1698 1964 1842 2044 potestis,
1864 1965 1921 2029 vix
1943 1966 2031 2032 aliud
2053 1991 2155 2054 aeque

159 2045 341 2112 accedentis
375 2044 416 2109 ad
449 2065 519 2110 eam
553 2063 651 2124 quam
679 2043 750 2125 ipse
778 2044 943 2125 praestitit
970 2043 1131 2120 utilitatis,
1184 2044 1386 2109 restituendo
1408 2045 1494 2127 apud
1518 2067 1575 2111 vos
1597 2067 1697 2131 regne
1718 2048 1844 2113 Christi
1866 2051 2032 2133 obsistere,
2055 2063 2154 2138 atqua

158 2133 368 2198 suffioiamus.
400 2130 541 2196 Interim
563 2149 642 2194 vero
664 2149 733 2206 nos,
757 2129 813 2211 qui
835 2129 871 2192 in
891 2128 953 2194 hae
974 2129 1131 2212 relinqui·
1184 2128 1378 2195 intestinum
1404 2131 1527 2196 civium
1554 2141 1741 2198 vestrorum
1773 2143 1806 2199 et
1832 2135 1949 2201 sociale
1975 2159 2049 2203 oum
2070 2141 2154 2205 Ber-

157 2239 233 2282 mur
252 2217 400 2294 ecelesia,
421 2215 513 2280 senio
534 2213 658 2279 morbis
678 2235 716 2280 ao
737 2213 901 2280 laboribus
923 2215 1032 2292 fracti,
1064 2236 1131 2280 non
1184 2214 1316 2281 natibus
1338 2215 1521 2292 dissidium,
1551 2217 1597 2282 ita
1624 2239 1683 2284 vos
1711 2239 1771 2301 per
1798 2219 1859 2286 hoo
1886 2221 1996 2305 ipsum
2018 2225 2153 2292 Domini

157 2303 260 2368 solum
284 2299 373 2385 quod
394 2301 602 2366 ecelesiarum
633 2301 843 2366 neeossitates
870 2309 939 2364 tam
965 2299 1070 2366 multa
1098 2307 1131 2365 et
1183 2320 1333 2385 regnum,
1355 2323 1397 2366 ex
1418 2323 1480 2385 quo
1498 2311 1615 2369 ouuota
1632 2305 1815 2387 expetenda
1836 2307 1928 2373 vobis
1949 2311 2152 2392 oonstabunt,

157 2389 248 2456 varia
269 2387 460 2470 requirunt,
482 2385 539 2450 sed
562 2407 621 2450 neo
645 2385 693 2462 id,
722 2385 808 2468 quod
831 2384 989 2450 haetenus
1011 2393 1131 2451 uteun·
1183 2384 1389 2452 obsecramus
1409 2395 1444 2452 et
1465 2387 1683 2468 obtestamur,
1712 2397 1751 2455 ut
1777 2391 1854 2458 totis
1881 2393 1917 2457 in
1945 2393 2007 2460 hee
2028 2396 2153 2464 viribus

157 2495 216 2558 que
244 2473 486 2558 praestitimus,
522 2472 682 2536 sustinere
709 2472 897 2554 poterimus.
948 2469 989 2535 Id
1018 2479 1131 2536 autem
1181 2471 1376 2538 incumbatis
1414 2495 1478 2556 quo
1510 2481 1683 2558 utrumque
1720 2475 1890 2543 dissidium
1923 2481 2153 2566 exstinguatur

157 2557 354 2634 verendum,
383 2565 420 2623 ut
448 2556 590 2624 ecelesiis
618 2556 722 2622 multe
749 2557 856 2622 maius
885 2554 1041 2622 damnum
1065 2556 1128 2634 dot,
1181 2559 1311 2640 penitus
1333 2566 1367 2622 ιι
1394 2559 1570 2625 aboleatur.
1614 2559 1777 2628 Audimus
1799 2562 1973 2629 admodum
1994 2586 2152 2652 magnum

157 2666 252 2728 quam
282 2665 373 2710 nune
403 2663 517 2708 omnes
553 2642 795 2726 perpendimus.
847 2641 889 2706 In
918 2650 987 2706 tam
1016 2652 1130 2708 saneta
1181 2664 1356 2708 numerum
1378 2665 1450 2710 esse
1471 2646 1640 2724 exsulum,
1671 2648 1727 2731 qui
1755 2647 1809 2714 vel
1831 2649 1919 2732 pulsi
1939 2652 2022 2717 urhe
2043 2661 2152 2720 vestra

156 2732 256 2816 igitur
285 2738 320 2796 et
349 2729 531 2795 neeessaria
559 2730 727 2794 voeatiene
756 2727 908 2794 Calvinus
941 2749 1043 2810 quum
1076 2729 1129 2808 sit,
1181 2737 1273 2806 sunt,
1307 2730 1361 2794 rel
1387 2729 1475 2796 ultro
1503 2751 1574 2795 eam
1603 2731 1822 2814 reliquerunt:
1854 2733 1889 2798 hi
1917 2745 2020 2813 serta,
2049 2759 2151 2821 quum

156 2827 240 2884 oerte
263 2837 332 2882 non
355 2823 405 2881 est
426 2814 602 2880 reiioienda
623 2816 661 2892 ei,
684 2814 749 2880 nisi
772 2811 946 2878 admodum
968 2813 1056 2878 olare
1078 2815 1128 2878 vi·
1181 2813 1349 2878 Christum
1372 2835 1438 2878 non
1460 2815 1554 2896 plane
1563 2817 1590 2897 ⁴)
1614 2817 1756 2883 habeant
1773 2819 1807 2884 in
1829 2841 1864 2884 se
1885 2822 2061 2904 viventem,
2084 2845 2151 2891 non

156 2902 237 2980 deat,
261 2901 351 2985 quod
368 2901 526 2966 maiorem
544 2900 648 2984 possit
665 2900 751 2983 apud
769 2920 830 2964 vos
848 2898 990 2964 ecelesiis
1003 2898 1128 2964 Christi
1180 2908 1332 2982 poterunt
1349 2919 1415 2964 non
1433 2897 1503 2966 dies
1520 2909 1694 2986 noetesque
1715 2904 1866 2988 eoqitare,
1888 2914 1922 2971 at
1943 2909 2061 2988 moliri,
2084 2931 2150 2976 non

155 2989 333 3054 utilitatem
356 2987 492 3053 adferre.
536 2985 589 3051 De
611 2986 672 3052 hoo
698 2985 810 3069 itaquo
839 2983 888 3048 illi
909 2991 942 3048 et
963 2985 1058 3050 nobis
1079 2984 1128 3049 di·
1180 2985 1287 3050 solum
1315 2993 1352 3050 ut
1380 2983 1490 3050 sedem
1519 2993 1554 3050 ιι
1583 3009 1636 3053 res
1663 3011 1740 3054 suas
1768 2999 1933 3073 repetant,
1963 2993 2021 3058 sed
2050 3009 2087 3059 ut
2114 3017 2150 3062 sa

156 3075 298 3160 ligenter
326 3072 559 3157 inquirendum
593 3079 656 3150 est,
690 3093 731 3138 ne
759 3071 912 3136 abiieiens
939 3079 1065 3136 eertum
1095 3079 1128 3135 et
1180 3071 1278 3136 etiam
1301 3070 1341 3135 de
1361 3071 1403 3135 iis
1425 3070 1626 3136 uleiseautur
1654 3095 1735 3156 quos
1763 3097 1841 3141 suae
1868 3078 2045 3143 calamitati
2072 3099 2149 3146 oau-

156 3161 356 3244 ampleotens
393 3160 554 3225 insertum
588 3159 768 3223 Dominum
800 3163 929 3222 ιιιιιιι
966 3155 1127 3221 videatur.
1179 3177 1249 3222 sam
1272 3155 1400 3222 dedisse
1421 3158 1630 3222 arbitrantur.
1664 3159 1709 3222 Et
1730 3161 1892 3228 Dominus
1913 3161 2030 3227 talium
2051 3185 2148 3230 oona-

156 3245 224 3312 Iam
247 3246 326 3312 lieet
348 3245 389 3310 de
405 3245 575 3311 ιιιιιιιιι
591 3253 703 3310 vestra
721 3243 767 3309 sio
785 3251 977 3320 statuamus,
1001 3250 1038 3308 ut
1055 3263 1127 3308 eam
1179 3253 1234 3307 tus
1254 3251 1326 3307 tum
1348 3240 1481 3308 demum
1500 3245 1665 3326 reprimit,
1715 3265 1795 3310 uum
1822 3267 1882 3311 nos
1909 3248 1993 3314 bono
2014 3250 2149 3316 sineere

155 3333 245 3399 robis
268 3331 489 3416 gratulamur,
515 3339 672 3412 tanquam
699 3350 770 3394 eam
800 3347 881 3411 qua,
908 3335 948 3393 ut
974 3328 1126 3407 diximus,
1180 3327 1312 3393 illorum
1333 3327 1457 3394 malum
1479 3327 1662 3409 studemus,
1691 3265 1770 3394 dum
1796 3330 1838 3396 de
1864 3331 1929 3398 illis
1957 3353 1998 3398 ex
2018 3335 2146 3400 miseri·

156 3439 220 3484 non
232 3427 360 3500 partem
372 3416 545 3482 ministerii
558 3415 683 3481 Christi
700 3415 758 3490 sed
774 3422 882 3480 totum
899 3415 1126 3492 ministerium,
1179 3414 1296 3492 cordia,
1320 3415 1415 3497 quale
1437 3415 1558 3482 scilieet
1579 3435 1600 3478 a
1616 3416 1757 3480 Domino
1778 3417 1872 3482 nobis
1893 3419 2042 3500 ριιιιιιι,
2060 3419 2146 3485 iudi·

155 3502 253 3586 idqua
275 3525 337 3568 non
362 3502 510 3586 tepidum
537 3523 617 3567 sane
645 3501 698 3566 vel
726 3502 899 3586 ignavum,
928 3501 986 3566 sed
1008 3499 1128 3566 ardens
1179 3502 1265 3566 oium
1287 3501 1432 3580 tacimus,
1456 3500 1534 3566 dum
1556 3500 1681 3567 Christi
1704 3499 1843 3585 denique
1864 3503 2017 3586 spiritum
2038 3507 2146 3589 sequi-

156 3597 189 3653 at
210 3595 363 3673 satagens
385 3588 513 3653 restitui
536 3586 627 3652 vobis
644 3588 819 3670 quaeratis,
841 3595 952 3652 tamen
970 3593 1021 3652 est
1037 3593 1127 3652 serta
1179 3607 1270 3664 mur,
1299 3586 1354 3668 qui
1383 3608 1451 3651 nen
1478 3585 1614 3669 perdere
1641 3585 1697 3652 sed
1725 3609 1857 3654 servare
1876 3589 2024 3656 homines
2046 3594 2145 3658 etiam

156 3673 278 3740 tradita
299 3676 334 3741 in
356 3675 525 3758 seripturis
547 3673 640 3750 ratio,
663 3672 867 3758 quaCeleiao
888 3670 1126 3756 explorandum
1177 3678 1361 3754 peoeateres
1389 3674 1516 3756 satagit.
1558 3673 1732 3753 Fatemur,
1760 3674 1977 3756 perieulosum
2003 3685 2054 3740 est
2076 3675 2144 3744 fao·

156 3762 205 3841 sit,
228 3765 257 3826 si
279 3761 350 3844 ipso
371 3762 400 3826 is
421 3761 473 3840 sit,
495 3780 555 3843 per
575 3781 672 3843 quem
692 3757 947 3823 relitDominus
963 3757 1050 3840 apud
1066 3778 1127 3822 vos
1177 3757 1274 3822 tiosos
1301 3757 1390 3822 aives
1412 3758 1447 3820 in
1474 3757 1638 3839 republiea
1663 3757 1843 3825 admittere.
1891 3761 1939 3826 Aa
1966 3782 2065 3844 quum
2093 3763 2143 3827 illi

157 3868 296 3932 regnum
318 3867 416 3910 saum
445 3847 529 3910 tueri
552 3855 586 3910 et
607 3845 815 3927 amplificare.
861 3841 1016 3908 Dubitari
1038 3843 1126 3908 enim
1177 3851 1286 3907 tamen
1309 3841 1397 3906 aives
1419 3843 1499 3917 sint,
1527 3851 1561 3908 et
1579 3845 1683 3909 nostri
1707 3843 1850 3929 adeoque
1869 3845 1965 3910 multi
1993 3859 2084 3920 (nam
2110 3854 2145 3912 et

158 3955 219 3998 uon
243 3939 366 4016 potest,
400 3933 428 3996 si
455 3931 571 3997 debeat
598 3930 631 3994 id
652 3930 807 4014 prodesse
828 3929 913 4012 apud
935 3951 1011 4008 vos,
1040 3928 1126 4011 quod
1177 3926 1351 3992 multitudo
1383 3927 1641 4010 delinquentium
1681 3949 1811 4012 semper
1847 3951 1978 3998 oausam
2010 3932 2143 4013 praebet

157 4041 212 4102 per
231 4019 329 4096 dona,
359 4037 441 4100 quae
463 4039 482 4080 a
503 4017 645 4082 Domine
669 4016 784 4094 habet,
810 4023 917 4100 potest
944 4015 1126 4081 neeessario
1177 4013 1469 4097 humanaspoenas
1491 4013 1687 4096 mitigandi),
1710 4012 1818 4080 danda
1834 4035 1932 4099 opera
1953 4023 2003 4080 est
2023 4023 2061 4080 ιι
2077 4016 2141 4082 ιιι-

158 4105 284 4188 requiri,
308 4111 345 4168 ut
366 4123 432 4168 non
453 4101 557 4168 solum
581 4123 600 4166 a
621 4102 729 4178 vobis,
757 4100 815 4167 sed
842 4102 939 4166 etiam
967 4122 987 4164 a
1008 4101 1126 4166 vieinis
1177 4099 1301 4163 mentia
1321 4107 1354 4164 et
1374 4098 1594 4164 miserieordia
1611 4099 1738 4164 animos
1756 4119 1842 4166 nuno
1859 4101 2008 4166 factionis
2029 4101 2141 4167 morbo

158 4191 255 4269 vobis,
278 4197 313 4254 et
334 4190 477 4253 maxime
499 4187 697 4252 Bernatibus
721 4187 881 4252 ministris
904 4186 1126 4265 eeclesiarum,
1177 4186 1313 4250 intentos
1341 4191 1488 4249 amantes
1518 4184 1713 4267 reipublicae
1734 4186 1899 4252 satiamus.
1949 4183 2141 4265 Quamlibet

157 4285 337 4359 expetatur.
373 4274 462 4339 Hine
478 4275 513 4337 in
531 4273 697 4338 veteribus
715 4274 892 4339 canonibus
910 4273 1126 4338 constitutum
1177 4272 1299 4335 ferooes
1321 4270 1387 4335 sint
1409 4277 1443 4334 et
1460 4269 1594 4348 factiosi,
1617 4271 1739 4335 malent
1755 4279 1875 4348 tamen,
1898 4269 1949 4334 vel
1972 4270 2032 4336 hoo
2053 4272 2140 4336 exsi-

156 4361 293 4448 legimus
323 4369 361 4426 ut
388 4360 558 4442 episeopus
585 4360 682 4424 etiam
712 4360 831 4424 iniuria
858 4379 878 4422 a
903 4359 971 4424 suis
1000 4356 1124 4442 pulsus,
1177 4356 1222 4420 lio
1243 4355 1416 4434 humiliati,
1439 4356 1467 4421 si
1489 4354 1710 4422 tolerabilibus
1727 4353 1966 4422 conditionibus
1987 4355 2141 4441 reeipien-

155 4469 221 4512 ιιι
244 4447 441 4513 restituatur
462 4453 587 4523 tamon,
614 4445 677 4510 nisi
699 4445 878 4510 vicinorum
902 4445 1126 4527 episcoporum
1177 4451 1248 4519 tur,
1277 4441 1460 4506 moderatos
1489 4449 1522 4506 et
1550 4440 1675 4524 legibus
1703 4441 1915 4522 obsequentes
1936 4439 2023 4506 ιιιιι
2044 4461 2139 4525 pras-

154 4534 282 4612 iudieio,
305 4553 365 4616 per
386 4551 468 4614 quos
493 4531 526 4596 id
556 4531 680 4597 soilieat
700 4537 848 4606 curetur,
877 4537 916 4594 ut
937 4531 983 4594 ιιι
1004 4549 1126 4594 ιιιιιι
1178 4535 1273 4606 stare,
1295 4527 1393 4591 rebus
1415 4527 1537 4592 suiset
1558 4525 1691 4590 familiis
1712 4527 1866 4601 fruentes,
1890 4545 1988 4608 quam
2009 4526 2062 4592 his
2083 4526 2140 4592 de-

153 4641 249 4685 suem
272 4625 413 4701 ropetat,
443 4618 698 4683 assentientibus
726 4623 759 4680 ιι
786 4637 856 4680 ιιιι
878 4615 1005 4680 Christi
1030 4614 1125 4680 disei-
1177 4613 1284 4677 stituti
1306 4623 1339 4676 et
1360 4613 1467 4678 exsilii
1488 4609 1726 4678 ealamitatibus
1758 4609 1862 4691 pressi
1882 4618 2011 4676 tantum
2030 4612 2138 4678 moliri

152 4705 265 4788 plinus
286 4701 493 4770 tradentibus
511 4703 663 4768 omnibus
685 4723 823 4784 quorum
846 4699 879 4765 id
901 4701 1052 4780 interest,
1082 4721 1125 4765 ne
1177 4711 1215 4762 ιι
1233 4699 1328 4762 vobis
1350 4707 1496 4762 noeeant.
1540 4697 1585 4760 Et
1606 4695 1668 4760 nisi
1696 4695 1818 4759 malum
1839 4694 2041 4761 inimieorum
2062 4717 2139 4762 nos·

152 4791 248 4860 facile
270 4809 375 4856 novae
401 4789 597 4854 offensiones
623 4787 777 4854 insidant.
824 4787 925 4868 Atqui
947 4787 1045 4850 istam
1067 4807 1124 4851 ex·
1177 4795 1303 4848 trorum
1324 4783 1414 4848 vinei
1435 4791 1547 4848 nostro
1568 4779 1652 4844 hono
1673 4787 1796 4862 posset.
1826 4779 1866 4844 ad
1888 4779 1923 4844 id
1942 4799 2002 4846 nos
2023 4780 2137 4846 Domi·

151 4878 369 4960 plorationem
390 4897 480 4942 nune
501 4874 647 4940 obtinere
668 4895 734 4938 nou
754 4881 876 4956 potest:
900 4872 1050 4955 quoeiroa
1071 4891 1124 4935 ro·
1176 4943 1187 4949 ,

151 4957 1125 5130 ιιιιιιιιιιιιιὲιιιιιιιι
1277 5021 1308 5152 q
1326 5015 2136 5158 mmmmm,

151 5145 267 5202 vestro
287 5134 458 5200 voeationo
480 5132 661 5216 potuimus,
676 5131 764 5232 ,¹³⁰3st
785 5130 978 5210 consulatis,
1008 5149 1125 5214 agnos·
1173 5157 1342 5231 mma,
1358 5157 1454 5224 m,
1478 5162 1510 5210 ω
1526 5153 1605 5209 „qq
1621 5154 1738 5224 m,
1755 5171 1791 5210 Μ
1806 5157 1880 5226 ,mn-4
1896 5153 2062 5222 mm

150 5229 276 5300 tentes,
299 5220 331 5285 id
355 5219 446 5284 nullo
467 5227 555 5284 oerta
579 5229 756 5282 ιοιιιιοιιι
777 5229 907 5282 vestrae
925 5223 1125 5298 eentamptu,
1278 5227 1309 5294 4)
1328 5229 1396 5281 bene
1414 5226 1499 5280 Βιη,
