4860 5960
301 293 361 357 etl
1061 281 1321 350 EPIS'POLAE
1345 283 1510 346 aaa-531
2227 277 2285 340 671

300 475 522 563 prudentiam,
551 482 586 539 et
613 475 803 558 eumprimis
832 473 1027 558 abnegatam
1048 479 1208 552 mentem,
1236 477 1270 535 et
1320 479 1354 536 et
1375 469 1472 536 editis
1498 467 1590 533 libris
1611 467 1772 546 eavillari,
1800 489 1921 534 novum
1950 466 2136 568 papismum
2164 462 2233 528 suis
2254 461 2288 525 in

301 563 344 629 ad
364 581 477 628 omnes
502 560 589 626 vitae
615 567 763 642 paratam
790 559 934 624 iniurias.
979 558 1117 624 Caetera
1144 557 1270 624 eurabit
1319 557 1477 621 Ioannem
1494 553 1737 620 eommentariie
1754 555 2193 639 reeensexousrsappellare.
2222 554 2288 620 Ve-

300 649 371 733 ipse
388 647 444 729 qui
460 645 615 712 eeclesiae
632 665 709 710 suae
720 666 874 730 praesens
885 644 1013 710 adsistit
1023 664 1144 726 suaque
1155 651 1270 726 sponte
1321 663 1394 706 rum
1416 642 1523 705 relatu
1550 647 1679 704 tantum
1706 638 1740 703 id
1767 639 1905 704 aliorum
1927 640 2066 722 aeeipio:
2097 640 2180 704 mibi
2201 641 2288 704 enim

300 732 425 818 vigilet
468 729 630 814 Equidem
657 751 756 795 manu
778 729 914 796 Domini
934 736 1065 812 potente
1085 727 1269 793 admonitus
1321 725 1557 794 commentaria
1583 725 1655 790 visa
1682 745 1749 789 non
1776 731 1861 790 sunt
1906 724 2018 806 Quare
2038 726 2073 790 in
2095 726 2185 791 hisee
2206 724 2288 791 diffi-

300 819 525 899 exeitatusque
547 837 612 881 non
634 815 732 899 paulo
751 816 834 880 mihi
851 815 963 880 videor
982 825 1015 879 et
1034 815 1217 898 promptior
1237 820 1270 878 et
1321 813 1495 878 eultatibus
1521 811 1698 890 dommus,
1728 829 1824 892 quam
1847 811 1939 876 nobis
1965 810 2139 894 prudentia
2167 813 2290 895 pariter

301 902 439 968 alaerier
460 901 502 966 ad
523 901 648 966 omnia:
677 900 733 966 sed
759 901 845 966 idem
874 901 969 966 toties
994 901 1060 964 iam
1082 910 1159 964 ante
1177 899 1269 963 intir-
1323 907 1356 964 et
1377 895 1567 962 fortitudine
1595 917 1685 978 opus·
1698 895 1753 960 sit:
1783 896 1856 974 illa,
1885 917 1927 961 ne
1953 896 2033 980 quid
2059 897 2289 980 intempestivo

300 990 449 1054 mitatem
479 1007 587 1052 meam
618 993 774 1072 expertus
807 1009 827 1052 a
858 1007 912 1050 me
944 987 1015 1070 ipsu
1046 983 1129 1049 mihi
1160 986 1268 1048 timeo.
1322 983 1451 1048 fervore
1473 981 1723 1058 committamus,
1751 981 1949 1046 ehristianae
1968 983 2040 1066 paei
2062 982 2291 1048 aedifieationi-

301 1071 376 1154 Quo
396 1074 556 1138 intentius
582 1071 670 1138 idem
698 1071 781 1136 mibi
806 1072 956 1154 preeibus
976 1077 1027 1136 est
1048 1069 1270 1154 adpellandus,
1322 1090 1385 1152 que
1406 1067 1559 1134 eeclesiae
1585 1066 1785 1146 obfuturum,
1814 1067 1891 1144 hae,
1918 1089 1961 1132 ne
1989 1089 2048 1150 per
2075 1067 2290 1150 pusillanimi·

301 1179 364 1243 quo
403 1179 465 1224 sua
502 1178 561 1241 ope
600 1155 777 1222 identidem
815 1158 921 1240 erigat
957 1156 1131 1238 luloiatque
1168 1153 1272 1219 labas-
1323 1161 1424 1219 tatem
1441 1153 1612 1218 veritatem
1634 1149 1817 1234 prodamus,
1839 1153 2000 1237 salutique
2017 1152 2161 1218 desimus
2182 1155 2292 1240 gregis

301 1253 439 1322 oenwm,
461 1241 610 1326 idemque
620 1250 657 1306 ut
675 1250 713 1307 tu
730 1243 838 1320 lanias,
859 1241 906 1306 mi
927 1242 1037 1320 freter,
1059 1241 1272 1306 vehementer
1323 1237 1499 1316 oommissi,
1533 1237 1610 1302 olim
1646 1238 1695 1302 rei
1722 1239 1890 1321 sanguinis
1913 1238 2066 1322 ipsorum.
2115 1238 2291 1305 Caeterum

301 1349 426 1414 precor.
1323 1323 1408 1408 quod
1426 1331 1613 1389 anteactum
1623 1325 1844 1406 paroxismum
1856 1324 1980 1402 attinet,
1999 1324 2142 1406 aliquem
2159 1326 2291 1390 omnino
2409 1387 2411 1396 ,

387 1413 508 1478 Videre
526 1413 612 1478 enim
634 1413 717 1478 mihi
735 1413 846 1478 videor
862 1412 967 1477 nihilo
984 1411 1090 1478 lavim
1106 1419 1271 1477 certamen
1323 1410 1496 1476 sanitatem
1518 1407 1666 1473 attulisse
1683 1408 1842 1474 videmur.
1874 1409 1961 1473 Nam
1978 1407 2100 1476 Beatus
2109 1411 2139 1486 ⁵)
2161 1409 2291 1492 quidem

300 1500 394 1566 nobis
416 1506 549 1574 restare,
573 1499 600 1565 si
622 1498 805 1574 ministerii,
832 1497 920 1581 quod
939 1507 1179 1564 sacrosanctum
1201 1517 1272 1561 esse
1323 1497 1423 1560 frater
1445 1515 1538 1558 suam
1559 1495 1625 1558 iam
1653 1493 1856 1559 functionem
1882 1494 1980 1560 habet
2008 1496 2291 1573 eontirmatiorem,

302 1595 336 1651 et
364 1585 476 1649 haberi
503 1583 657 1649 Christus
685 1583 803 1662 voluit,
833 1584 1039 1648 autoritatem
1067 1603 1211 1648 asserere
1239 1589 1273 1645 et
1323 1587 1533 1664 posteaquem
1563 1578 1604 1644 de
1632 1581 1797 1644 eommuui
1827 1599 1926 1645 eausa
1957 1601 2078 1663 suoque
2112 1581 2293 1646 ministerio

301 1669 454 1737 eeclesiae
489 1668 693 1752 diseiplinem
733 1689 850 1752 urgere
881 1667 1141 1754 instituamus‚⁸)
1174 1688 1271 1749 quam
1323 1687 1431 1733 eoram
1454 1665 1614 1731 Diaoosiis
1635 1665 1798 1744 disseruit,
1821 1665 2022 1730 oeeasionem
2047 1666 2148 1730 etiam
2168 1666 2293 1732 nolenti

300 1755 401 1821 luerit
418 1753 544 1836 pridem
565 1755 601 1818 in
624 1754 703 1820 loeis
725 1755 837 1818 multis
859 1755 893 1818 in
909 1752 1112 1837 profligando
1125 1754 1272 1836 papismo
1324 1773 1362 1817 ea
1380 1750 1546 1834 tragoedia
1564 1749 1800 1832 suppeditante.
1845 1751 1918 1836 Ego
1947 1771 2025 1816 vero
2053 1751 2093 1817 de
2120 1751 2294 1817 ministerii

301 1839 479 1907 maioribus
506 1841 635 1904 nostris.
688 1839 733 1903 Et
761 1839 870 1905 neseio
904 1861 946 1904 an
976 1840 1142 1924 graviores
1172 1838 1271 1902 etiam
1324 1837 1410 1903 seori
1430 1837 1636 1919 partiumque
1657 1836 1727 1900 eius
1749 1836 1925 1902 autoritate
1947 1845 1982 1900 et
2006 1857 2084 1916 usu,
2115 1837 2220 1920 deque
2244 1837 2293 1902 bis

302 1927 471 1993 eontlietus
489 1923 692 2008 experiundi,
716 1923 845 2008 quando
861 1933 898 1988 ut
914 1925 1070 1989 vitiorum
1086 1923 1272 1988 dominatus
1324 1933 1462 2008 cognata
1483 1921 1638 1986 ecelesiae
1660 1919 1843 2004 disoiplina‚
1873 1943 1913 1988 ea
1939 1943 2013 1987 sum
2040 1923 2168 2005 publiea
2197 1921 2293 2006 idque

270 2049 276 2062 ·
301 2013 617 2092 tadnorosorumque
639 2009 807 2076 bominum
819 2009 994 2074 multitudo
1003 2009 1130 2074 obtinet
1139 2010 1271 2090 passim,
1323 2009 1419 2072 tertio
1440 2007 1547 2072 dieere
1568 2013 1697 2072 eeaotus
1724 2027 1808 2090 quae
1835 2007 1891 2072 vix
1913 2008 2001 2071 intra
2022 2009 2167 2090 privatos
2188 2009 2294 2092 parie-

302 2099 350 2164 sie
359 2099 505 2161 omnium
520 2095 712 2178 simpliciter
723 2095 832 2160 studia
847 2096 924 2180 iugo
934 2095 1059 2160 Christi
1076 2096 1271 2160 renituntur.
1323 2102 1373 2158 tes
1396 2091 1481 2176 apud
1502 2099 1609 2157 eertos
1630 2093 1730 2156 etiam
1757 2093 1879 2158 amieos
1904 2093 2040 2158 fuissem
2066 2115 2165 2159 ausus
2187 2093 2294 2178 prolo-

302 2181 399 2249 Unde
416 2203 482 2246 non
500 2181 606 2246 solum
623 2179 745 2246 iudieia
761 2180 939 2257 oerebrosa,
957 2181 1166 2263 suspiciones,
1184 2179 1272 2244 odio-
1324 2181 1395 2260 qui:
1418 2178 1573 2242 nimirum
1593 2195 1632 2242 ea
1653 2197 1735 2260 quae
1747 2177 1903 2243 Neoeomi
1925 2197 1945 2242 a
1965 2177 2120 2244 fratribus
2142 2181 2197 2264 pie
2219 2179 2295 2244 libe·

302 2289 357 2334 sae
379 2267 563 2334 oalumniee
590 2274 623 2330 et
652 2267 898 2332 venilerationes
926 2267 1076 2345 insanae,
1104 2285 1187 2348 quae
1214 2285 1273 2330 eeu
1324 2285 1423 2346 reque
1445 2262 1584 2328 adducta
1609 2263 1645 2326 in
1673 2262 1816 2328 medium
1842 2263 2018 2346 luerent,⁶)
2044 2285 2086 2329 ex
2114 2263 2235 2346 quibus
2263 2273 2295 2329 et

301 2353 497 2435 inauspieati
520 2351 622 2417 animi
644 2352 787 2436 garritus
808 2361 928 2435 queant
947 2352 1127 2428 mntemni,
1156 2371 1273 2414 verum
1324 2350 1468 2414 rationes
1489 2347 1615 2413 eonsilii
1639 2349 1759 2428 nostri,
1788 2357 1822 2413 et
1848 2367 1930 2431 quae
1952 2350 1987 2413 in
2010 2350 2153 2415 eeclesiis
2174 2351 2294 2415 nestris

303 2437 614 2520 etiamperioulosae
632 2436 1070 2520 olanoulariaequeinsidiae,
1089 2447 1130 2515 et,
1149 2435 1274 2518 siquod
1325 2435 1583 2500 desideraremus
1609 2433 1750 2517 intelligi
1779 2440 1963 2516 potuerunt
2013 2437 2063 2501 Ae
2091 2457 2155 2519 quo
2187 2437 2293 2500 minus

302 2543 356 2590 res
384 2533 435 2588 eet
461 2523 620 2606 loquaris,
649 2522 699 2586 vis
727 2523 825 2587 etiem
851 2523 934 2588 torte
963 2531 1086 2606 aperta.
1136 2522 1274 2587 Novitas
1325 2520 1476 2587 satisfieri
1505 2519 1645 2602 simpliei
1671 2521 1742 2584 veri
1768 2520 1957 2585 narratione
1984 2527 2081 2604 atque
2109 2521 2292 2587 defensione

303 2608 392 2674 enim
415 2608 511 2685 haee,
540 2608 568 2672 si
595 2605 690 2672 modo
718 2607 766 2672 ita
792 2606 952 2684 vocanda,
980 2609 1122 2691 gratiam
1149 2607 1275 2671 nullam
1325 2603 1518 2690 quibusdam
1539 2605 1653 2688 potuit,
1682 2625 1719 2670 eo
1740 2605 1845 2689 magis
1870 2605 2016 2670 iterando
2037 2606 2293 2690 publieandoqus

303 2693 418 2772 babet,
440 2701 478 2757 ut
503 2691 561 2756 ille
585 2693 791 2776 personantis
820 2693 981 2778 evangelii
1011 2694 1097 2758 fama
1124 2713 1276 2776 oompen·
1326 2693 1473 2775 sequutae
1494 2690 1543 2755 rei
1564 2690 1696 2774 agnosei
1723 2699 1757 2755 et
1777 2691 1933 2756 novitatis
1954 2689 2137 2758 absurditas
2158 2713 2295 2758 evenes·

304 2779 396 2845 dium
424 2778 527 2842 multo
555 2779 679 2856 minus,
701 2799 803 2862 quum
824 2799 970 2844 summos
991 2780 1114 2862 pariter
1140 2787 1174 2843 et
1200 2779 1275 2842 infi-
1326 2797 1399 2843 eere
1417 2777 1530 2860 eoepit.
1564 2775 1700 2840 Morbus
1716 2783 1826 2840 autern
1844 2783 1878 2841 et
1894 2777 2134 2844 miserationem
2153 2778 2296 2862 aliquam

303 2883 376 2930 mos
398 2864 431 2928 in
454 2861 602 2929 ordinem
623 2873 731 2948 eogat,
760 2885 924 2948 quumque
952 2863 1037 2948 apud
1064 2863 1187 2929 multos
1207 2863 1274 2946 pri·
1326 2864 1362 2928 in
1378 2862 1520 2928 hostium
1538 2862 1639 2926 etiam
1656 2861 1859 2944 quorundam
1877 2863 1995 2928 animis
2011 2865 2179 2941 excitavit,
2199 2864 2296 2929 mibi·

304 2949 379 3015 dem
398 2948 508 3015 odium
525 2969 605 3048 erga
621 2950 785 3016 saorifioos
801 2951 948 3016 favorem
969 2949 1154 3016 oonoiliaret
1173 2969 1275 3014 evan·
1326 2969 1389 3032 que
1409 2946 1496 3013 idem
1518 2957 1642 3012 eertum
1663 2947 1867 3030 propositum
1883 2948 1990 3032 tregit,
2012 2970 2075 3032 quo
2096 2951 2295 3028 missionem,

303 3036 400 3135 gello,
422 3056 510 3101 nune
531 3035 756 3101 manistrorum
778 3035 852 3101 odio
870 3036 969 3100 etiam
987 3055 1102 3102 eaesae
1119 3042 1276 3118 gravatur
1329 3035 1467 3100 Centeno
1486 3033 1585 3097 etiam
1606 3033 1704 3099 taeite
1725 3033 1931 3113 assentiente,
1959 3033 2125 3117 postulare
2146 3034 2296 3102 densere

302 3121 438 3187 invidia
483 3117 701 3186 cordatorum
722 3130 848 3199 autem,
877 3141 1052 3204 eorumque
1073 3141 1153 3203 quos
1175 3118 1275 3184 babe-
1326 3139 1406 3198 ram,
1429 3125 1638 3201 posteaquam
1665 3119 1706 3184 ab
1733 3118 1855 3202 agitate
1877 3131 1944 3183 tam
1966 3119 2022 3185 diu
2043 3121 2177 3206 negotio
2207 3121 2296 3186 Vere-

302 3229 378 3272 mus
399 3206 547 3289 optimus,
569 3205 658 3272 aelus
679 3207 822 3284 refrixit,
852 3207 909 3289 qui
930 3203 1056 3289 pridem
1077 3205 1276 3272 luctantibus
1325 3212 1391 3270 tum
1412 3202 1543 3268 demum
1558 3211 1655 3286 etque
1667 3203 1854 3270 Zdedeeum
1872 3204 2033 3272 vocandos
2050 3213 2085 3270 et
2101 3207 2296 3290 reseriptum

302 3293 340 3358 in
361 3292 431 3358 aeie
447 3311 514 3355 non
531 3311 649 3374 parum
670 3301 706 3356 et
721 3292 898 3358 alaeritetis
919 3291 1110 3356 adferebant
1130 3299 1164 3356 et
1181 3289 1275 3356 adiu·
1326 3289 1556 3374 proterendum
1585 3290 1803 3368 oensuissent,
1832 3297 1865 3354 et
1884 3291 2020 3373 preinde
2045 3292 2146 3357 fidem
2167 3292 2251 3358 mihi
2276 3311 2296 3356 a

303 3378 416 3444 menti.
461 3377 586 3440 Verum
618 3378 655 3454 ii,
690 3397 790 3460 quum
817 3387 951 3460 propter
984 3378 1215 3442 oonseientiam
1243 3385 1276 3442 et
1326 3375 1424 3442 tertia
1450 3375 1549 3440 etiam
1582 3374 1740 3440 relatione
1764 3375 1884 3442 habere
1911 3397 1977 3442 non
2006 3377 2206 3444 viderentur.
2259 3374 2296 3442 Id

303 3467 461 3547 pietatem
478 3481 545 3526 non
562 3461 773 3539 reluctentur,
792 3471 902 3527 tamen
919 3483 980 3528 nee
1001 3462 1159 3527 adiuvant
1175 3463 1274 3526 etiam
1326 3481 1415 3540 vero,
1437 3469 1474 3525 ut
1494 3467 1623 3543 praeter
1651 3469 1854 3527 eaeterarum
1876 3462 2086 3528 eeclesiarum
2107 3465 2297 3550 exemplum

304 3557 339 3614 et
360 3547 489 3612 malunt
509 3547 609 3629 quieti
631 3546 779 3613 adsidere
795 3556 928 3614 aetuum
950 3556 1155 3632 spectatores,
1177 3567 1275 3631 quam
1326 3547 1399 3613 fieri
1430 3545 1627 3625 iudicabam,
1659 3548 1707 3611 ita
1738 3547 1822 3611 mibi
1853 3548 1991 3614 minime
2018 3550 2115 3614 rebar
2147 3571 2220 3616 esse
2252 3549 2296 3614 fo·

304 3655 380 3700 eum
408 3631 527 3697 sudore
558 3633 764 3716 perieuloque
796 3634 831 3698 in
866 3655 966 3700 arena
998 3643 1131 3700 oertare.
1181 3632 1275 3698 Adde
1327 3632 1474 3698 rendum.

304 3716 391 3802 quod
412 3727 464 3783 est
484 3717 766 3798 noeentiesimum,
793 3737 859 3783 non
881 3719 979 3802 plena
999 3721 1086 3784 inter
1107 3719 1204 3784 duees
1224 3719 1275 3802 ip·
1412 3716 1480 3784 Sed
1502 3715 1542 3783 de
1563 3717 1615 3782 his
1637 3719 1726 3784 eatis.
1759 3717 1901 3784 Causam
1920 3719 2108 3786 aeneordiae
2127 3722 2294 3804 perfieien·

304 3825 367 3880 sos,
390 3823 533 3886 quosque
560 3803 672 3869 deoeat
699 3825 740 3870 ex
769 3805 876 3870 offioio
897 3811 1074 3886 συμμαχεῖν,
1095 3805 1274 3880 consensio,
1328 3803 1388 3868 dae
1398 3805 1426 3886 ⁷)
1447 3805 1535 3868 inter
1556 3809 1715 3868 vestrates
1743 3811 1776 3868 et
1797 3811 1925 3871 nostros
1951 3825 2011 3889 ego
2032 3807 2188 3890 privatim
2210 3803 2294 3890 apud

304 3899 339 3957 et
359 3890 395 3953 in
412 3886 604 3972 quibusdem
627 3889 724 3954 etiam
746 3889 875 3956 animus
895 3891 1145 3973 praevaricator.
1189 3889 1276 3954 Nam
1327 3895 1432 3955 certos
1451 3890 1571 3954 amieos
1592 3889 1660 3972 egi,
1688 3889 1744 3972 qui
1771 3898 1805 3955 et
1826 3909 1917 3972 spem
1938 3891 2087 3956 leserunt
2106 3892 2203 3975 pleno
2225 3901 2296 3957 ten·

305 3974 393 4058 apud
415 3993 476 4039 nos
497 3994 564 4038 nou
586 3973 706 4039 desunt
735 3977 791 4058 qui
812 3995 871 4040 neo
892 3978 1020 4060 oognita
1040 3975 1170 4058 quidem
1191 3975 1275 4039 iudi·
1328 3975 1402 4040 dem
1423 3995 1584 4040 oonsensu
1606 3975 1691 4040 hane
1713 3981 1817 4038 tetam
1838 3977 2095 4042 controversiam
2116 3997 2212 4060 posse
2231 3985 2296 4042 ter·

305 4069 397 4136 oent,
422 4069 456 4124 et
476 4057 713 4124 andabatarum
741 4082 832 4125 more
860 4059 978 4128 eleusis
1007 4060 1109 4126 oeulis
1130 4059 1275 4144 gladium
1327 4060 1455 4124 minari.
1497 4060 1623 4124 Verum
1651 4059 1728 4143 quid
1757 4059 1852 4126 hodie
1880 4081 1987 4126 eoram
2010 4062 2160 4129 diaeosiis
2182 4061 2297 4129 delini·

305 4145 473 4212 ventilent.
507 4143 574 4210 Sed
595 4163 714 4227 pausos
735 4144 884 4220 arbitror.
904 4149 1039 4230 eiusque
1060 4146 1157 4228 plane
1178 4165 1277 4230 gene·
1328 4155 1398 4209 tum
1425 4145 1503 4224 siet,
1538 4143 1686 4210 nondum
1717 4147 1808 4228 potui
1842 4167 2044 4232 eognoeeere.
2095 4149 2162 4214 Pro
2188 4147 2297 4214 libello

306 4233 370 4306 ris,
397 4229 568 4295 urridens
590 4251 655 4296 non
677 4241 799 4296 temere
819 4253 839 4295 a
861 4231 1050 4316 diseiplinae
1072 4231 1198 4296 ratione
1220 4232 1276 4296 ab·
1328 4231 1464 4308 misso8)
1493 4231 1615 4313 gratias
1649 4233 1798 4315 ingentes
1826 4232 1887 4298 tibi
1916 4233 2035 4310 habeo,
2074 4233 2234 4318 laudeque
2264 4243 2297 4297 et

306 4316 450 4382 horrore.
1330 4338 1437 4382 aerem
1460 4315 1680 4381 defensionem
1697 4319 1877 4382 eommunis
1895 4315 2061 4384 doetrinae
2078 4331 2111 4384 et
2129 4319 2206 4385 fidei
2247 4341 2297 4384 ro-

392 4399 501 4466 Audio
511 4407 620 4466 eutem
631 4401 712 4468 base
722 4401 881 4468 bonorum
892 4401 1000 4467 studia
1009 4401 1240 4486 Ballistam,
1249 4401 1277 4488 ⁴)
1328 4402 1501 4468 fossionem
1521 4402 1706 4485 ingenuam.
1740 4403 1902 4470 Dominus
1913 4403 2006 4470 Iesus
2022 4423 2083 4470 sua
2102 4406 2138 4470 in
2159 4415 2192 4470 te
2236 4423 2299 4472 ona

307 4507 374 4553 non
391 4486 547 4570 privatim
565 4485 661 4552 modo
678 4497 735 4553 ant
752 4487 862 4553 testim
879 4487 1065 4571 suggillare,
1083 4487 1140 4553 sed
1151 4487 1278 4570 publiea
1329 4489 1515 4566 confirmet,
1542 4495 1662 4572 augeat
1688 4493 1722 4554 et
1745 4499 1941 4570 promoveat.
1985 4491 2104 4556 Amen.
2150 4489 2235 4558 Vale
2264 4491 2299 4554 in
2412 4549 2413 4560 ,

311 4661 513 4670 -..—-——--

412 4775 442 4839 3)
460 4775 539 4830 Irtter
555 4775 614 4830 ulia
629 4777 741 4831 Berssae
762 4777 884 4832 ιιιιιίιινί
898 4775 1001 4844 pause,
1020 4794 1039 4830 a
1056 4791 1172 4845 porum
1187 4777 1277 4844 pani·
1432 4775 1462 4842 5)
1481 4777 1604 4846 Germ,
1630 4775 1663 4831 V.
1682 4775 1719 4831 D.
1738 4777 1782 4833 M.
1800 4777 1949 4833 Barneasis
1966 4779 2119 4835 ararim
2135 4780 2299 4849 disetple'sue

309 4843 361 4899 bue
378 4844 510 4899 Sauone
526 4859 583 4899 aon
605 4845 713 4899 altem
729 4851 803 4913 eat,
827 4846 860 4900 de
882 4846 1041 4900 moeream
1063 4846 1279 4900 mmm
1330 4846 1548 4917 hyperaspistes,
1572 4847 1606 4900 de
1627 4847 1707 4900 eatae
1728 4861 1850 4902 aarum
1866 4847 1892 4902 d.
1913 4847 1953 4902 11.
1975 4847 2031 4903 Oet.
2050 4849 2117 4904 1543
2134 4855 2231 4904 eom
2249 4849 2298 4904 od·

194 4974 196 4977 ,
309 4913 395 4968 tionis
411 4919 437 4966 et
453 4913 599 4967 ministerii
621 4913 756 4982 dipaiwte
771 4914 883 4982 saepius
904 4913 987 4969 uerba
1008 4915 1140 4982 fasianus
1161 4914 1279 4983 papisti·
1330 4916 1468 4970 ιιιιαιιοι
1485 4915 1678 4970 ιιιοῑιιιιίιιιηιο
1695 4913 1936 4984 ιΗιιιιᾶιιλῳιιι
1951 4933 1978 4986 ρ.
1989 4917 2047 4970 181.
2073 4915 2186 4985 (Mitt
2201 4935 2232 4972 ιι.
2244 4921 2298 4998 11.)

311 4996 372 5036 rem
388 4981 510 5050 aliquam
526 4981 710 5062 bierafebiem
724 4983 886 5066 insumere
900 4983 966 5065 pelte
983 4983 1172 5038 eredebesstur.
1264 5052 1270 5064 Ι
1363 5053 1369 5066 ι
1433 4986 1462 5052 t>
1479 4985 1566 5066 deesse
1583 4984 1714 5037 articulm
1730 4983 1820 5039 eudem
1837 5001 1872 5039 ιιι.
1889 4983 2001 5040 Oneon
2018 4986 2151 5042 Νοοωιιι·
2166 5005 2185 5042 a
2200 4988 2297 5040 ιιιὶιιι-

413 5051 443 5108 tt
461 5050 625 5132 napum,
643 5052 1140 5136 mmmdesetplmeesequeqaam
1156 5057 1278 5133 pqtroaq
1331 5057 1383 5108 tm
1396 5059 1554 5122 properator
1570 5051 1689 5134 bebrua
1711 5095 1715 5105 .
1734 5051 1845 5108 Ructat
1864 5053 1896 5108 V.
1914 5053 1974 5108 aab.

312 5119 1280 5196 mamendalonampnmemedstsssmtltmalbtt
1435 5122 1623 5200 napaeas
1758 5121 2299 5201 pouse.28.loa.reuerepefeeteae.

313 5200 346 5238 ιιι
361 5184 409 5250 sol.
425 5191 451 5240 et
466 5193 568 5256 postea.
1433 5189 1463 5256 8)
1480 5189 1610 5259 Sapplsee
1627 5190 1813 5246 ubertatum
1831 5191 1869 5247 ad
1885 5191 2034 5248 caeam.
