4898 5970
162 307 222 370 737

159 492 228 578 quil
250 514 270 558 a
292 493 354 556 mis
376 510 417 556 en
439 511 528 568 vous,
550 493 666 574 iusque
687 513 707 556 s
727 511 763 558 ee
780 491 848 574 quil
866 513 948 558 rous
970 495 1016 558 nit
1033 514 1129 558 mene

160 576 402 748 doliolirgnim
429 577 605 660 perfeetien
632 576 672 642 de
700 597 752 642 ses
779 577 904 644 enfans.
954 579 1001 646 (le
1021 578 1127 662 xxiiij.

360 799 481 866 Vostre
502 799 679 899 serviteur,
707 797 841 864 humble
862 799 947 864 frere
969 809 1002 864 et
1024 812 1129 864 entrer

405 907 480 972 emy
503 906 522 950 s
546 905 668 962 ramere,

729 1003 865 1070 Ohsrles
888 1003 1084 1086 Desperille.

604 1447 679 1517 563.

273 1585 448 1650 CALVIN
470 1585 500 1650 A
523 1584 726 1650 MtDAMu
747 1583 811 1650 Dlll
833 1583 1013 1650 FALAIS.

246 1755 366 1822 Me‘mee
385 1757 488 1838 sujete.

161 1927 295 1998 (espen
313 1901 487 1996 ansegilus.
522 1926 590 1980 sier.
609 1925 642 1978 ue
661 1925 777 1979 seneve.
813 1925 874 1980 vor.
897 1925 945 1978 194
970 1926 1016 1978 uu.
1038 1924 1076 1980 re.
1097 1957 1128 1966 -

236 1997 285 2050 ne.
304 1995 338 2048 ue
357 1993 466 2066 1uep.
484 1993 526 2048 es.
562 1994 671 2048 nerim
688 1995 719 2048 u.
739 1995 761 2050 L
782 1991 830 2046 roe
848 1995 918 2063 angl.
937 1969 958 2048 l.
975 1993 1050 2060 roe.)

160 2183 447 2254 AMedsmeiselle
469 2193 501 2249 et
522 2184 629 2248 bonne
650 2203 734 2261 seur,
758 2181 1003 2248 Madameiselle
1025 2183 1128 2248 Kete-

517 2270 587 2334 rino
609 2269 639 2334 le
661 2269 777 2334 Frsno.

244 2405 490 2473 Madameiselle
507 2413 540 2470 et
562 2405 636 2470 bien
655 2425 770 2488 symes
792 2427 877 2482 seur,
900 2406 1047 2471 eombien
1067 2425 1128 2487 que

160 2495 280 2560 isurois
302 2515 349 2557 un
370 2492 458 2557 dosir
478 2491 637 2574 singulior
658 2489 698 2555 de
721 2512 801 2556 vous
822 2492 904 2568 voir,
933 2500 966 2553 et
987 2490 1053 2572 quil
1077 2513 1129 2556 me

161 2581 230 2646 luce
252 2581 327 2645 bien
349 2579 414 2642 mel
443 2577 549 2641 destro
572 2579 693 2641 frustre
722 2575 762 2641 de
784 2577 969 2658 lesperence
990 2597 1052 2657 que
1074 2576 1129 2640 ion

160 2687 264 2750 cvoye
285 2685 414 2740 ceuceu,
438 2663 589 2727 toutefois
610 2662 640 2726 ie
662 2683 738 2726 rens
758 2681 871 2745 greces
893 2683 913 2725 e
934 2673 1045 2726 nostre
1067 2663 1129 2725 sei·

160 2773 265 2837 gneur
293 2750 333 2816 dc
360 2751 545 2814 louverture
572 2747 641 2830 quil
667 2769 749 2812 vous
776 2767 796 2810 u
823 2748 932 2824 felete,
961 2767 1025 2828 que
1052 2767 1129 2812 sens

159 2859 241 2904 rous
269 2835 443 2920 eslengner
471 2833 528 2898 dos
558 2845 692 2910 vestres,
709 2835 732 2908 ¹)
767 2833 791 2896 il
820 2853 902 2897 vens
929 2843 980 2896 est
1008 2837 1129 2914 permis

161 2923 201 2988 de
225 2921 353 2988 ledorer
377 2943 417 2984 en
446 2941 527 3004 pure
552 2919 755 2995 conscience,
785 2927 817 2982 et
843 2917 920 2982 hors
944 2917 1000 2982 des
1024 2918 1128 3000 pollu-

162 3011 247 3074 tions
270 3007 310 3072 de
330 3005 492 3071 lidolotrie
514 3026 555 3069 en
585 3005 721 3086 laquelle
744 3024 826 3068 rous
850 3023 926 3068 sven
955 3013 1023 3068 este
1053 3023 1128 3086 eop-

162 3095 238 3161 tive.
285 3093 314 3156 Il
345 3114 367 3176 y
389 3112 408 3155 a
429 3091 546 3156 lcultre
576 3088 779 3156 benedietion
806 3110 867 3171 que
889 3109 971 3154 vous
993 3110 1128 3171 pourrez

161 3179 288 3246 dresser
308 3179 410 3242 fermo
432 3176 555 3260 deglise
576 3197 660 3258 pour
681 3176 868 3257 linvocquer
889 3196 930 3239 en
952 3175 1129 3240 assemblce

161 3265 385 3341 Chrestienne‚
414 3275 500 3328 estre
521 3261 670 3327 consoles
691 3283 750 3344 per
771 3281 808 3325 su
829 3261 953 3342 parole,
982 3270 1015 3325 et
1040 3282 1129 3328 rece·

160 3353 232 3416 roir
242 3349 276 3416 1ο
286 3351 408 3416 seinete
420 3370 497 3414 eene
515 3369 596 3430 pour
614 3347 707 3432 guigo
729 3347 769 3412 de
791 3368 827 3412 se
849 3345 986 3426 bonte‚'²)
1010 3347 1131 3411 foisent

161 3437 248 3502 aussi
271 3457 330 3518 per
351 3435 444 3500 icelle
474 3433 689 3516 protestation
716 3433 756 3498 de
785 3440 897 3498 vostre
919 3433 981 3518 loy.
1026 3432 1129 3496 Daul-

160 3529 232 3588 tsnt
254 3543 317 3604 que
339 3541 421 3585 vous
438 3519 528 3584 eries
545 3520 651 3584 moins
669 3517 803 3584 ettendu
822 3539 886 3582 une
904 3517 980 3582 telle
1002 3518 1128 3595 luculte,

160 3629 257 3674 vous·
271 3628 349 3672 even
373 3605 520 3670 occasion
550 3601 590 3669 de
612 3627 692 3672 vous
711 3625 754 3668 en
776 3603 921 3678 resiouir,
945 3611 1048 3685 quant
1067 3602 1129 3667 elle

160 3715 241 3760 vous
261 3700 313 3758 est
329 3691 466 3756 donnes.

245 3777 376 3860 Iespsre
396 3797 460 3858 que
485 3775 628 3840 lhemme
657 3797 718 3858 que
746 3795 827 3840 nous
855 3796 937 3839 vous
964 3775 1129 3852 envoions,

159 3863 190 3929 le
212 3865 365 3946 seigneur
387 3861 495 3928 Dauid
517 3871 549 3925 et
570 3882 656 3946 moy,
679 3883 753 3926 sere
774 3859 864 3924 selon
887 3872 998 3926 vostre
1019 3879 1126 3924 eueur.

160 3949 226 4016 (lar
248 3957 320 4013 tent
341 3969 383 4012 en
405 3946 551 4012 doctrine
579 3967 664 4028 quen
693 3967 803 4011 meurs
831 3945 855 4009 il
885 3967 905 4010 ο
932 3967 998 4011 une
1027 3966 1129 4028 vreye

159 4035 332 4119 simplicite
354 4033 579 4098 Chrestienne.

244 4122 300 4185 An
321 4129 421 4194 reste,
449 4139 485 4183 ee
507 4116 669 4200 pendant,
699 4116 729 4180 le
752 4115 839 4182 desir
860 4137 912 4180 me
938 4115 1129 4180 demeurore

160 4205 200 4271 de
229 4207 314 4270 ieuir
341 4203 480 4288 quelque
516 4202 576 4267 leis
604 4201 643 4266 de
672 4211 780 4266 vostre
814 4223 967 4283 presence
995 4211 1029 4265 et
1063 4224 1127 4266 nen

159 4291 297 4375 perdere
337 4291 429 4372 point
451 4289 577 4371 lespoir.
612 4287 732 4352 Maisil
754 4308 854 4370 yaee
879 4285 948 4351 bien
974 4299 1127 4369 questsns

160 4378 277 4443 sbseus
297 4313 347 4440 les
369 4395 431 4438 uns
454 4375 511 4440 des
533 4373 654 4437 cultros
677 4395 757 4437 nous
777 4393 819 4435 ne
842 4373 1014 4437 luisserons
1036 4373 1128 4454 point

159 4461 199 4528 de
221 4484 304 4527 neus
326 4459 490 4526 entrevoir
511 4481 553 4524 on
575 4458 704 4542 esperit,
727 4467 838 4522 estens
860 4459 936 4522 unis
957 4480 998 4522 on
1020 4457 1128 4541 celluy

158 4547 215 4632 qui
236 4547 397 4614 oonieinot
418 4545 464 4610 les
485 4545 600 4612 choses
622 4545 820 4627 eslongnees.
863 4545 991 4608 Peuree
1012 4563 1074 4626 que
1096 4543 1127 4607 le

158 4643 292 4718 porteur
321 4633 446 4698 servire
479 4631 518 4695 ds
551 4631 662 4696 lettres
695 4652 735 4694 en
763 4629 884 4714 pertis,
916 4629 947 4693 ic
975 4650 1016 4694 nc
1045 4649 1128 4695 vous

158 4718 330 4802 fuschersy
352 4715 393 4782 de
414 4717 487 4800 plus
506 4716 585 4800 long
606 4737 731 4800 propos.
765 4715 811 4780 Et
832 4714 925 4792 ainsi,
947 4713 1127 4779 Medemoi·

162 4859 361 4868 -n-a-o———ffl--n

176 4937 241 5000 568.
261 4938 288 5006 1)
308 4937 427 5007 D’epris
443 4937 471 4992 le
486 4937 527 5004 fio
550 4936 583 4991 de
601 4937 628 4991 le
650 4937 726 4991 lettre
748 4953 783 4991 on
806 4940 846 4990 est
859 4932 991 5004 peut-im
1008 4931 1129 4989 seruiet

160 5007 330 5076 drupposer
352 5023 403 5078 que
428 5005 516 5059 Mau·-
540 5008 574 5060 de
598 5006 696 5062 Feler's
716 5004 783 5060 lecit
803 5006 1025 5074 prouisoirement
1045 4999 1129 5057 resre'e

160 5091 193 5132 eo
210 5075 291 5146 Belpr‘
342 5116 349 5128 .
387 5075 543 5144 dependent
566 5073 622 5130 ecla
645 5089 678 5127 ee
702 5073 892 5130 s’eocerderust
913 5073 1082 5152 petrocum
1105 5073 1128 5126 le

159 5146 213 5214 fr
229 5091 630 5281 elideretur
647 5141 1071 5279 tererem...

350 5231 445 5267 sse
515 5231 521 5264 ι
617 5251 622 5260 .
674 5235 687 5264 t
846 5245 853 5265 .
1020 5249 1027 5264 .

262 5297 374 5354 Ouler'ni
389 5315 482 5368 opero.
521 5295 579 5351 Vol.
596 5295 651 5351 xl.

980 309 1061 372 1544
1083 304 1309 374 ΙΠΝ.-ΙΠ[ι.

2087 311 2151 380 738

1179 491 1257 556 selle
1279 499 1313 556 et
1334 497 1516 577 tresuymee
1538 515 1628 574 seur,
1658 514 1753 576 apres
1779 503 1902 562 mestre
1923 495 2151 566 humblement

1179 575 1406 644 recommendo
1442 599 1462 642 e
1494 587 1603 644 vostre
1639 577 1746 645 bonne
1777 601 1983 648 seuvensnee
2015 605 2057 648 en
2089 605 2149 653 von

1179 662 1311 744 priores,
1335 663 1365 727 ie
1386 664 1524 748 supplye
1542 663 1571 728 le
1589 685 1666 747 pere
1684 666 1723 730 de
1741 675 1829 732 toute
1847 667 2054 734 misericorde
2077 669 2149 736 dos-

1083 801 1089 814 .
1179 747 1281 832 lsrgir
1303 745 1342 814 de
1364 747 1437 830 plus
1457 771 1498 814 en
1521 749 1594 831 plus
1616 772 1652 816 se
1674 752 1761 816 main
1790 774 1871 835 pour
1898 774 1978 819 rous
2006 751 2150 838 depertir

1181 833 1220 898 de
1248 855 1299 899 ses
1330 855 1458 916 greces,
1492 835 1611 900 faisant
1638 857 1700 919 que
1729 858 1809 903 vens
1837 839 2018 904 continuien
2041 839 2149 904 destre

1180 941 1225 983 nn
1246 919 1445 984 instrument
1473 920 1562 984 esleu
1591 921 1630 986 ds
1659 944 1695 988 se
1717 923 1820 1005 gleire
1841 924 1954 1006 iusque
1977 947 2018 988 en
2039 923 2071 988 lu
2092 927 2147 991 lin.

1266 1005 1302 1070 Ie
1325 1026 1366 1069 ne
1388 1025 1466 1088 scay
1494 1027 1551 1088 pes
1580 1005 1612 1072 le
1638 1010 1842 1092 eempeignie
1870 1009 1926 1091 qui
1947 1017 1998 1075 est
2018 1031 2150 1093 presen-

1181 1097 1305 1154 tement
1331 1111 1410 1156 eveo
1438 1113 1527 1156 vous.
1572 1092 1659 1160 Meis
1683 1094 1712 1158 si
1739 1117 1821 1160 ceux
1851 1115 1914 1176 quc
1941 1094 1971 1160 le
1999 1097 2151 1180 seigneur

1181 1174 1291 1240 Dauid
1307 1197 1330 1258 y
1349 1175 1445 1240 leisss
1462 1198 1540 1242 eveo
1558 1177 1664 1262 celluy
1681 1199 1768 1262 quon
1786 1179 1946 1244 ottendoit
1963 1203 1985 1266 y
2002 1183 2149 1262 estoient,

1180 1260 1211 1323 ie
1234 1259 1397 1325 seuhuisre
1420 1261 1526 1328 destro
1548 1263 1773 1330 recommendo
1796 1265 1904 1330 elour
1922 1266 2026 1332 bonne
2044 1287 2150 1350 grace,

1181 1345 1310 1409 eultent
1331 1347 1617 1412 effoetueusement
1640 1349 1708 1432 quil
1731 1359 1780 1414 est
1801 1351 1949 1434 possible.
1994 1351 2068 1416 Non
2091 1374 2150 1435 pes

1180 1453 1242 1513 que
1264 1433 1294 1495 ie
1316 1453 1396 1496 vous
1421 1433 1539 1498 vueille
1570 1434 1695 1499 donner
1722 1446 1809 1500 ceste
1836 1437 1946 1518 peine,
1976 1439 2058 1502 meis
2086 1459 2151 1503 oux

1180 1537 1319 1581 mesmes
1337 1527 1497 1600 pourront
1514 1518 1588 1584 bien
1607 1521 1754 1586 receuoir
1770 1521 1817 1586 les
1835 1521 2150 1588 recommendatione

1181 1624 1242 1684 que
1272 1603 1301 1666 ie
1329 1604 1436 1668 desire
1463 1603 1535 1668 lenr
1562 1619 1648 1669 estre
1678 1616 1854 1688 presentes.
1905 1607 1957 1671 De
1984 1607 2097 1674 rechel
2119 1609 2150 1674 ie

1180 1708 1263 1770 prye
1282 1697 1392 1753 nostre
1410 1690 1561 1773 seigneur
1572 1690 1613 1755 de
1630 1713 1710 1756 vous
1721 1691 1836 1774 guider
1848 1693 2007 1760 tousieurs
2024 1713 2150 1760 comme

1180 1773 1204 1835 il
1226 1773 1341 1839 eiciet
1362 1775 1476 1858 iusque
1494 1777 1555 1860 icy.
1600 1775 1647 1842 (le
1669 1778 1771 1862 xxiiij.
1794 1777 1833 1842 de
1855 1777 1961 1862 Iuing.

1266 1909 1386 1975 Vostre
1407 1912 1568 1978 serviteur
1590 1921 1623 1978 et
1645 1911 1777 1978 hunibls
1799 1915 1883 1980 frere
1905 1937 1925 1979 s
1946 1916 2094 1980 inmmeis

1772 2033 1910 2100 Cherles
1933 2033 2128 2118 Despeville.

1633 2543 1708 2614 574.

1430 2693 1662 2762 OALVINUS
1685 2695 1902 2764 STURMIO.

1266 2862 1356 2929 Bello
1377 2865 1519 2944 instante,
1542 2865 1619 2944 quid
1639 2867 1837 2947 sperandum,
1860 2869 1937 2949 quid
1958 2871 2152 2936 induendum

1179 2950 1223 3014 sit
1239 2949 1317 3032 pile,
1341 2950 1473 3032 omdipit.
1518 2949 1695 3014 Dummodo
1724 2972 1850 3016 eaerum
1871 2955 2028 3020 amicitiae
2049 2955 2152 3021 eiueu¹

1180 3035 1246 3099 lum
1264 3055 1326 3099 non
1346 3037 1496 3114 solvetur,
1519 3040 1639 3100 caetere
1660 3035 1727 3100 Deo
1741 3039 1959 3118 permittenda.

1183 3206 1237 3270 (Ex
1256 3205 1423 3274 autographo
1441 3205 1504 3258 eod.
1522 3203 1624 3260 Gener.
1642 3203 1712 3258 107¹.
1736 3206 1780 3260 rol.
1799 3205 1857 3262 306.
1881 3233 1914 3245 —
1938 3207 2052 3276 Legitur
2069 3210 2151 3264 stium

1181 3275 1209 3328 in
1227 3274 1291 3328 eod.
1309 3272 1366 3339 108,
1385 3275 1430 3327 iel.
1452 3272 1502 3327 166
1520 3275 1548 3328 in
1567 3275 1736 3408 Eqpolllgqn)
1747 3275 1811 3329 .v11.
1830 3293 1855 3344 p.
1876 3273 1910 3330 26
1933 3283 1961 3329 et
1984 3294 2024 3346 sp.
2045 3277 2150 3334 Simler.

1556 3531 1596 3596 D.
1620 3528 1777 3597 Stnrmio.

1268 3665 1306 3731 Si
1327 3687 1426 3733 verus
1448 3677 1498 3733 eet
1515 3689 1627 3732 rumor
1648 3669 1703 3750 qni
1721 3675 1854 3749 repente
1876 3667 1960 3750 apud
1983 3691 2042 3735 nos
2060 3692 2151 3754 spor-

1181 3775 1236 3818 sus
1259 3761 1317 3830 est,
1340 3773 1404 3816 non
1419 3753 1530 3836 procul
1551 3754 1616 3816 ium
1639 3753 1679 3818 ab
1694 3775 1860 3817 armorum
1883 3755 2021 3838 strepitu
2038 3757 2151 3822 abesse

1182 3860 1238 3903 vos
1261 3847 1396 3921 eportet.
1412 3841 1437 3922 ¹)
1480 3839 1616 3904 Utinam
1645 3849 1775 3922 saperet
1805 3839 1953 3904 mundus.
2002 3841 2087 3905 Nem
2109 3841 2151 3907 ud

1181 3945 1293 4006 pacem
1318 3921 1376 3988 sub
1399 3923 1462 3988 Del
1484 3923 1636 4006 auspiciis
1658 3923 1825 3989 colendam
1847 3923 1972 4006 pridem
1990 3929 2150 3992 assuefec-

1181 4023 1233 4074 tns
1252 4009 1341 4074 leret.
1385 4007 1452 4074 Sed
1470 4010 1546 4092 quie
1568 4007 1683 4073 bonem
1702 4017 1826 4092 purtem
1850 4007 1970 4074 bellum
1993 4031 2066 4076 eum
2078 4011 2150 4078 Deo

1181 4095 1278 4160 nimis
1300 4093 1447 4174 delectet,
1476 4095 1532 4176 qui
1554 4095 1640 4177 peeis
1663 4096 1768 4159 autori
1797 4095 1922 4177 pleeide
1949 4117 1984 4160 se
2012 4099 2149 4162 submit-

1180 4191 1248 4244 tere
1269 4189 1435 4258 reeusunt,
1465 4201 1577 4245 omnes
1605 4181 1691 4244 inter
1718 4203 1753 4244 so
1779 4181 2009 4246 tumultuando
2032 4183 2149 4248 misere

1179 4266 1293 4331 confici
1316 4287 1454 4348 aequum
1477 4275 1534 4330 est
1578 4265 1669 4330 Haeo
1687 4266 1812 4344 saltem,
1836 4265 1927 4330 utin
1946 4267 2051 4345 melis,
2073 4289 2150 4334 con-

1179 4351 1293 4416 solatio
1314 4353 1427 4416 iuvere
1450 4373 1509 4415 nos
1533 4349 1635 4428 debet,
1658 4349 1744 4432 quod
1761 4351 1941 4416 turbulenti
1962 4352 2017 4417 isti
2039 4361 2149 4420 motus

1179 4438 1303 4520 aliquos
1335 4437 1488 4502 eeclesiae
1518 4435 1583 4502 Dei
1614 4435 1763 4501 inducias
1796 4438 1941 4502 efferent
1994 4439 2149 4506 Antiochi

1180 4523 1324 4605 potentie
1355 4521 1565 4588 froenebitur.
1619 4521 1750 4590 Pherae
1784 4523 1911 4588 vicinus
1944 4533 2053 4590 noster
2084 4525 2148 4592 alio

1179 4608 1339 4674 violentes
1361 4629 1436 4674 suos
1463 4609 1822 4690 impetus-convertens
1850 4607 1971 4690 uliqnid
2001 4609 2085 4674 forts
2107 4609 2148 4676 de

1179 4694 1335 4758 intestine
1357 4693 1496 4758 saevitis
1513 4693 1665 4758 remittet.
1708 4693 1866 4758 Nonnihil
1885 4695 1984 4760 etiem
2002 4695 2148 4780 mitigeri

1196 4931 1261 4992 564.
1281 4931 1309 4990 ll
1329 4931 1486 4986 Columnis
1502 4933 1623 4986 emnium
1640 4931 1734 5054 oqohrr'e
1751 4939 1811 4986 eret
1828 4931 1923 4986 bellem
1940 4932 1971 4984 ie
1987 4933 2052 5001 ipsu
2062 4931 2146 4994 Alu-

1178 5001 1219 5054 lie
1235 5005 1339 5069 erstem
1356 5002 1403 5055 ἰή.
1511 5001 1641 5054 decem
1695 4999 1982 5069 eipsomecselunic
2041 5003 2147 5070 'wpue

1178 5069 1420 5137 Areerrteretensis
1470 5070 1590 5123 ennium
1612 5069 1651 5123 ud
1667 5067 1766 5137 Βιροπι
1789 5071 1863 5124 misit
1884 5075 1916 5122 ut
1932 5070 1983 5124 leco
2018 5071 2146 5126 serim

1179 5143 1319 5193 averem.
1350 5139 1383 5194 V.
1401 5139 1519 5194 seems
1535 5153 1578 5206 ep.
1597 5137 1878 5194 edMelenelrtlrenem
1897 5138 1922 5194 d.
1943 5141 1983 5194 ll.
2002 5139 2057 5194 Iul.
2067 5137 2145 5196 1544.

1179 5205 1262 5276 Oorp.
1281 5206 1344 5274 Res.
1364 5207 1397 5263 V.
1415 5207 1473 5262 442.
