4910 5974
291 279 351 342 tel
1062 267 1323 338 EPISTOLAE
1343 275 1513 337 alt—420
2223 276 2289 337 432

293 463 427 548 Optimo
453 469 549 544 atque
578 461 661 525 mihi
689 459 885 526 amioiesimo
912 462 1005 526 fratri
1028 461 1127 524 Petro
1148 460 1263 524 Vireto
1313 459 1350 523 in
1377 459 1463 525 hano
1490 459 1732 524 eontentionem
1754 459 1959 538 deseendere,
1986 460 2116 543 qnando
2138 460 2283 528 modesto

363 545 609 614 Lausannensis
631 545 786 612 eoelesiae
806 547 930 628 pastori
950 545 1149 610 fidelissimo.
1167 549 1192 617 ¹)
1314 545 1468 628 oivilique
1489 565 1644 627 responso
1672 543 1836 610 declinare
1863 543 1952 610 huno
1974 546 2144 630 soopnlum
2166 548 2283 613 fratm

1314 639 1483 714 poterunt,
1513 632 1541 694 si
1569 629 1678 696 dioent
1698 631 1855 697 maiorem
1877 650 1948 696 esse
1976 651 2109 698 oausam
2130 651 2226 715 quam
2248 639 2284 697 nt

377 718 514 784 Utinam
535 716 616 781 mihi
646 717 711 781 iam
739 716 884 782 redditae
912 725 1022 782 essent
1043 725 1120 781 tuae
1148 715 1263 779 literae
1313 715 1507 782 inconsultis
1525 716 1593 781 suis
1614 716 1747 800 collegis
1765 716 1887 798 aliquid
1909 717 2075 800 reeipiant
2109 716 2284 783 Habebunt

292 823 372 888 quas
404 803 439 867 in
470 803 588 867 itinere
619 823 690 868 esse
718 823 784 868 non
812 801 931 867 dubito.
978 802 1062 866 Nam
1091 802 1150 866 etsi
1178 801 1263 865 nihil
1315 809 1425 867 autem
1454 801 1617 884 epeoiosos
1645 810 1680 865 et
1711 801 1908 867 favorabiles
1936 809 2137 884 praetextus,
2171 803 2283 886 quibus

293 889 370 954 laeti
386 888 421 952 in
440 887 506 952 illis
523 897 684 971 exspecto,
707 897 818 952 tamen
836 887 897 952 hoo
918 889 1026 969 ipsum
1044 886 1193 952 nonnihil
1210 907 1263 950 me
1314 888 1440 952 senatui
1455 889 1483 970 ⁷)
1506 887 1714 952 satisfaciant.
1751 887 1839 952 Illud
1862 907 1989 970 quoque
2011 888 2281 970 praetereundum

292 976 422 1039 iuvaret
448 972 571 1055 aliquid
597 975 677 1038 oerti
704 991 897 1056 cognossem
926 973 966 1037 de
994 981 1081 1038 statu
1109 972 1263 1038 ecelesiae
1314 979 1461 1050 nonest,
1490 979 1529 1036 ut
1555 972 1612 1037 ubi
1638 973 1756 1037 bonam
1778 993 1910 1038 oausam
1933 993 2004 1038 esee
2025 973 2179 1053 viderint,
2208 973 2283 1040 illue

293 1060 483 1125 Bemensis.
498 1061 527 1140 2)
569 1059 668 1125 Nune
694 1059 834 1125 seribere
864 1077 961 1142 oogor
982 1057 1022 1122 de
1045 1079 1081 1122 re
1101 1058 1183 1122 mihi
1212 1059 1262 1121 in·
1315 1059 1399 1124 serio
1421 1079 1456 1123 ee
1478 1058 1657 1141 applieent,
1687 1079 1729 1123 ne
1762 1057 1842 1122 dum
1870 1058 1969 1122 medii
1997 1079 2068 1124 esse
2090 1059 2209 1125 volunt
2229 1059 2283 1125 de·

293 1145 430 1229 eognita,
458 1165 519 1210 neo
541 1153 649 1208 tamen
672 1144 754 1208 mibi
776 1155 958 1227 temperare
979 1165 1060 1226 queo
1081 1143 1161 1226 quin
1183 1143 1263 1208 eori-
1315 1151 1426 1209 serent
1453 1144 1601 1210 veritatis
1629 1143 1859 1209 defensionem.
1904 1143 1979 1209 Non
2008 1143 2156 1230 intelligo
2182 1153 2221 1210 ut
2250 1166 2283 1210 se

293 1232 379 1296 bam.
430 1229 537 1294 Audio
576 1237 727 1295 erooatos
766 1231 865 1294 fuisse
897 1230 1078 1306 Bernam⁸)
1110 1229 1263 1293 classium
1315 1229 1498 1313 adiungunt
1519 1227 1561 1293 ad
1582 1230 1670 1306 vitia,
1698 1230 1751 1294 vel
1773 1230 1801 1294 si
1823 1229 1937 1293 ambae
1963 1237 2073 1312 partes
2095 1239 2230 1314 peooent
2250 1251 2283 1296 ee

294 1316 440 1381 omnium
462 1313 610 1392 deoanos,
633 1325 671 1379 ut
689 1313 822 1379 audiant
838 1313 995 1397 quidnam
1017 1313 1057 1378 de
1078 1335 1179 1380 ooena
1196 1315 1264 1378 Do·
1314 1314 1483 1398 implioent
1515 1315 1649 1380 alterius
1680 1315 1843 1380 societate.
1887 1314 1961 1380 Hoo
1989 1323 2118 1380 tentum
2147 1315 2222 1381 volo
2248 1325 2284 1381 nt

294 1402 377 1466 mini
398 1401 548 1466 statuerit
570 1409 709 1466 senatus.
723 1403 751 1475 ⁴)
794 1400 887 1465 Nihil
915 1398 1061 1465 dicturus
1082 1421 1154 1464 eum
1178 1397 1264 1482 quod
1315 1411 1423 1465 reotae
1444 1421 1607 1483 sanaeque
1629 1402 1809 1465 sententiae
1831 1400 1938 1484 palam
1961 1421 2021 1466 neo
2042 1401 2285 1468 dissimulanter

295 1496 331 1552 tu
353 1507 419 1550 non
448 1487 514 1550 iam
542 1487 621 1552 ratis
643 1505 805 1570 superque
827 1485 1020 1551 meditatum
1043 1483 1130 1568 apud
1152 1495 1184 1550 te
1204 1485 1263 1548 ba-
1316 1485 1524 1551 adheoreant.
1556 1486 1727 1551 Postremo
1749 1485 1872 1550 deoano
1889 1487 2043 1562 vestross)
2065 1505 2190 1570 expone
2208 1486 2284 1570 quid

294 1572 380 1637 beas.
425 1571 620 1655 Magnitudo
649 1579 759 1636 tamen
787 1572 859 1653 ipsa
880 1591 996 1637 naneae
1023 1579 1130 1637 taoere
1152 1591 1205 1635 me
1227 1589 1264 1634 ao
1316 1571 1356 1636 de
1377 1571 1564 1636 hominibus
1585 1571 1708 1654 ipsisl)
1731 1572 1853 1636 sentias
1875 1571 2002 1654 etquid
2023 1573 2058 1636 in
2082 1571 2150 1638 illis
2172 1571 2284 1656 depre-

295 1657 460 1741 quiesoere
492 1679 557 1722 non
594 1659 726 1740 patitur.
781 1655 857 1721 Duo
896 1658 949 1721 hio
980 1655 1156 1739 spectanda
1193 1675 1264 1720 esee
1315 1656 1483 1722 henderis:
1514 1665 1552 1721 ut
1574 1658 1654 1722 soiat
1675 1657 1792 1740 quibus
1810 1655 1908 1722 iidem
1931 1657 2051 1722 habere
2073 1679 2111 1724 ao
2133 1656 2210 1724 dare
2231 1658 2284 1723 de-

295 1741 402 1806 rides:
426 1750 546 1807 statum
566 1743 674 1824 ipsum
693 1742 891 1825 quaestionis
908 1752 942 1806 et
958 1744 1117 1807 rationem
1135 1741 1263 1824 agendi,
1315 1741 1398 1808 boat
1444 1739 1510 1808 Sed
1533 1743 1664 1825 ineptus
1691 1763 1764 1808 sum
1786 1743 1842 1824 qui
1871 1749 1938 1807 tam
1964 1743 2062 1808 anxie
2083 1751 2116 1808 te
2144 1745 2283 1809 instruo:

295 1847 378 1911 quae
405 1827 525 1910 partim
554 1849 595 1892 ex
632 1829 885 1893 oiroumstantiis
913 1827 1041 1910 pendet.
1086 1827 1137 1892 De
1167 1845 1265 1890 oense
1315 1829 1404 1910 quasi
1428 1829 1594 1893 nonsatis
1617 1829 1747 1892 sitnno
1769 1828 1869 1893 verbo
1891 1829 2021 1910 signum
2044 1827 2132 1894 dare.
2168 1829 2283 1895 Finem

295 1935 361 1979 non
388 1935 468 1995 opus
496 1923 547 1978 est
575 1923 607 1977 te
635 1934 766 1978 monere
793 1920 831 1977 ut
863 1934 936 1979 oum
964 1913 1085 1977 deoano
1113 1913 1264 1993 vestro⁶)
1315 1914 1415 1997 igitur
1435 1913 1559 1979 faoiam.

297 1998 470 2082 diligenter
491 1998 647 2063 eonforae.
681 1997 755 2064 Hoe
776 2007 884 2063 tamen
902 1998 1001 2062 velim
1023 1999 1082 2062 tibi
1104 1999 1200 2062 ourae
1221 1998 1266 2062 sit
1401 1996 1467 2079 Qui
1485 1998 1525 2084 ¹⁰)
1546 2019 1635 2064 meae
1663 1999 1775 2064 literas
1805 1998 1864 2063 tibi
1893 1997 2000 2063 reddit
2021 1999 2114 2064 visus
2134 2007 2185 2065 est
2205 2001 2284 2065 mihi

297 2083 384 2168 apud
403 2083 625 2160 emelinam,
648 2090 686 2148 ut
703 2083 790 2167 apud
806 2103 1016 2166 quosounque
1032 2084 1184 2232 loquatur
1199 2101 1265 2146 non
1315 2085 1388 2168 pius
1415 2103 1452 2149 eo
1478 2084 1614 2168 integer.
1659 2083 1822 2150 Convenit
1849 2083 1903 2150 hie
1931 2105 2005 2150 oum
2037 2083 2285 2168 pbermaoopola

297 2169 424 2234 dubitet
442 2169 502 2233 boo
524 2175 678 2234 testatum
702 2169 899 2252 relinquere:
923 2190 989 2232 non
1013 2189 1066 2232 mo
1089 2189 1107 2232 o
1130 2167 1265 2251 figurari
1316 2168 1456 2252 quodam
1477 2169 1668 2247 Viennensi,
1697 2171 1752 2252 qui
1779 2170 1852 2235 istie
1874 2169 1950 2253 egit,
1980 2169 2021 2235 de
2042 2168 2196 2236 dieeenda
2217 2171 2285 2236 eius

295 2255 330 2319 in
349 2273 450 2320 ooena
467 2255 727 2318 eommunionem
744 2273 843 2338 quam
861 2254 1110 2319 habemuseum
1122 2252 1263 2330 Ohristo,
1317 2262 1395 2320 arte.
1433 2254 1574 2319 Interfui
1596 2255 1746 2338 paetioni,
1769 2256 1845 2338 quia
1866 2264 1960 2320 erant
1981 2255 2034 2321 hio
2056 2256 2113 2338 qui
2134 2255 2286 2340 pharma-

294 2339 351 2405 sed
374 2339 473 2404 etiam
501 2337 657 2418 exhiberi,
686 2359 791 2422 neque
816 2340 917 2404 verba
945 2337 1013 2404 illie
1040 2337 1132 2404 nobis
1154 2337 1266 2403 daria
1316 2339 1463 2424 oopolem
1485 2339 1632 2406 dioerent
1659 2361 1729 2406 esse
1752 2341 1926 2406 honestum
1948 2361 1986 2406 ao
2006 2341 2145 2424 probum
2167 2342 2284 2407 virum

295 2425 439 2490 Domino
459 2423 516 2490 sed
536 2425 717 2501 veritatem,
740 2444 778 2490 eo
795 2443 865 2488 rem
883 2435 1031 2489 oonsture
1048 2443 1123 2490 eum
1140 2422 1264 2488 verbis:
1317 2423 1356 2492 si
1385 2424 1460 2490 talia
1489 2445 1554 2490 non
1583 2427 1647 2491 erit
1672 2426 1761 2492 loeus
1788 2433 1838 2492 eet
1865 2425 1972 2492 adhue
1998 2425 2287 2508 poenitentiaque

294 2509 380 2574 hano
412 2529 509 2592 porro
541 2510 801 2575 eommunionem
830 2531 898 2574 non
930 2509 1159 2593 imaginariam
1185 2529 1264 2587 esse,
1317 2511 1445 2576 invenie
1475 2510 1529 2576 bio
1561 2518 1770 2578 aeontraotu
1800 2510 1952 2580 disoedat.
1997 2511 2106 2576 Velim
2128 2513 2230 2596 igitur
2250 2521 2287 2577 nt

294 2594 353 2660 sed
375 2615 440 2677 qua
459 2596 494 2659 in
513 2615 616 2662 unum
634 2615 751 2677 eorpus
768 2616 931 2678 unamque
952 2594 1168 2660 substantiam
1190 2615 1264 2660 oum
1317 2596 1449 2661 oonsilio
1478 2609 1534 2662 tuo
1561 2597 1655 2662 illum
1677 2618 1780 2682 regas,
1809 2597 2135 2680 oommendatnmque
2157 2597 2285 2664 habeas.

294 2681 400 2763 eapite
422 2691 532 2744 nostro
554 2679 780 2746 ooalesoamus.
824 2680 990 2747 Exoludut
1011 2681 1142 2745 interim
1164 2679 1266 2744 libera
1317 2681 1431 2765 Neque
1452 2683 1541 2746 enim
1561 2691 1694 2768 sumptu
1721 2695 1754 2747 te
1782 2684 1941 2766 gravabit,
1970 2689 2027 2747 ant
2047 2682 2204 2749 molestus
2225 2685 2289 2748 erit

295 2785 375 2831 vooe
397 2765 507 2829 omnia
526 2763 675 2844 absurda,
698 2765 847 2849 excipiat,
869 2775 992 2832 eareat.
1031 2765 1131 2832 Modo
1151 2765 1187 2829 in
1209 2765 1265 2829 illo
1318 2767 1425 2850 alique
1453 2767 1705 2850 importunitate.
1750 2767 1852 2846 Vale,
1882 2769 2004 2850 optime
2028 2789 2066 2834 ao
2093 2769 2287 2834 suavissime

296 2851 403 2932 eapite
430 2859 497 2916 tam
519 2851 700 2916 neeessario
728 2851 811 2916 nihil
834 2859 997 2917 extenuet.
1042 2851 1156 2934 Neque
1178 2852 1265 2916 enim
1317 2853 1426 2918 frater.
1471 2855 1633 2920 Dominae
1653 2855 1747 2920 Iesus
1767 2861 1801 2918 te
1823 2853 1939 2936 spiritu
1966 2873 2025 2918 suo
2046 2873 2113 2919 sem
2156 2861 2289 2940 tregat

296 2935 458 3018 ambiguis
483 2943 540 3000 eut
565 2934 710 3002 obsouris
737 2937 847 3003 verbis
875 2937 1043 3020 implieure
1071 2937 1148 3002 lieet
1181 2934 1265 3018 quod
1318 2957 1355 3004 ao
1382 2939 1552 3004 oonfirmet
1578 2941 1682 3024 magis
1710 2941 1887 3024 magisque.
1933 2937 2049 3005 Saluta
2069 2939 2116 3004 mi
2143 2940 2149 2954 '
2173 2959 2287 3006 omnes

295 3041 458 3087 summam
485 3021 591 3086 luoem
618 3041 656 3088 ao
677 3023 940 3106 perspieuitatem
965 3023 1105 3106 requirit.
1150 3021 1192 3086 In
1214 3043 1266 3085 ra·
1317 3023 1444 3104 fratres,
1467 3045 1612 3103 uxorem,
1635 3032 1852 3090 materteram.
1872 3025 1913 3110 ¹¹)
1947 3024 2104 3090 Generae
2125 3029 2176 3090 23.
2198 3027 2287 3110 Aug.

296 3107 385 3171 tione
456 3105 533 3170 endi
559 3106 622 3172 hoo
650 3107 832 3190 expendere
859 3115 1003 3191 oportet,
1034 3107 1129 3190 quale
1156 3127 1266 3171 exem·
1321 3113 1412 3176 1542.

294 3191 388 3276 plum
451 3191 528 3256 'turi
555 3193 625 3257 sint
645 3192 774 3272 fratres,
805 3195 832 3258 si
855 3193 1021 3259 doetrinae
1046 3192 1186 3258 iudioem
1207 3191 1266 3256 ha-
2019 3245 2026 3259 .

295 3277 394 3342 beant
423 3285 581 3355 senatum,
595 3278 624 3362 ⁶)
652 3285 689 3342 ut
717 3277 874 3361 quidquid
901 3279 1047 3344 sanxerit
1069 3277 1265 3360 amplecten-
1774 3247 1913 3314 1⁰⁸¹¹¹¹⁶⁸
1934 3245 2092 3314 ⁰³¹V¹¹¹¹¹⁸
2114 3255 2200 3314 lum·

296 3360 376 3427 dum
415 3363 564 3444 protinus
603 3363 647 3427 sit
684 3371 781 3446 atque
813 3363 999 3428 habendum
1035 3383 1093 3446 pro
1125 3362 1264 3428 oreoulo.

295 3445 403 3527 Quale
425 3469 463 3513 ao
484 3457 642 3530 qnantum
660 3448 703 3514 sit
719 3447 780 3515 hoe
797 3448 1030 3531 praeiudicium
1049 3448 1091 3513 ad
1110 3457 1263 3532 posteros.

296 3530 395 3597 Certe
415 3533 443 3598 si
464 3533 512 3596 ita
534 3533 678 3616 petimur
693 3533 788 3600 nobis
809 3535 924 3618 iugum
945 3534 1077 3617 imponi,
1099 3531 1265 3617 pmdimus
1699 3555 1903 3566 -··-·-*-

296 3625 411 3682 nostra
444 3617 701 3684 dissimulatione
733 3639 861 3685 eaerum
894 3619 1127 3696 ministerium,
1161 3639 1265 3701 neque

296 3701 383 3768 hano
404 3701 574 3784 perfidiam
599 3703 649 3768 vel
671 3723 778 3770 eoram
790 3703 863 3770 Deo
880 3705 932 3770 vel
953 3725 1063 3772 eoram
1080 3703 1265 3770 hominibus

296 3809 453 3854 exousare
482 3788 669 3870 poterimus.
713 3791 840 3854 Verum
869 3790 1004 3856 minime
1037 3810 1169 3856 neeesse
1202 3791 1266 3855 erit
1766 3790 1841 3862 418.

298 4003 499 4014 m.
1579 3943 1812 4014 OALVINUS
1837 3947 2020 4014 VIRE'PO.

315 4143 377 4204 417.
396 4145 425 4208 l)
444 4143 559 4200 Nom
586 4144 675 4200 Vireti
704 4145 825 4214 udeoqroe
856 4147 1063 4216 §sumptionem
1086 4151 1171 4202 totam
1199 4163 1264 4214 eap-
1402 4134 1515 4200 Adbuc
1536 4135 1621 4215 eupit
1640 4134 1748 4199 earlier
1772 4135 1844 4216 fieri
1863 4137 1902 4201 de
1922 4136 2238 4206 aetuBmmeaom
2260 4140 2297 4202 in

298 4213 399 4282 preeett
414 4213 498 4268 Besa.
1316 4226 1462 4288 conum
1483 4221 1676 4285 decanorum.

322 4339 326 4347 Δ
400 4283 430 4346 2)
449 4283 576 4336 eooleaiee
595 4287 701 4336 restrae
720 4281 796 4338 ΕΜ.

368 4482 374 4494 ·
401 4347 432 4482 {l
449 4349 724 4500 ffnbssgffffl-
746 4419 795 4474 Eo
817 4435 871 4489 quo
895 4419 1017 4476 habero
1033 4425 1136 4502 'autore
1159 4427 1265 4502 matro-
1317 4426 1373 4491 (lix
1400 4424 1567 4494 autographo
1585 4423 1650 4479 Ood.
1673 4425 1772 4479 Gener.
1801 4423 1856 4490 106,
1882 4425 1927 4478 fol.
1954 4423 1995 4478 81.
2030 4426 2095 4479 Alia
2120 4429 2298 4500 exemplaria

300 4497 393 4564 ufaro
415 4483 449 4538 de
472 4501 556 4542 eom
577 4487 728 4557 raaudus,
757 4488 878 4544 Senatus
902 4489 1052 4544 Beruenses
1068 4489 1266 4546 leotberamemo
1317 4499 1425 4548 emtam
1447 4493 1513 4548 ibid.
1531 4493 1595 4546 Ood.
1615 4493 1684 4546 lllt
1712 4495 1757 4547 iol.
1781 4493 1823 4548 33.
1846 4495 1997 4558 Ionrilleei,
2014 4493 2078 4548 Ood.
2099 4495 2156 4561 111,
2182 4496 2300 4551 10167.

300 4567 393 4632 respue
413 4553 539 4634 surgebat,
562 4561 588 4610 et
606 4556 749 4638 (lorum
770 4557 965 4625 messoriam
981 4559 1067 4613 edidit
1083 4561 1115 4612 in
1156 4629 1161 4640 1
1203 4559 1265 4612 ubi·
1317 4562 1461 4628 Tnmtlni,
1479 4562 1506 4614 in
1526 4562 1636 4616 Arehiv.
1648 4564 1727 4616 Bern.
1746 4563 1815 4632 app.
1834 4561 1892 4616 vn.
1930 4603 1935 4615 .
1952 4559 2005 4614 412
2022 4568 2052 4616 ot
2067 4563 2157 4616 Turio.
2177 4565 2299 4620 Simler.

300 4625 405 4702 gustate
421 4627 530 4690 rateto,
550 4623 665 4682 Galaeso
680 4625 738 4694 fere
755 4627 942 4696 adstipulatus
964 4634 1010 4681 eet.
1051 4628 1126 4696 (Fae
1149 4645 1181 4682 m
1203 4644 1264 4682 oen-
1534 4629 1703 4684 volta-
1721 4633 1834 4700 Angliee
1853 4633 1883 4684 ’1.
1903 4579 1928 4684 f
1946 4647 1972 4700 p.
1991 4629 2065 4694 322.)

299 4695 379 4770 ιιιτιαΙ
394 4705 422 4760 p.
439 4691 498 4744 218.
520 4691 651 4776 ,ΒιιιιιαιΙ
675 4695 708 4750 V.
726 4696 800 4776 ²²45)
847 4695 894 4750 Ad
919 4696 946 4750 d.
964 4696 1007 4750 21.
1030 4696 1152 4778 Augesets'
1168 4697 1266 4752 decom

300 4759 873 4888 mmm
888 4765 1016 4899 1221
1030 4765 1266 4890 emm-t
1318 4787 1517 4798 ““’”““”“““

297 4901 441 4979 memte
464 4899 602 4952 Benene
622 4903 800 4980 promadqmo
828 4903 953 4970 deinceps
975 4903 1160 4969 obaeromrdo,
1185 4909 1210 4958 et
1234 4909 1265 4958 ut
1418 4904 1447 4968 2)
1465 4904 1504 4957 illi
1522 4901 1594 4957 Edu

302 4959 421 5020 Omen
445 4981 545 5025 novam
568 4975 728 5036 erogem
769 4971 893 5040 (aare
913 4987 940 5042 p.
959 4971 1020 5029 204.
1058 4971 1265 5040 amaeam
1417 4973 1448 5034 8)
1463 4973 1542 5024 fratri
1558 4975 1653 5050 poetro
1670 4967 1744 5024 Edd.
1774 4970 1818 5024 De
1834 4985 1865 5027 eo
1880 4973 1917 5040 er.
1936 4973 1975 5028 N.
1993 4972 2053 5027 421.

297 5046 329 5100 ρ·
341 5034 431 5158 mg)
449 5121 508 5184 oum
527 5105 628 5186 deosne
646 5109 746 5158 vestro.
774 5107 831 5163 Pro
848 5109 892 5163 bie
910 5107 984 5163 ΕΜ
1003 5125 1061 5162 oum
1080 5109 1112 5162 N.
1131 5109 1264 5164 cebebant.
1329 5138 1333 5149 .
1402 5041 1449 5174 lbi
1465 5037 1661 5171 &im
1677 5038 1720 5092 vd
1753 5075 1959 5178 importunitate
1975 5125 2026 5165 om.
2044 5110 2076 5163 in
2091 5109 2153 5165 edd.

402 5170 431 5230 6)
449 5188 596 5241 prinoipem
615 5171 690 5226 ΕΜ.
1402 5177 1448 5241 11)
1467 5175 1533 5230 Deo
1550 5175 1616 5230 tneo
1628 5181 1768 5244 pomam
1784 5179 1917 5234 montale
1933 5194 1985 5236 oet
2001 5179 2062 5234 edd.
