4888 5966
168 323 229 390 333
1013 333 1091 394 1541
1116 327 1319 396 NOVEMB.
2101 343 2164 406 334

167 537 256 582 nuno
277 514 339 582 tibi
367 525 460 584 autor
481 517 542 597 sit,
569 517 654 601 quod
683 516 717 583 id
742 517 874 584 nullum
897 514 1140 584 incommodum
1163 518 1168 574 Ι
1191 537 1263 584 1111
1282 516 1414 600 1111111,
1437 538 1505 584 111
1525 518 1669 596 retinuit,
1699 519 1754 584 ubi
1775 519 1866 588 illiue
1888 521 2018 607 aliquod
2039 525 2164 592 emolu·

166 602 288 668 habere
308 600 409 681 111111,
439 615 476 668 11
496 612 571 688 post
596 605 730 670 missam
752 603 900 670 auditam
921 602 1031 684 aliqua
1052 623 1139 667 oom-
1190 611 1338 668 mentum
1367 605 1526 686 captavit;
1556 614 1590 670 et
1622 601 1679 669 ubi
1711 605 1764 670 vel
1795 608 1968 672 minimum
1996 609 2163 678 molestiae

166 687 334 756 munionis
355 689 478 772 species
499 690 731 774 subiungatur,
759 709 843 772 quae
864 707 983 754 coenae
1005 686 1139 752 Domini
1190 687 1368 770 subolfecit,
1391 711 1457 754 non
1477 690 1588 756 minus
1614 699 1745 756 strenue
1766 693 1956 758 recantavit.
2001 693 2064 760 Illa
2086 717 2163 763 con·

165 774 235 838 loco
258 774 310 840 sit.
343 771 431 840 lllud
453 795 550 857 porro
572 796 592 840 a
613 774 752 858 quadam
771 797 814 840 ex
836 774 901 839 tuis
921 771 1049 854 probari
1072 793 1138 836 non
1190 775 1324 839 scientia
1345 773 1528 859 praeditus,
1557 797 1656 858 quum
1679 775 1741 840 sibi
1763 797 1872 842 coram
1893 778 2081 848 hominibus
2103 783 2163 848 ali·

164 861 321 942 potuisse,
344 859 430 942 quod
452 861 630 940 1111111111,
653 881 695 926 ne
718 859 796 943 quid
819 860 872 925 hic
894 860 988 924 fieret
1009 879 1076 922 non
1095 879 1138 922 ex
1190 861 1283 924 cuius
1304 861 1460 939 nominis,
1491 860 1542 925 vel
1564 862 1648 928 bene
1668 861 1864 942 nummatis,
1892 867 2081 931 concionem
2103 867 2162 934 ha·

163 945 230 1010 Dei
251 947 368 1024 verbo,
396 944 482 1028 quod
508 954 622 1030 aperte
649 945 773 1012 malum
800 966 871 1011 esse
899 944 1044 1010 sentiret.
1090 944 1138 1008 ’11
1189 945 1329 1010 bendam
1351 947 1524 1029 praecepit,
1552 956 1585 1012 et
1606 946 1662 1029 qui
1683 946 1769 1031 apud
1790 949 1914 1031 ipsum,
1943 962 1980 1016 ut
2000 951 2071 1016 Deo
2093 952 2162 1036 glo-

164 1041 275 1096 autcm
304 1029 387 1096 bono
413 1031 470 1096 illc
491 1031 532 1096 N.
556 1041 668 1096 autore
695 1052 762 1097 nou
791 1041 921 1096 tautum
948 1050 1026 1113 erga
1046 1028 1138 1094 illam
1189 1031 1272 1096 riam
1301 1031 1406 1110 daret,
1435 1032 1613 1110 instarent,
1645 1033 1692 1096 111
1725 1033 1790 1100 illis
1819 1034 1948 1116 quidem
1977 1037 2162 1104 satisfacere

162 1115 297 1180 vultum
318 1128 412 1182 tuum
433 1117 632 1193 immutasse,
655 1115 713 1182 sed
734 1126 768 1180 et
788 1117 823 1180 in
846 1137 917 1180 eam
940 1116 1138 1180 sententiam
1189 1115 1323 1194 studuit,
1344 1128 1383 1180 11
1399 1117 1497 1182 simul
1515 1139 1580 1183 noc
1591 1118 1771 1201 gratuitam
1788 1139 1808 1182 a
1825 1140 1860 1184 se
1877 1119 2017 1188 locatam
2029 1143 2162 1206 operam

164 1201 347 1280 adductam,
370 1210 407 1266 ut
426 1202 562 1268 minime
583 1202 751 1268 ferendam
769 1201 860 1267 illam
877 1200 1023 1266 mulieris
1044 1215 1078 1266 et
1095 1201 1136 1264 si·
1189 1203 1268 1265 satis
1289 1201 1456 1268 indicaret.
1502 1201 1613 1284 Quum
1639 1224 1718 1268 vero
1747 1203 1835 1268 aliud
1862 1206 2027 1272 theatrum
2056 1230 2162 1275 succe-

163 1287 294 1352 milium
315 1289 539 1353 morositatem
560 1289 738 1368 existimes,
761 1308 844 1372 quae
865 1307 925 1352 sua
941 1287 1136 1368 importuni-
1189 1286 1294 1364 deret,
1323 1299 1435 1354 noster
1456 1287 1553 1354 homo
1575 1288 1618 1353 ad
1638 1287 1837 1372 palinodiam
1859 1294 2004 1374 apposite
2023 1293 2162 1361 instruo·

163 1380 232 1438 1111
264 1373 456 1440 scandalum
486 1373 626 1438 infirmis
654 1374 725 1438 sine
757 1393 856 1439 11111
887 1371 1021 1438 adferat.
1064 1372 1137 1455 Ego
1189 1381 1242 1438 tus
1264 1372 1327 1438 sibi
1355 1373 1491 1456 perinde
1518 1374 1689 1440 consuluit.
1733 1374 1845 1456 Quare
1873 1375 1912 1442 de
1940 1377 1996 1442 illo
2024 1379 2163 1446 iudicari

163 1479 241 1524 vero
264 1479 365 1541 quum
386 1460 480 1525 istius
508 1459 556 1524 rei
577 1458 644 1524 tale
665 1469 867 1524 momentum
886 1478 957 1522 esse
979 1457 1135 1534 viderem,
1189 1458 1284 1522 aliter
1305 1479 1372 1524 non
1394 1467 1513 1542 potest,
1540 1481 1639 1542 quam
1667 1459 1707 1526 de
1733 1482 1772 1526 eo
1794 1463 1846 1527 cui
1874 1463 2011 1528 verbum
2032 1463 2095 1531 Dei
2117 1467 2161 1532 sit

163 1557 200 1608 ut
222 1542 423 1610 dissimulari
445 1543 650 1610 nullomodo
672 1554 782 1626 posset
804 1541 862 1608 tibi
884 1543 983 1608 etiam
1005 1564 1044 1608 ca
1060 1563 1135 1626 pro·
1188 1564 1248 1626 pro
1269 1544 1393 1609 fabula:
1417 1551 1451 1610 et
1472 1545 1529 1627 qui
1547 1567 1685 1629 persona
1707 1546 1846 1628 quadam
1867 1549 2004 1630 parasiti
2025 1550 2160 1618 indutus

160 1630 239 1713 poni
260 1650 345 1712 quas
366 1629 462 1713 longe
484 1629 580 1696 aliter
601 1653 636 1697 se
652 1629 820 1707 haberent,
843 1627 929 1712 apud
949 1649 1003 1692 me
1025 1625 1135 1693 decre·
1187 1629 1224 1692 in
1247 1628 1413 1698 theatrum
1433 1630 1583 1714 prodeat,
1613 1639 1650 1696 ut
1672 1652 1742 1698 sese
1768 1631 1821 1698 his
1842 1633 1895 1698 vel
1915 1633 1981 1698 illis
2003 1635 2158 1704 venditet

161 1735 293 1792 veram,
322 1713 400 1798 quid
425 1717 495 1798 ipse
517 1716 688 1794 sentirem,
718 1716 744 1780 si
772 1714 851 1797 quid
879 1736 920 1780 ex
948 1713 1014 1777 Dei
1035 1713 1134 1780 verbo
1187 1715 1340 1782 Privatos
1358 1737 1464 1782 mores
1481 1738 1546 1782 non
1570 1717 1712 1800 attingo:
1736 1718 1792 1800 qui
1809 1719 1935 1783 utinam
1958 1721 2162 1788 concionato-

160 1801 299 1883 percepi,
322 1801 443 1882 scripto
465 1803 526 1866 tibi
547 1801 681 1884 aperire.
727 1799 903 1882 Quumque
930 1801 965 1864 in
987 1821 1025 1862 ea
1046 1799 1135 1882 cogi-
1187 1800 1233 1864 ris
1255 1801 1382 1866 nomini
1403 1803 1512 1867 minus
1534 1801 1620 1867 male
1642 1802 1885 1884 responderent.
1919 1803 2077 1872 Alienum
2099 1815 2159 1888 est,

160 1887 283 1952 tatione
306 1885 432 1952 defixus
454 1885 631 1965 haererem,
661 1886 920 1954 commodissime
948 1884 1029 1950 111.
1052 1885 1133 1950 mihi
1187 1887 1271 1965 scio,
1301 1886 1341 1950 ab
1369 1887 1501 1952 homins
1522 1886 1715 1967 christiano,
1747 1888 1840 1956 alteri
1862 1889 2041 1957 detrahere.
2084 1893 2159 1962 Hoc

161 1972 379 2056 significatum
407 1981 459 2038 est
487 1983 519 2038 tc
548 1972 609 2038 hoc
638 1973 746 2054 ipsum
774 1993 794 2037 a
822 1993 875 2036 me
897 1978 1067 2054 expetere,
1098 1982 1135 2035 ut
1186 1972 1214 2036 si
1236 1992 1437 2054 quaererem,
1464 1973 1563 2037 nimis
1585 1972 1719 2038 idoneas
1740 1975 1923 2041 occasiones
1944 1979 2158 2059 praetermisi.

160 2057 237 2140 quid
259 2059 352 2123 inre
373 2058 528 2141 perplexa
549 2057 607 2122 tibi
629 2055 832 2140 sequendum
853 2067 948 2132 esset,
976 2055 1078 2121 semel
1100 2064 1134 2120 et
1186 2053 1253 2122 Sed
1274 2056 1357 2122 illud
1378 2079 1431 2124 mc
1453 2069 1558 2141 urget,
1587 2058 1673 2140 quod
1695 2059 1815 2125 clamat
1835 2060 2013 2141 Dominus,
2042 2085 2084 2129 ne
2107 2063 2159 2130 lu·

159 2144 245 2208 serio
267 2143 477 2227 intelligeres.
521 2143 604 2208 Inde
625 2144 726 2227 igitur
753 2144 881 2208 animus
909 2142 1007 2207 etiam
1030 2141 1134 2208 crevit
1186 2163 1242 2224 pos
1271 2143 1447 2208 toleremus
1474 2142 1535 2208 sub
1562 2153 1731 2226 pastorum
1759 2145 1854 2212 11111
1884 2167 2015 2230 gregem
2048 2150 2158 2233 ipsum

160 2228 257 2294 huius
280 2227 368 2312 apud
395 2237 428 2294 tc
453 2229 614 2313 fungendi
641 2229 754 2304 officii,
783 2250 846 2310 quc
873 2235 910 2294 ut
936 2249 1031 2311 spero
1061 2247 1132 2292 rem
1185 2227 1403 2310 dispersurus:
1435 2227 1520 2312 quod
1547 2228 1636 2294 iubet
1667 2230 1806 2296 istorum
1839 2232 2078 2315 improbitatem
2106 2257 2158 2302 re·

159 2314 263 2396 ipsam
283 2315 332 2380 ita
351 2315 410 2380 tibi
429 2315 470 2380 ob
491 2314 601 2380 oculos
622 2335 750 2396 ponam,
771 2326 810 2378 nt
831 2313 910 2397 quid
936 2313 977 2378 de
1005 2333 1044 2378 ea
1064 2321 1132 2378 111-
1184 2314 1260 2398 tegi,
1282 2315 1338 2396 qui
1360 2315 1643 2397 praesentissimae
1665 2316 1731 2382 sint
1751 2323 1859 2398 pestes
1877 2317 1918 2382 ad
1940 2319 2044 2402 ipsius
2063 2321 2158 2386 fami-

159 2398 395 2478 tuendumsit,
424 2401 568 2466 nonita
595 2400 727 2466 difficile
754 2399 896 2482 colligas.
941 2398 1009 2464 Fac
1030 2400 1132 2482 igitur
1182 2397 1261 2464 liam
1291 2407 1324 2464 et
1348 2397 1573 2478 inficiendum,
1603 2409 1637 2466 ct
1664 2400 1873 2469 enecandam.
1923 2403 1969 2468 111
1996 2413 2106 2472 tamen
2127 2407 2156 2473 si

158 2494 317 2568 utquam
339 2484 404 2552 Dei
426 2487 551 2552 veritas
572 2487 609 2552 in
631 2485 773 2550 medium
796 2483 947 2567 prodibit,
971 2485 1017 2550 sic
1039 2485 1130 2549 illam
1183 2483 1265 2548 mihi
1299 2486 1466 2550 hominem
1493 2487 1602 2569 ipsum
1635 2487 1798 2570 appellare
1830 2489 1998 2571 integrum
2030 2490 2154 2572 fuisset,

158 2591 326 2655 agnoscas,
350 2580 387 2636 ut
407 2571 497 2636 aelus
518 2573 579 2636 iste
601 2581 680 2636 tuus
701 2580 769 2636 tam
792 2571 831 2636 ab
849 2571 938 2636 omni
960 2578 1129 2635 contuma-
1182 2569 1275 2636 illum
1298 2571 1525 2653 potiusquam
1543 2579 1575 2636 tc
1593 2572 1735 2654 primum
1754 2595 1841 2640 nune
1859 2573 1956 2640 officii
1978 2574 2155 2643 admonen-

157 2659 206 2723 eia
235 2658 329 2736 11111,
363 2677 461 2740 quam
488 2665 521 2722 te
549 2657 613 2722 Dei
642 2657 813 2722 timentem
845 2665 879 2720 et
905 2655 999 2721 verbi
1026 2655 1130 2738 ipsius
1182 2653 1259 2719 dum
1282 2655 1464 2733 duxissem,
1492 2677 1595 2739 quum
1623 2658 1703 2724 satis
1730 2659 1870 2743 rogitem
1891 2681 1990 2742 quam
2011 2661 2154 2728 irrecon-

158 2742 316 2808 auditioni
339 2751 530 2809 reverenter
552 2743 731 2810 subiectam
748 2742 831 2806 mihi
849 2741 1009 2807 hactenus
1027 2761 1129 2824 agno-
1181 2739 1321 2805 ciliabile
1338 2743 1476 2806 istorum
1498 2741 1580 2808 mihi
1602 2742 1714 2808 odium
1736 2744 1913 2810 conciliem.
1947 2745 2049 2812 Nulla
2066 2751 2155 2814 euim

158 2829 242 2894 visse
265 2827 355 2894 risus
376 2849 458 2894 sum.
503 2829 550 2892 Et
575 2829 661 2911 quod
688 2827 729 2892 ad
751 2827 826 2892 illas
852 2827 1035 2892 occasiones
1058 2829 1128 2908 qui·
1181 2825 1242 2891 hoc
1262 2833 1406 2909 tempore
1428 2827 1511 2892 mihi
1528 2827 1673 2894 acerbior
1694 2839 1744 2894 est
1765 2832 1937 2910 contentio,
1959 2853 2058 2914 quam
2080 2854 2155 2902 cum

156 2914 217 2980 bus
237 2914 362 2979 iactum
382 2919 447 2992 est,
478 2923 516 2978 ut
536 2935 649 2980 rumor
669 2915 731 2978 istc
752 2913 896 2994 primum
918 2911 959 2978 ad
981 2933 1034 2976 me
1055 2933 1129 2995 per·
1180 2911 1373 2992 istiusmodi,
1396 2913 1451 2995 qui
1469 2913 1529 2978 sub
1547 2914 1710 2997 evangelii
1727 2917 1858 2981 nomine
1875 2917 2062 3000 principum
2084 2921 2155 2984 ani·

156 2999 298 3078 veniret,
326 2998 395 3064 noli
416 2999 452 3064 in
474 2999 540 3064 illis
562 2997 772 3083 exquirendis
794 2999 945 3078 haerere,
973 3018 1074 3080 quum
1095 3005 1130 3062 et
1181 3017 1252 3062 mos
1273 2998 1432 3064 fermento
1453 3019 1512 3064 suo
1529 2997 1716 3082 illaqueant,
1738 3011 1835 3083 atque
1852 3001 1926 3067 illos
1944 3003 2012 3069 suis
2029 3003 2155 3072 artibus

156 3087 211 3167 qui
233 3084 293 3150 illa
313 3083 512 3163 referebant,
541 3105 608 3150 non
635 3091 790 3178 11111111
818 3095 850 3148 te
876 3103 896 3146 1
916 3104 970 3148 me
991 3083 1129 3148 istorum
1182 3089 1214 3148 et
1235 3082 1319 3148 dolis
1340 3104 1469 3167 semper
1490 3085 1581 3166 quasi
1608 3105 1651 3148 ex
1677 3085 1805 3151 nebulis
1832 3107 2007 3168 suspensos
2029 3095 2155 3170 tenent,

155 3169 394 3236 admonendam
414 3192 557 3254 unquam
584 3192 670 3249 esse,
699 3190 759 3253 ego
778 3190 857 3235 vero
878 3169 1001 3234 1111111
1022 3168 1129 3251 perire
1181 3190 1286 3252 neque
1312 3191 1457 3252 unquam
1491 3167 1532 3234 ad
1559 3189 1671 3235 veram
1702 3169 1785 3236 lucis
1816 3171 2004 3236 1111111111
2037 3173 2155 3241 adduci

154 3256 277 3334 malim,
299 3277 398 3339 quam
419 3265 457 3322 ut
477 3255 576 3322 ullius
593 3255 741 3321 mortalis
758 3255 864 3339 gratia
879 3255 935 3320 vel
951 3255 1129 3336 occasione,
1180 3255 1352 3320 sustinent.
1396 3253 1486 3336 Quid
1505 3255 1607 3339 igitur
1626 3257 1766 3321 facerem
1788 3277 1863 3321 cum
1884 3256 1958 3336 illis,
1986 3278 2066 3341 quos
2087 3259 2154 3326 Dei

154 3342 222 3407 Dei
243 3341 378 3408 verbum
398 3343 564 3408 inflexisse
586 3351 645 3406 aut
662 3341 835 3424 protulisse
858 3341 957 3406 etiam
973 3339 1037 3406 dici
1053 3362 1128 3424 pos·
1181 3341 1298 3406 timore
1319 3341 1367 3406 ita
1388 3361 1508 3407 vacuos
1530 3341 1623 3421 nori,
1651 3347 1689 3406 ut
1715 3348 1750 3405 et
1770 3341 1874 3424 ipsius
1900 3341 2010 3409 iudicii
2031 3365 2152 3410 nomen

155 3428 227 3492 sim.
261 3425 401 3493 Summa
421 3447 519 3494 causa
538 3428 641 3512 igitur
663 3427 743 3494 hacc
766 3449 833 3492 una
853 3435 912 3506 est,
934 3425 1021 3510 quod
1042 3425 1129 3493 ferre
1179 3427 1259 3510 ipsis
1282 3427 1431 3492 futurum
1461 3428 1504 3492 sit
1530 3448 1591 3510 pro
1617 3427 1769 3494 cantione
1796 3427 1851 3492 vel
1871 3427 2010 3493 naenia?
2055 3428 2155 3511 Quod

154 3534 220 3580 nou
242 3513 405 3597 potuerim
425 3515 565 3580 verbum
585 3515 649 3579 Dei
670 3514 717 3578 ita
738 3513 878 3596 sepeliri,
905 3513 1036 3591 inverti,
1058 3535 1128 3578 ccr-
1180 3533 1283 3576 unum
1305 3521 1454 3594 superest
1474 3513 1584 3596 igitur,
1606 3534 1649 3578 ne
1669 3513 1775 3598 ignoti
1797 3512 1949 3596 deinceps
1970 3513 2097 3595 fallant,
2119 3523 2153 3582 et

155 3599 272 3680 rumpi,
295 3596 471 3682 depravari
491 3600 527 3664 in
544 3599 641 3666 rebus
658 3601 742 3664 tacti
759 3599 927 3678 momenti,
949 3607 983 3664 et
1004 3597 1045 3664 ab
1062 3598 1127 3666 illis
1178 3597 1253 3681 plus
1274 3597 1386 3663 damni
1408 3596 1496 3678 dent,
1526 3597 1749 3682 depingendus
1778 3598 1861 3663 mihi
1882 3597 1969 3682 apud
1989 3599 2063 3666 illos
2085 3609 2152 3668 sta-

153 3685 234 3768 ipsis
263 3683 381 3767 quibus
408 3685 507 3752 fidem
535 3683 684 3764 adhibes,
712 3693 746 3750 ct
772 3705 852 3768 quos
882 3683 969 3834 {pud
997 3690 1030 3750 tc
1060 3705 1128 3750 non
1178 3692 1250 3762 tuo,
1278 3682 1336 3766 qui
1363 3681 1405 3748 ad
1430 3683 1577 3768 ipsorum
1605 3683 1741 3750 technas
1769 3685 1875 3769 magis
1903 3691 1981 3752 sunt
2002 3689 2151 3771 expositi

153 3770 284 3854 vulgari
304 3769 376 3838 loco
398 3793 469 3837 esse
491 3771 549 3838 111.
584 3769 680 3851 Quod
702 3771 804 3854 igitur
825 3769 867 3836 ad
917 3770 1075 3849 ‚attinet
1098 3771 1127 3836 si
1178 3769 1272 3835 Haec
1289 3770 1343 3835 111
1359 3769 1441 3834 mihi
1458 3769 1636 3835 consultior
1653 3771 1726 3835 visa
1743 3778 1801 3850 est,
1819 3777 1858 3835 nt
1875 3771 1993 3853 quibus
2009 3775 2153 3840 maxime

154 3856 213 3922 tibi
235 3857 381 3940 aperiam
409 3855 488 3938 quid
516 3855 557 3922 de
584 3856 641 3922 illc
670 3855 752 3920 mihi
778 3865 981 3939 compertum
1007 3856 1059 3933 sit,
1089 3868 1127 3920 ut
1179 3854 1361 3920 timendum
1383 3863 1441 3934 est,
1463 3863 1644 3938 opportune
1665 3855 1771 3939 quoad
1793 3876 1927 3939 possum
1948 3878 2014 3922 non
2036 3857 2148 3924 desim.

153 3939 306 4026 deinceps
324 3941 384 4006 tibi
397 3941 588 4024 prospicias,
607 3963 713 4024 nequo
730 3941 833 4024 ipsius
851 3939 1033 4008 doctrinam
1050 3962 1126 4006 con-
1178 3940 1285 4006 Istum
1306 3959 1403 4022 porro
1425 3941 1525 4005 semel
1546 3941 1700 4020 inviam
1727 3941 1882 4008 reducere
1911 3949 2045 4008 conatus
2066 3964 2150 4022 sum,

154 4025 309 4093 fidentius
330 4027 493 4106 admittas,
515 4027 698 4092 timendum
727 4027 809 4094 mihi
837 4048 902 4094 nou
927 4034 1056 4110 putem,
1085 4049 1126 4092 ne
1181 4033 1219 4090 ut
1240 4025 1281 4090 ad
1311 4046 1388 4091 suas
1410 4027 1581 4108 pravitatis
1609 4027 1810 4111 agnitionem
1840 4027 2005 4094 hominem
2033 4026 2151 4112 adege-

154 4113 190 4176 in
211 4113 337 4180 sinistri
358 4114 494 4180 affectus
514 4113 701 4196 opinionem
722 4111 809 4196 apud
830 4121 864 4177 te
885 4112 1040 4191 incidam,
1069 4135 1126 4178 cu·
1178 4112 1251 4176 1111.
1283 4111 1387 4194 Atqui
1412 4111 1467 4176 ille
1488 4110 1591 4177 nihilo
1613 4114 1723 4180 minus
1744 4115 1778 4178 in
1800 4134 1838 4178 eo
1859 4112 2033 4196 perstabat,
2058 4121 2095 4178 ut
2116 4137 2152 4180 se

153 4198 205 4264 ius
228 4219 342 4264 causas
359 4199 470 4282 procul
492 4199 605 4266 habeo.
640 4199 729 4264 1111
747 4195 952 4280 quodmeum
973 4197 1126 4264 inhomi·
1177 4218 1244 4262 non
1267 4197 1464 4264 reiecturum
1489 4205 1547 4262 aut
1564 4198 1604 4263 ab
1622 4220 1660 4264 eo
1678 4219 1883 4264 recessurum
1910 4197 2041 4276 diceret,
2063 4199 2151 4281 quod

153 4303 231 4350 nem
253 4283 365 4350 odium
389 4286 498 4350 notari
519 4292 633 4367 potest,
664 4283 747 4348 illud
768 4305 806 4348 ec
828 4305 894 4349 nnc
916 4284 1016 4363 stetit,
1039 4283 1125 4366 quod
1177 4283 1315 4365 impium
1337 4303 1407 4348 esse
1425 4283 1487 4365 ipsi
1506 4285 1684 4350 constabat.
1729 4283 1839 4350 Semel
1860 4291 1972 4348 tamen
1994 4304 2094 4366 quum
2113 4285 2148 4350 in

154 4369 320 4434 hominem
343 4391 461 4453 urgere
486 4391 657 4452 nunqnam
679 4368 847 4449 desierim,
875 4379 914 4434 ut
942 4389 1012 4434 sese
1039 4370 1124 4435 serio
1177 4389 1286 4432 meum
1315 4367 1479 4451 quendam
1507 4375 1681 4435 tractatum
1707 4367 1889 4447 incidisset,
1918 4369 2002 4434 serio
2030 4377 2063 4434 et
2082 4391 2150 4438 uon

154 4454 194 4520 ad
217 4455 371 4522 ecclesiae
399 4456 657 4521 aedificationem
684 4455 719 4518 in
747 4475 846 4520 verae
874 4454 1038 4520 doetrinae
1059 4455 1124 4522 sin·
1177 4455 1248 4520 sinc
1266 4454 1421 4538 gravibus
1438 4454 1724 4536 imprecationibus
1743 4460 1943 4537 protestatus
1965 4465 2025 4533 est,
2048 4476 2150 4538 quum

154 4561 228 4606 cera
248 4542 449 4625 professione
475 4541 662 4624 applicaret
707 4539 774 4620 Qui
800 4561 879 4606 vero
902 4542 1037 4606 verbum
1059 4541 1124 4606 Dei
1176 4541 1294 4604 missae
1312 4539 1585 4606 abominationem
1601 4540 1699 4623 plane
1716 4539 1918 4622 exploratam
1937 4537 2081 4620 haberet,
2099 4541 2149 4608 illi

152 4627 240 4692 mala
256 4635 376 4705 mente,
397 4626 484 4692 malo
502 4627 612 4692 animo
633 4625 802 4704 convellat,
824 4633 858 4690 et
879 4626 1052 4692 veritatem
1072 4628 1122 4709 ip·
1175 4645 1211 4689 se
1236 4645 1406 4708 nunquam
1438 4626 1681 4692 interfuturum.
1732 4622 1865 4690 Scilicet
1892 4624 2016 4691 iuranti
2043 4626 2147 4692 credi·

154 4713 220 4779 sius
241 4714 451 4796 exstinguere
474 4722 626 4792 conetur,
654 4712 770 4778 ncn'si
789 4732 862 4776 meo
884 4712 966 4776 mihi
987 4723 1123 4795 parente
1179 4709 1315 4790 diesem,
1346 4732 1443 4793 quem
1464 4733 1531 4777 non
1559 4714 1667 4778 minus
1694 4709 1823 4775 futilem
1851 4729 1949 4793 quam
1975 4711 2148 4796 graculum

153 4799 357 4864 coniunctior
378 4798 430 4876 sit,
453 4807 565 4880 parcat
585 4799 634 4862 illi
656 4797 769 4864 oculus
790 4818 892 4876 meus,
912 4799 993 4880 quin
1014 4805 1052 4862 ut
1071 4799 1122 4862 in·
1175 4797 1374 4879 garrientem
1394 4797 1578 4863 iudicarem.
1623 4798 1678 4862 En
1702 4795 1806 4880 igitur
1833 4817 1915 4880 quae
1934 4817 2027 4862 meae
2048 4796 2147 4863 huius

153 4891 372 4949 strumentum
390 4881 533 4950 8111111
555 4884 722 4966 accipiam.
755 4883 856 4948 Istius
873 4903 970 4965 porro
988 4883 1043 4948 hic
1058 4883 1123 4948 luit
1175 4879 1217 4946 ad
1249 4889 1281 4946 te
1312 4881 1418 4964 ipsam
1451 4882 1682 4948 admonitionis
1713 4901 1844 4948 causam
1873 4881 1971 4966 plane
1998 4901 2146 4948 necessa·

153 4989 280 5051 semper
302 4990 433 5052 scopus,
462 4981 620 5053 quantum
642 4991 684 5034 ex
713 4977 803 5038 certa
823 4968 1027 5052 experientia
1047 4989 1121 5052 per·
1174 4968 1273 5032 riam:
1301 4988 1380 5032 nam
1401 4979 1435 5034 et
1455 4968 1541 5052 apud
1569 4969 1668 5033 istum
1690 4987 1822 5050 operam
1844 4968 2009 5046 lusissem,
2032 4975 2065 5032 et
2086 4968 2146 5034 tibi

152 5055 237 5138 cepi,
265 5061 303 5120 ut
329 5054 653 5138 quantulumcunque
679 5055 916 5140 intelligentiae
942 5055 1122 5138 scripturae
1174 5055 1294 5119 certius
1321 5054 1490 5119 consulere
1517 5054 1611 5118 aliter
1639 5053 1726 5136 quod
1753 5055 1911 5118 sentirem
1944 5073 2010 5118 non
2043 5054 2144 5135 potui.

153 5139 336 5208 eDomino
358 5142 549 5224 accepisset,
578 5141 661 5206 illud
688 5149 794 5206 totum
823 5141 865 5206 ad
891 5149 1062 5223 quaestum
1088 5149 1122 5206 et
1174 5138 1241 5205 Sed
1264 5139 1349 5221 qood
1372 5139 1411 5206 de
1433 5139 1489 5204 illc
1510 5140 1701 5204 testificatus
1722 5160 1804 5218 sum,
1826 5141 1877 5206 fac
1893 5159 1959 5204 non
1977 5140 2057 5205 11111
2074 5159 2152 5206 csse·

153 5228 360 5296 ambitionem
388 5228 558 5294 conferret.
610 5226 665 5294 811
693 5227 795 5309 igitur
826 5235 861 5292 et
887 5227 974 5310 quod
1006 5248 1122 5293 vemm
1145 5261 1148 5281 ·
1174 5225 1255 5292 mihi
1277 5233 1492 5308 compertum,
1520 5233 1617 5290 uttu
1645 5225 1717 5309 1111
1743 5225 1926 5309 periculum
1952 5223 2060 5301 iacias
2106 5222 2144 5291 81
