4942 5982
166 369 225 431 125
1014 371 1096 432 1540
1116 366 1322 437 NOVEMB.
2098 375 2159 439 126

162 553 282 706 ppribm
304 561 439 638 accepta
459 555 584 620 sument
605 553 729 621 omnia:
751 555 980 638 particularem
999 557 1137 641 aliquem
1189 557 1267 620 tism
1285 577 1351 622 non
1369 557 1483 635 resero,
1505 576 1613 639 neque
1629 555 1796 637 ditionem,
1819 557 1911 624 decet
1926 559 2062 642 inquam
2079 562 2159 628 istos

196 660 323 706 ensvue
344 640 448 706 literis
469 641 645 706 convenire
666 639 747 705 mihi
770 641 884 725 religio
906 642 975 718 luit,
998 644 1139 708 neforto
1189 642 1740 726 iuxtapraeceptumotencmplum
1755 643 1885 707 Domini
1900 645 2022 727 optime
2039 647 2159 714 mereri

161 727 348 876 privatum,
378 725 513 792 liberius
539 725 717 809 indulgens
743 727 927 798 affectibus.
961 737 999 792 nt
1026 749 1139 794 sumus
1190 728 1230 791 de
1249 728 1391 812 indignis
1408 749 1446 794 ae
1463 728 1611 812 ingratis,
1629 729 1735 794 cilicia
1752 729 1866 794 officiis
1880 727 2007 808 addere,
2025 733 2052 796 si
2072 733 2159 798 hosti

185 811 334 888 omines,
365 812 461 877 aliter
488 813 663 878 formarem
692 831 790 894 quam
812 814 983 894 oportebat
1005 813 1056 879 vel
1079 835 1137 879 ex·
1189 812 1579 896 carbonesincaputsint
1595 813 1800 896 congerendi,
1818 815 1961 879 emnium
1979 817 2158 884 officiorum

162 898 326 964 intimaret
354 897 484 980 aliquis:
518 895 605 980 quod
633 908 744 962 tamen
776 897 848 962 ausi
879 908 956 964 sum
988 899 1138 964 nonnulli
1189 899 1377 980 qaidl'ratri
1396 899 1861 982 licetindigneetimmerite.
1894 899 2158 985 Hiceropturim

163 981 280 1060 dicere,
300 982 358 1048 sed
377 983 581 1062 mentientes,
600 1003 659 1048 nes
676 982 760 1048 eiam
777 983 885 1048 moliri
903 983 1034 1066 aliquid.
1062 985 1138 1050 b'cio
1189 986 1260 1066 pies
1281 994 1315 1048 et
1335 984 1530 1049 christianos
1551 984 1656 1068 gratia
1679 985 1847 1068 posteriori
1869 986 2001 1052 vincere
2022 989 2157 1073 priores,

163 1089 215 1133 me
236 1089 356 1134 causas
376 1070 471 1133 iuxta
492 1088 623 1133 carnem
646 1089 740 1151 posse
758 1091 821 1133 nen
841 1089 959 1151 palicas
977 1069 1137 1136 necloves
1189 1090 1372 1151 nomenque
1399 1069 1597 1153 praeclarius
1623 1070 1659 1133 in
1686 1069 1784 1135 coelis
1811 1071 1872 1134 sihi
1899 1092 2030 1152 parare,
2057 1093 2095 1139 ao
2120 1075 2158 1140 in

162 1153 337 1232 adducam,
363 1155 480 1236 quibus
502 1155 621 1220 lactum
644 1175 710 1219 non
733 1155 859 1218 veniret
880 1154 1136 1236 improbandum.
1189 1157 1284 1219 terris
1302 1156 1400 1220 etiam
1419 1154 1624 1238 suspicienda
1641 1153 1824 1236 relinquere
1835 1156 1994 1240 exempla.
2031 1157 2158 1223 Verum

162 1237 229 1306 Sed
251 1239 333 1322 quid
353 1240 464 1304 omnio
485 1249 621 1322 possunt
641 1237 683 1304 ad
706 1239 849 1304 tribunal
872 1239 1019 1305 Christi?
1063 1239 1138 1321 Qua
1190 1242 1335 1304 oninium
1364 1241 1573 1324 dignissimus
1602 1239 1765 1318 Christus,
1795 1241 1927 1324 quiite
1958 1243 2156 1322 vulneratus,

161 1327 290 1390 ratione
308 1325 488 1390 subsistent
505 1325 543 1390 ad
563 1346 601 1390 ea
618 1345 701 1406 quae
712 1323 796 1390 dixit
806 1325 1017 1408 exemploque
1028 1325 1138 1390 decuit
1187 1329 1363 1402 conlbssus,
1385 1345 1484 1406 supra
1495 1347 1592 1408 quiam
1610 1325 1671 1390 dici
1691 1333 1797 1408 potest
1813 1327 2037 1393 crudelissima
2053 1337 2159 1394 morte

162 1409 333 1484 Christus,
365 1426 400 1475 et
432 1411 666 1493 praestiterunt
691 1411 754 1491 ipsi
782 1411 931 1492 apostoli,
964 1413 1136 1494 praecipue
1188 1413 1332 1486 atticotos,
1355 1421 1394 1474 ut
1415 1411 1505 1474 illam
1527 1411 1742 1475 miserrimam
1771 1410 1831 1476 sibi
1854 1415 2037 1496 acqavirerct
2057 1414 2158 1480 ecele-

161 1495 246 1579 quod
265 1495 379 1561 videre
396 1509 448 1561 est
463 1497 497 1560 in
516 1495 645 1562 Paulo?
674 1495 739 1561 Hic
753 1496 1135 1562 medetestoraedamno
1187 1497 1278 1560 siam.
1323 1497 1458 1561 Fratres
1480 1517 1500 1560 a
1522 1495 1653 1561 Christo
1675 1496 1751 1561 Iesu
1778 1495 1896 1575 dilecti,
1925 1501 2091 1564 constituti
2120 1508 2158 1565 ut

161 1581 246 1665 qued
271 1603 331 1664 pro
353 1591 446 1646 unte
466 1603 530 1646 non
544 1582 666 1664 egerim
679 1581 822 1658 eeclesia,
844 1581 1133 1664 imoproemnium
1186 1602 1264 1645 suae
1285 1582 1490 1664 prospiciatis
1512 1581 1673 1656 ecelesiae,
1701 1601 1822 1662 quaese
1851 1582 1937 1646 hano
1965 1605 2063 1648 unam
2091 1607 2157 1651 non

160 1687 266 1750 paene
288 1666 522 1746 aedificatione,
545 1666 629 1750 quod
647 1668 745 1733 tinius
762 1676 891 1732 tantum
910 1667 1135 1732 homuncionis
1187 1667 1424 1750 malignitatem
1447 1689 1507 1732 neo
1528 1666 1795 1750 iugratitudinem
1824 1667 1927 1750 plebis
1949 1670 2015 1732 fixe
2036 1671 2158 1737 intuitu

161 1773 260 1818 causa
289 1753 407 1816 merito
435 1753 541 1818 fircera
568 1751 733 1818 debebam.
789 1752 950 1833 Qavamvis
979 1754 1013 1817 in
1043 1763 1136 1818 tanta
1187 1753 1421 1830 contueamini,
1454 1752 1603 1836 quamvis
1637 1753 1689 1817 hie
1715 1753 1820 1817 ausim
1846 1775 1955 1818 ceram
1985 1753 2057 1820 Deo
2083 1775 2157 1822 meo

161 1839 259 1903 ruina
288 1859 355 1902 neu
386 1857 501 1920 passus
533 1838 576 1902 sit
602 1837 767 1902 Dominus
794 1861 847 1904 me
879 1839 964 1902 malo
990 1860 1134 1921 unquam
1187 1838 1316 1914 testari,
1345 1838 1373 1904 si
1400 1859 1469 1902 rem
1499 1839 1606 1919 ipsam
1634 1849 1670 1902 ut
1697 1836 1795 1902 habet
1821 1859 1956 1921 prorsus
1982 1840 2156 1921 resciretis,

161 1925 281 1988 affeetu
300 1924 462 2006 cupivisse
480 1922 601 2006 aliquid
621 1922 806 1988 detrimenti
824 1925 962 1989 miserae
972 1925 1135 2000 ecclcsiae,
1188 1943 1225 1986 ae
1247 1934 1286 1986 ut
1307 1933 1386 1988 sunt
1407 1933 1538 2006 pectora
1558 1922 1625 1986 illie
1647 1922 1771 1988 Christi
1792 1925 1944 2004 amantia,
1969 1937 2004 1989 et
2024 1936 2157 2008 prepter

161 2007 216 2074 sed
238 2009 313 2074 Deo
330 2009 365 2072 in
384 2008 533 2094 precibus
551 2019 585 2074 et
600 2009 756 2074 fratribus
774 2010 1025 2076 commendasse.
1067 2007 1133 2076 Sed
1187 2007 1356 2073 Christum
1379 2008 1490 2084 vestri,
1518 2029 1584 2072 non
1606 2007 1701 2072 aliter
1722 2029 1852 2073 causum
1878 2010 2024 2092 ipsorum
2053 2013 2156 2078 susci·

161 2103 255 2160 erant
289 2095 386 2178 longe
419 2095 482 2160 alia
513 2093 725 2178 praestanda:
758 2116 823 2160 non
856 2097 943 2160 enirn
977 2097 1135 2161 satisfecit
1186 2095 1307 2177 paretis
1328 2115 1426 2176 qnam
1456 2093 1583 2158 animae
1611 2105 1749 2158 vestrae.
1794 2093 1861 2159 Sed
1887 2095 1956 2161 dies
1984 2097 2156 2178 patefaciet

161 2181 271 2246 anime
303 2201 378 2245 meo
411 2181 592 2246 cucurrisse
624 2181 709 2244 ultre
741 2181 783 2246 ad
816 2182 1020 2246 concordiam
1059 2203 1133 2248 cum
1185 2181 1239 2262 qui
1263 2201 1373 2263 pacem
1396 2189 1558 2263 quaerunt
1578 2179 1710 2244 Israelis
1739 2200 1777 2244 ao
1798 2201 1914 2244 verum
1935 2183 1998 2246 Dei
2020 2183 2154 2262 cultum,

160 2265 346 2349 pastoribus
375 2265 578 2344 firmandam,
608 2288 670 2349 quo
699 2287 773 2331 mea
802 2268 968 2334 carissima
997 2269 1135 2350 pignora
1185 2267 1304 2349 quique
1327 2264 1523 2331 offendicula
1544 2285 1581 2331 ao
1599 2264 1777 2330 divisiones
1798 2274 1921 2331 serunt
1964 2267 2155 2346 Proindo,o

161 2351 220 2416 sub
252 2351 320 2416 illis
352 2351 479 2435 possint
516 2352 634 2416 melius
673 2351 776 2417 foveri
807 2354 867 2418 sub
904 2353 965 2418 alis
997 2353 1132 2432 Christi,
1185 2352 1403 2417 vernantissimi
1436 2354 1568 2428 iratres,
1601 2361 1735 2433 propter
1764 2349 1933 2415 Christum
1959 2351 2069 2418 lesum
2095 2375 2155 2419 vos

159 2437 332 2502 festinasse
364 2447 403 2502 ut
433 2445 595 2518 pastorem
625 2459 739 2504 rursus
768 2438 943 2504 haberent:
974 2447 1014 2503 ut
1040 2439 1133 2505 testis
1185 2437 1330 2502 obtestor
1351 2459 1473 2515 omnes,
1496 2438 1571 2500 totis
1589 2435 1765 2500 incumbite
1785 2435 1906 2502 viribus
1923 2437 2155 2505 instaurationi

160 2533 208 2587 est
237 2522 321 2586 mihi
348 2521 520 2588 Dominus.
564 2523 706 2589 Paratus
735 2523 833 2588 etiam
860 2546 943 2602 sum,
970 2546 1071 2589 senex
1099 2537 1134 2589 et
1184 2523 1272 2589 illius
1294 2522 1456 2600 eeclesiae,
1481 2543 1519 2588 ae
1540 2524 1669 2598 instate,
1693 2541 1751 2587 vos
1773 2543 1837 2600 oro,
1860 2531 1899 2586 ut
1918 2543 2014 2606 qtrern
2036 2535 2156 2606 petunt

159 2607 291 2686 fractus,
315 2607 357 2672 ad
379 2619 526 2672 extrema
548 2607 634 2674 orbis
656 2619 835 2692 penetrare,
864 2610 892 2674 si
921 2631 1014 2675 meus
1042 2610 1133 2674 labor
1187 2607 1514 2674 Culairramhaboant.
1557 2607 1596 2673 Id
1615 2607 1702 2691 agite
1724 2607 1808 2690 quod
1832 2608 1907 2673 boni
1929 2609 2045 2674 medici
2067 2607 2155 2693 opud

159 2714 352 2760 succurrere
380 2693 490 2776 possit.
540 2691 628 2759 Sane
660 2716 726 2758 nen
756 2705 893 2777 possunt
924 2695 1034 2760 omnia
1065 2697 1131 2760 iam
1183 2703 1362 2776 aegrotum,
1386 2693 1464 2758 dam
1486 2713 1561 2776 spos
1583 2693 2154 2776 aliquaestreoupenmdaasalutis:

160 2786 231 2844 acte
252 2779 397 2862 quietam
418 2779 649 2844 censcientiam
671 2779 817 2858 reddero,
846 2781 925 2864 quin
954 2780 1131 2862 plurimum
1183 2780 1211 2842 si
1240 2778 1375 2843 videant
1402 2779 1532 2844 salubre
1562 2777 1682 2861 aliquid
1712 2790 1879 2861 oppetere,
1907 2779 2034 2844 etiamsi
2064 2781 2155 2864 prius

161 2883 279 2949 arguar
300 2863 388 2946 apud
407 2863 584 2930 Dominum
604 2873 637 2930 et
654 2865 874 2950 negligentiae
892 2877 925 2930 et
942 2865 1132 2948 impruden·
1183 2865 1355 2946 respuebat
1376 2864 1507 2946 optima,
1535 2863 1612 2928 laeti
1633 2865 1783 2929 efferunt
1828 2863 1951 2929 Omnia
1978 2875 2057 2930 stant
2083 2876 2154 2931 ten-

159 2950 231 3015 tiae.
287 2949 358 3016 Vos
387 2952 480 3028 estis,
510 2972 529 3016 o
558 2953 692 3024 fratres,
723 2973 803 3034 quos
831 2951 931 3034 elegit
958 2951 1130 3026 Dominus,
1184 2949 1284 3014 tanda
1306 2961 1343 3013 ut
1364 2948 1511 3013 levemus
1540 2960 1718 3031 aegrotum.
1764 2952 2057 3034 Argentoratenses
2086 2971 2154 3016 non

160 3055 296 3118 querum
321 3056 419 3118 opera
440 3035 581 3119 prospici
603 3043 710 3120 potest
739 3059 776 3102 ae
798 3037 924 3102 consuli
951 3037 1131 3120 discerptae
1183 3035 1277 3100 facile
1299 3033 1438 3099 reddent
1459 3033 1558 3098 semol
1582 3037 1779 3118 t'vrgatrrm.²)
1824 3033 1952 3101 Videtis
1975 3055 2071 3119 quam
2094 3057 2153 3101 cx·

159 3141 195 3186 ao
216 3121 395 3204 dissipatae
413 3121 575 3188 eeclesiae.
620 3123 690 3188 Sua
707 3121 806 3186 habet
824 3123 995 3200 Dominus,
1018 3125 1074 3206 qui
1096 3145 1131 3189 se
1183 3121 1308 3202 pediat:
1333 3121 1437 3203 cogite
1455 3129 1491 3184 ut
1508 3118 1620 3184 velint.
1664 3118 1790 3183 Omnes
1807 3121 1967 3186 accrrrrito
1985 3119 2025 3185 ad
2044 3121 2154 3186 suble·

157 3207 227 3290 ipso
244 3207 315 3273 solo
328 3209 353 3288 ¹)
372 3215 477 3290 petest
493 3207 612 3286 omnia,
630 3207 748 3291 quihus
760 3207 1130 3293 hieagitiostrumenta.
1185 3207 1325 3271 vendam
1353 3207 1444 3270 illam
1472 3204 1650 3270 eeclesiam.
1699 3204 1773 3268 Non
1801 3205 1865 3268 erit
1892 3205 1954 3270 hoe
1979 3204 2154 3290 indignam

158 3291 252 3374 Quae
274 3293 302 3357 si
324 3293 398 3376 quis
417 3315 482 3358 non
504 3291 677 3360 admoveat
697 3295 796 3378 operi,
819 3302 924 3358 tentat
942 3293 1129 3360 Dominum.
1182 3294 1290 3372 vohis,
1323 3312 1385 3357 neo
1416 3292 1582 3375 ingratum
1616 3289 1761 3369 Christo,
1793 3311 1855 3354 neo
1886 3289 2002 3353 inutile
2034 3293 2153 3356 vestris

157 3373 194 3444 Si
206 3397 314 3442 meam
325 3381 500 3444 cerneretis
511 3380 687 3458 miseriam,
705 3381 914 3458 anxietatem,
933 3401 971 3446 ao
984 3379 1130 3446 emnium
1184 3378 1335 3444 eeclesiis.
1382 3378 1453 3443 Hae
1475 3377 1527 3442 via
1548 3376 1668 3458 poterit
1696 3375 1805 3457 aliqua
1833 3373 2057 3440 subintroduci
2086 3375 2152 3441 dis·

157 3463 215 3546 qui
230 3463 325 3529 hodie
341 3465 462 3530 vivunt
481 3465 696 3530 miserrimam
712 3466 941 3542 conditionem,
959 3487 1042 3550 qaae
1059 3467 1132 3550 ipsa
1182 3465 1311 3548 eiplina.
1340 3464 1430 3530 Dum
1442 3462 1542 3529 vicini
1554 3471 1698 3544 pastores
1706 3463 1735 3544 l)
1747 3473 1931 3526 revocatum
1944 3457 2153 3526 introducent

156 3549 260 3614 etiam
274 3569 352 3614 saxa
368 3550 538 3628 emolliret,
556 3565 644 3617 certe
662 3551 744 3616 mihi
762 3573 836 3616 sum
855 3572 1039 3634 persuasus,
1059 3574 1131 3618 mea
1182 3565 1352 3632 pastorem,
1375 3551 1433 3614 fiet
1454 3549 1571 3632 aliqtvis
1592 3566 1792 3630 progressus.
1828 3543 1923 3626 Quod
1935 3545 2073 3610 alienam
2085 3567 2152 3612 uon

156 3633 383 3702 refocillaretis
404 3637 539 3716 viscere,
567 3651 605 3701 ut
625 3638 718 3702 vehis
746 3637 837 3702 dedit
858 3639 1034 3704 Dominus:
1062 3659 1128 3703 neu
1184 3635 1341 3700 habeatur
1362 3636 1455 3712 ratio,
1483 3655 1550 3699 non
1577 3644 1722 3698 moveat:
1751 3631 1826 3715 plus
1853 3631 1943 3697 scitis
1971 3651 2070 3714 quam
2098 3631 2153 3699 val

157 3719 286 3786 ferretis
308 3723 355 3786 sie
382 3721 519 3787 distrahi
548 3731 616 3788 tam
645 3721 799 3807 gravibus
827 3745 865 3790 oo
893 3746 959 3788 non
988 3723 1130 3788 serendis
1182 3723 1325 3805 cogitare
1351 3721 1489 3803 possim,
1522 3720 1557 3784 in
1585 3719 1645 3783 tuli
1678 3717 1936 3801 perturbatione,
1969 3717 2024 3782 vel
2056 3719 2154 3782 ruina

157 3805 362 3872 torminibus.
421 3807 488 3874 Sed
521 3807 600 3892 quid
632 3830 705 3874 mea
736 3809 829 3876 vobis
860 3830 1021 3894 propono,
1060 3808 1130 3892 ipse
1181 3808 1307 3890 potins,
1341 3807 1514 3870 minimum
1546 3825 1617 3870 esse
1649 3803 1887 3888 accipiendum,
1918 3802 2044 3868 interea
2072 3803 2152 3867 dum

158 3889 370 3975 dignissimus
402 3893 458 3977 qui
489 3893 588 3978 louge
615 3894 712 3977 pluro
738 3894 864 3960 feram?
919 3895 992 3960 litei
1019 3892 1128 3958 Deum
1184 3891 1343 3970 Celeiates,
1364 3892 1530 3967 utnostis,
1553 3890 1907 3973 intnmsanctoopere,
1929 3887 2152 3953 utroluorunt

158 3983 273 4044 testem
296 3979 421 4058 invoco,
451 4001 503 4046 me
529 3977 614 4045 bena
640 3981 839 4048 conscientia
865 3981 900 4044 in
928 3981 1016 4046 hunc
1042 3977 1127 4044 diem
1182 3979 1309 4056 iratres,
1332 3976 1442 4042 audiet
1464 3986 1608 4042 vestrum
1631 3975 1773 4040 studium
1795 3996 1853 4057 pro
1875 3972 2010 4039 ecclesia
2028 3971 2095 4048 illa,
2118 3979 2151 4035 et

158 4071 322 4130 versatam
345 4063 381 4128 in
404 4073 494 4130 tamo
516 4065 714 4146 ministerio,
737 4088 797 4132 nec
819 4065 906 4130 slivtd
929 4065 1129 4150 quaesivisse
1181 4063 1273 4144 alin)
1295 4083 1392 4146 quam
1414 4062 1520 4126 alacer
1542 4061 1658 4139 veniet,
1687 4062 1743 4142 qui
1767 4058 1926 4124 attonitus
1948 4077 2051 4140 paene
2072 4055 2150 4138 quid

159 4149 220 4213 nisi
237 4148 341 4214 solam
354 4147 480 4217 Christi
498 4151 646 4236 gloriam,
666 4165 772 4218 temon
792 4151 936 4237 dignitas
954 4152 1128 4217 ministerii
1181 4147 1268 4216 dicat
1296 4170 1360 4214 non
1390 4148 1470 4212 sartis
1497 4145 1603 4210 habet.
1654 4139 1856 4210 Recreobitis
1884 4163 1995 4208 omues
2022 4141 2149 4222 fratres,

160 4241 193 4298 et
222 4255 305 4318 quae
333 4237 437 4320 exigit
461 4247 555 4302 tantu
581 4238 719 4316 functio,
750 4239 828 4306 saeit
860 4253 897 4302 ut
928 4259 1021 4303 merae
1047 4238 1128 4302 mihi
1180 4237 1236 4317 qui
1258 4255 1298 4300 ox
1323 4243 1432 4299 vestra
1453 4231 1621 4316 diligentia
1642 4229 1770 4312 plenius
1791 4227 1977 4325 intelligent
1998 4225 2060 4292 hee
2079 4247 2150 4294 essa

159 4321 304 4387 conscius
321 4321 533 4398 infirmitatis,
556 4332 590 4388 et
606 4345 703 4408 quam
723 4324 896 4401 nihilsim‚
919 4323 1128 4388 meiudieem
1181 4341 1261 4403 epus
1295 4319 1437 4384 Domini.
1481 4318 1527 4382 Et
1558 4326 1596 4382 nt
1627 4314 1746 4394 Satan,
1781 4315 1836 4396 qui
1869 4321 1991 4412 sanetas
2022 4332 2150 4396 semper

158 4406 302 4470 amnium
321 4405 595 4492 indignissimum.
622 4409 698 4474 Non
715 4409 817 4492 igitur
831 4410 895 4474 mei
913 4410 995 4474 ratio
1011 4407 1128 4473 habea·
1181 4407 1360 4470 reluctatur
1377 4403 1556 4482 conatibus,
1578 4401 1661 4465 nihil
1683 4401 1775 4465 vebis
1795 4407 1896 4482 pess1t
1913 4417 2029 4479 parare
2046 4397 2149 4462 offen·

158 4495 220 4568 tur,
250 4491 308 4557 sed
337 4493 492 4558 ecelesiae
521 4493 597 4560 talis
624 4510 658 4559 et
684 4504 803 4572 tantae,
832 4515 870 4560 ao
897 4495 1043 4558 emnium
1072 4495 1127 4576 qui
1181 4489 1289 4570 dieuli,
1311 4490 1386 4554 date
1406 4489 1544 4554 Virrium
1565 4481 2146 4568 dudumflagitotumvoladtempus.

157 4573 233 4640 inde
251 4576 292 4642 sd
310 4575 479 4644 Christum
497 4581 583 4644 viam
603 4579 744 4664 aliquem
763 4579 929 4645 habebant
946 4579 1127 4645 accedendi.
1179 4577 1321 4642 Potestis
1342 4571 1429 4658 apud
1449 4588 1613 4640 senatum:
1635 4593 1701 4636 non
1723 4569 1843 4634 dubito.
1883 4565 1951 4634 Sed
1960 4567 2039 4652 quid
2049 4570 2148 4635 miser

157 4661 350 4746 Atindigna
365 4666 612 4748 estaoingrata.
657 4667 711 4732 sit
731 4665 877 4729 emnium
899 4665 1129 4748 indignissima

156 4753 192 4809 a
207 4747 439 4848 ipgrsstiffiimi'
479 4751 585 4817 Decet
606 4771 669 4850 ⁰9⁸⁹
691 4771 751 4835 ΡΜ
771 4771 853 4834 qu⁰⁸
875 4751 1037 4816 Dominus
1050 4761 1128 4847 mn
1281 4797 1311 4864 2)
1333 4796 1422 4850 Sturm
1443 4797 1590 4862 Aufinupp.
1609 4791 1662 4846 tv.
1679 4807 1705 4858 p.
1723 4789 1772 4842 21.-
1792 4791 1878 4855 Qanm
1896 4791 1963 4842 haee
1981 4789 2146 4842 Wormeeiea

154 4827 298 4930 bfmssffl
320 4835 498 4902 au¹¹¹¹³tu⁸
519 4845 570 4902 0⁸¹²
590 4837 744 4916 misellae,
766 4845 860 4901 mma
881 4857 954 4902 cum
978 4847 1127 4902 stemma·
1180 4875 1333 4935 agerentur,
1353 4872 1485 4918 venerant
1502 4865 1598 4916 literae
1616 4860 1765 4926 Argentina
1787 4877 1803 4910 o
1821 4867 1917 4912 senata
1939 4857 1972 4910 ad
1996 4857 2046 4910 lae.
2070 4855 2146 4909 Stur-

155 4921 246 4984 hono
274 4919 363 5002 apud
391 4919 517 5000 Deum,
550 4943 592 4987 ne
620 4921 724 4987 dicam
751 4923 836 5004 apud
866 4921 1030 4999 hominen,
1062 4943 1127 4986 non
1180 4938 1261 4990 vniam
1286 4947 1315 4988 et
1334 4935 1369 4990 n.
1389 4935 1541 4988 Piae-rerum
1561 4931 1658 4999 quibus
1675 4929 1845 5008 scribebatur
1862 4931 1890 5008 C:
1908 4945 1925 4980 a
1941 4925 2144 5004 Deaevcuaihos

154 5001 228 5068 nine
259 5005 383 5085 fructu,
423 5015 590 5090 uicemque
625 5007 826 5092 obganniunt
857 5008 957 5090 aliqui
989 5028 1127 5090 quorum
1181 5005 1322 5074 pertuleri:
1341 5003 1466 5056 riderent
1484 5001 1565 5068 legati
1584 5015 1636 5066 qao
1653 5005 1758 5050 retrone
1776 5004 1887 5050 retmerr
1906 5001 2005 5064 posset.
2041 4993 2145 5046 ludaeo-

154 5089 265 5158 mutos
286 5111 430 5176 nequam
451 5093 548 5160 video
576 5093 663 5178 quod
684 5096 776 5162 Deus
803 5096 907 5162 bonus
934 5094 986 5173 sit,
1012 5105 1128 5177 poten·
1180 5074 1370 5210 ffigpffi
1389 5065 1936 5203 Jacffgssssssgifffifflssffmfflssffl
1944 5061 2145 5184 &mm

1281 5209 1311 5268 dt
1331 5209 1489 5264 Beruenses.

175 5273 238 5338 ΜΒ.
256 5279 285 5346 1)
304 5280 363 5334 sic!
1281 5277 1311 5346 4)
1330 5280 1387 5332 sic!
