4898 5970
301 251 362 313 687
1070 243 1331 312 EPISTOLAE
1356 248 1523 310 537-539
2234 246 2294 312 688

299 445 380 514 erat,
405 435 554 501 nolebam
576 435 696 499 frustra
724 433 873 500 scribere.
918 433 1032 516 Nuper
1052 455 1153 517 quum
1178 434 1272 500 Nico·
1323 433 1416 498 nobis
1443 432 1662 520 praeteritis)
1712 432 1823 516 Quum
1855 433 1985 517 saepius
2008 434 2088 498 mihi
2116 433 2295 501 inculcaret

300 523 373 588 laus
401 531 434 585 et
458 521 647 585 evitemus
674 520 817 598 abirent,
846 521 902 584 vix
931 521 1046 586 breves
1075 521 1109 584 in
1132 519 1271 584 Germa·
1324 519 1408 584 hanc
1425 538 1547 598 vocem,
1566 519 1642 602 quid
1661 541 1738 604 ergo
1756 519 1875 584 vollem
1893 519 1986 584 illum
2002 511 2118 598 iacer'e,
2142 520 2294 602 respondi

299 609 388 672 niam
411 606 521 670 literas
550 605 689 670 scribere
717 605 817 670 licuit.
867 606 1005 670 Praeter
1033 626 1087 670 eos
1113 625 1209 670 nemo
1237 626 1272 672 se
1322 604 1506 686 paullulum
1540 613 1735 684 commotus,
1770 625 1822 670 me
1849 625 2017 670 cessurum
2050 603 2189 670 libenter
2216 603 2292 686 loco,

300 691 425 758 obtulit.
469 691 624 756 Invenire
654 691 744 773 potui
768 693 795 756 si
817 691 1037 773 quaesiissem.
1087 691 1129 755 In
1156 712 1194 755 eo
1222 690 1270 756 ia
1323 689 1380 754 sed
1402 689 1482 754 mihi
1505 711 1570 755 non
1592 689 1709 755 debere
1731 691 1799 756 vim
1820 692 1907 768 fieri,
1934 697 1972 754 ut
1998 712 2074 756 eum
2096 690 2293 756 reclamante

299 784 372 843 teor
393 797 446 842 me
468 776 673 861 negligenter
694 777 808 860 egisse.
846 775 955 855 Quum
982 784 1091 842 autem
1107 775 1273 857 Godesrc'dc'
1323 777 1518 841 conscientia
1539 775 1752 840 admitterem.
1786 775 1978 856 Obiiciebat,
2000 777 2101 842 fuisse
2123 777 2158 840 in
2180 777 2292 842 minis-

298 863 366 930 filio
388 862 499 926 literas
522 861 657 927 daturus
686 882 806 941 essem,
832 865 926 926 venit
946 863 1071 927 interea
1094 859 1270 946 1116111αεῖ)
1322 862 1451 937 terico
1496 861 1638 944 Negavi,
1667 874 1700 925 et
1726 861 1836 926 addidi
1862 861 1948 944 quod
1975 861 2096 944 absque
2123 861 2189 926 ullo
2218 881 2293 926 exa·

298 948 352 1015 cui
373 948 518 1013 breviter
537 946 727 1012 concordiae
749 947 917 1011 historiam
940 949 1079 1012 narravi.
1114 948 1270 1030 Longum
1322 947 1411 1010 mine
1433 947 1552 1012 missus
1573 947 1701 1022 fuisset,
1730 969 1783 1012 me
1805 948 1937 1013 absente
1960 957 1992 1012 ot
2014 949 2129 1026 inscio,
2157 946 2200 1012 ad
2222 968 2296 1012 con·

298 1045 384 1100 esset
404 1033 534 1118 singula
553 1032 611 1096 tibi
633 1053 834 1097 enumerare.
879 1031 969 1098 Satis
996 1041 1046 1098 est
1072 1031 1157 1116 quod
1181 1053 1269 1098 sum·
1322 1031 1530 1097 cionandum:
1569 1031 1603 1096 id
1634 1031 1716 1096 mihi
1748 1033 1902 1116 imputari
1942 1053 2081 1116 aequum
2113 1054 2179 1097 non
2213 1054 2292 1098 esse.

297 1141 387 1186 mam
413 1127 514 1183 tenes.
565 1119 660 1182 Finis
685 1119 821 1182 actionis
848 1117 930 1182 mihi
962 1119 1081 1183 bonam
1111 1139 1202 1201 spem
1235 1120 1270 1182 in
1323 1119 1397 1181 Non
1420 1117 1500 1182 satis
1522 1117 1613 1200 potui
1632 1117 1815 1202 intelligere
1842 1140 1884 1183 an
1912 1118 2047 1196 luderet,
2060 1119 2106 1200 ¹⁰)
2134 1139 2236 1201 quum
2258 1119 2294 1183 in

296 1214 465 1291 posterum
486 1204 572 1268 lacit.
615 1203 701 1268 Nam
723 1213 756 1267 et
777 1204 876 1287 legati
893 1204 1088 1280 Beruenses,
1112 1205 1210 1270 rebus
1228 1223 1269 1267 ex
1321 1201 1450 1268 Cantici
1472 1204 1672 1268 mentionem
1696 1203 1877 1270 incidimus.
1922 1201 1990 1269 Sed
2016 1204 2096 1268 mihi
2121 1201 2294 1268 videbatur

297 1291 400 1356 animi
418 1297 493 1355 voto
514 1290 663 1374 peractis,
683 1289 759 1354 laeti
777 1287 909 1353 domum
927 1289 1060 1354 rediere.
1093 1290 1139 1354 Et
1156 1288 1269 1368 nostri,
1321 1288 1361 1353 ab
1383 1288 1439 1352 illo
1456 1309 1522 1353 non
1544 1287 1684 1354 multum
1706 1287 1886 1354 dissentire.
1919 1288 1972 1354 De
1990 1287 2114 1354 Christi
2136 1288 2293 1355 descensu

297 1377 427 1442 tametsi
450 1395 515 1439 non
543 1375 654 1439 omnia
680 1375 873 1458 consequuti
899 1383 977 1440 sunt
1003 1375 1267 1458 quaerelabant,
1321 1371 1362 1436 ad
1389 1374 1508 1439 inferos
1542 1375 1605 1439 tria
1638 1374 1798 1439 duntaxat
1829 1373 1929 1440 verba
1956 1375 2161 1440 contulimus.
2208 1375 2291 1440 Nam

297 1462 360 1530 sibi
378 1471 488 1526 tamen
505 1460 682 1544 plurimum
700 1459 917 1543 gratulantur.
950 1459 1120 1540 Quantum
1137 1481 1269 1542 possum
1321 1457 1523 1540 quorundam
1544 1460 1733 1525 interventu
1752 1460 1909 1544 abruptus
1930 1461 1994 1525 fuit
2015 1479 2130 1526 sermo
2175 1459 2291 1526 Nescio

298 1545 574 1625 animadvertere,
603 1547 664 1609 erit
691 1548 787 1610 firma
814 1557 847 1610 et
874 1555 963 1612 certa
985 1565 1053 1610 non
1080 1545 1176 1610 modo
1203 1567 1269 1629 pax
1320 1543 1399 1626 quid
1420 1543 1502 1608 illud
1523 1545 1584 1610 sibi
1606 1545 1685 1610 velit
1704 1545 1791 1628 quod
1804 1545 2004 1611 Sebastianus
2026 1546 2134 1623 iactat,
2148 1543 2189 1631 ¹¹)
2211 1547 2292 1610 ami·

298 1631 355 1700 sed
378 1633 477 1697 etiam
498 1631 651 1696 amicitia.
1320 1651 1375 1695 cos
1396 1650 1487 1695 meos
1508 1631 1623 1695 mirari
1644 1639 1677 1696 et
1698 1631 1804 1696 ridere
1822 1631 1909 1714 quod
1930 1630 2091 1716 psalmum
2113 1630 2292 1716 quadrage·

384 1717 569 1782 humbertus
585 1717 765 1799 praefectus
782 1715 873 1781 urbis
889 1718 1074 1800 privignam
1092 1737 1185 1782 suam
1202 1716 1268 1780 elo·
1320 1715 1440 1780 simum
1462 1716 1612 1798 quintum
1635 1737 1695 1800 pro
1708 1716 1837 1782 Cantici
1860 1717 2047 1784 defensione
2069 1717 2228 1796 obiiciam,
2250 1725 2291 1798 et,

298 1805 386 1871 cavit
413 1803 479 1867 filio
508 1801 663 1867 Amedaei
693 1801 916 1884 Peumata)
966 1803 1019 1866 Ita
1051 1802 1143 1866 vides
1174 1802 1269 1866 initia
1319 1822 1420 1883 quum
1443 1799 1616 1868 descensus
1639 1801 1764 1868 Christi
1786 1801 1827 1868 nd
1849 1803 1970 1869 inferos
1991 1803 2026 1868 in
2049 1802 2195 1887 symbolo
2217 1801 2291 1867 sub-

298 1886 456 1972 quaedam
484 1885 655 1968 ἀμνηστίας.
700 1888 805 1951 Primi
831 1889 977 1968 exsules,
1004 1909 1104 1970 quum
1132 1887 1270 1952 audiunt
1319 1887 1450 1952 iunctus
1472 1887 1515 1952 sit
1536 1887 1732 1970 sepulturae,
1754 1909 1813 1972 pro
1835 1889 2103 1973 interpretatione
2125 1909 2200 1954 mea
2216 1908 2290 1952 con·

297 1983 426 2042 nostros
447 1975 513 2037 iam
531 1972 610 2037 adeo
627 1971 738 2038 faciles
759 1994 829 2038 esse
850 1976 952 2038 factos
970 1973 1011 2037 ad
1028 1972 1269 2056 patefaciendas
1320 1969 1481 2036 firmanda
1502 1993 1614 2038 vocem
1632 1973 1721 2038 illam
1739 1973 1898 2040 adducam
1920 1995 2017 2058 quam
2039 1975 2074 2039 in
2096 1994 2192 2040 eruce
2213 1994 2291 2056 pen·

298 2069 424 2144 portas,
458 2058 499 2124 ad
531 2058 671 2122 reditum
704 2056 917 2140 adspirant.¹)
965 2058 1037 2123 Iam
1071 2059 1110 2123 de
1151 2059 1270 2122 Veneto
1321 2057 1401 2122 dens
1422 2057 1535 2123 edidit:
1559 2059 1651 2124 Deus
1674 2081 1766 2124 meus
1787 2067 1847 2126 ete.
1891 2059 1963 2144 Ego
1985 2059 2072 2126 illius
2098 2059 2292 2124 stallorum

299 2146 459 2230 agitatm
486 2153 551 2223 cst,
583 2151 616 2207 et
642 2150 801 2226 quantum
828 2144 905 2210 licet
930 2146 1115 2210 coniectura
1141 2144 1270 2226 assequi
1320 2163 1440 2208 sannas
1463 2165 1564 2227 aequo
1586 2144 1695 2210 animo
1716 2146 1827 2210 leram.
1872 2145 1948 2211 Non
1971 2165 2086 2210 vereor
2113 2155 2224 2210 tamen
2251 2165 2292 2210 ne

296 2229 494 2315 impetrabit.
548 2229 713 2294 Pecuniae
751 2230 839 2292 enim
872 2249 1027 2294 amoenus
1065 2239 1098 2294 et
1135 2228 1269 2312 pulcher
1320 2249 1374 2293 me
1396 2229 1518 2294 ratione
1540 2229 1684 2296 vincant.
1730 2231 1802 2296 Hoc
1824 2239 1994 2296 tantuma
2022 2229 2114 2296 vobis
2136 2231 2291 2314 impetra-

297 2324 458 2400 aspectus.
518 2315 572 2379 llli
612 2315 782 2388 ferociores
827 2315 928 2379 animi
966 2316 1032 2380 iam
1071 2313 1268 2381 ceciderunt
1320 2321 1393 2378 tum
1426 2315 1540 2379 velim:
1574 2314 1614 2380 de
1644 2314 1826 2380 Sebastiam
1859 2337 1903 2380 ne
1935 2315 2018 2380 mihi
2049 2317 2121 2381 sitis
2153 2315 2291 2380 molesti.

297 2402 392 2468 Unus
424 2403 490 2465 iam
523 2399 693 2464 restitutus
725 2407 788 2477 est,
826 2420 927 2483 gener
957 2401 1126 2468 Francisci
1159 2399 1268 2479 Fabri,
1320 2399 1383 2464 Ille
1406 2407 1565 2482 quantum
1591 2421 1632 2466 ex
1661 2401 1731 2466 eius
1758 2421 1907 2466 sermone
1931 2402 2084 2485 colligere
2110 2402 2216 2483 potui,
2244 2402 2291 2466 ita

297 2484 455 2553 Amedaei
470 2485 598 2550 Perriai
620 2491 746 2568 rogatu,
769 2485 824 2566 qui
846 2485 1067 2552 eiMelebicric
1089 2487 1268 2564 tabernam,
1321 2485 1361 2550 de
1383 2485 1547 2550 mesentit
1567 2493 1605 2551 ut
1626 2483 1756 2552 difficile
1777 2486 1822 2552 sit
1842 2507 1938 2571 posse
1959 2487 2046 2551 inter
2067 2507 2127 2552 nos
2148 2507 2312 2569 unquam,

297 2592 396 2655 quam
417 2571 536 2635 tutorio
558 2570 690 2634 nomine
709 2578 809 2648 tenet,
832 2571 908 2636 vult
929 2575 1140 2639 committere.
1321 2571 1504 2636 convenire.
1548 2571 1621 2636 Tibi
1643 2571 1713 2638 dico
1730 2571 1816 2654 quod
1837 2572 1910 2638 aliis
1931 2571 2004 2638 volo
2025 2570 2162 2637 dictum:
2185 2589 2290 2654 neque

383 2657 520 2740 Legatis
542 2652 582 2720 de
604 2662 637 2719 te
659 2675 732 2720 sum
751 2655 912 2739 loquutus.
942 2657 1043 2722 Volui
1065 2659 1153 2723 enim
1175 2677 1268 2741 prae·
1321 2657 1409 2722 enim
1437 2655 1520 2721 mihi
1552 2656 1710 2723 haetenus
1741 2657 1833 2722 bristi
1859 2657 2025 2724 molestus.
2079 2656 2185 2723 Paulo
2216 2661 2293 2740 post

297 2747 425 2807 tentare
452 2762 533 2806 num
560 2749 593 2805 te
618 2741 708 2807 illinc
741 2741 782 2806 ad
808 2762 869 2808 nos
897 2742 1063 2807 attrahere
1089 2763 1267 2828 possemus.
1321 2742 1391 2806 eius
1404 2743 1446 2818 ¹¹)
1469 2741 1611 2807 reditum
1633 2741 1722 2810 volui
1744 2742 1827 2809 seire
1853 2764 2013 2826 quaenam
2040 2742 2098 2807 illa
2121 2751 2232 2808 essent
2253 2739 2292 2808 de

297 2827 478 2910 Negarunt·
496 2825 642 2910 quidem,
670 2825 801 2892 sedita
827 2835 957 2892 utnon
983 2827 1174 2894 viderentur
1201 2829 1269 2894 fore
1320 2827 1437 2909 quibus
1464 2827 1544 2892 utile
1571 2827 1715 2894 mihist
1747 2827 1899 2895 ecclesiae
1925 2829 2009 2894 foret
2035 2850 2088 2893 me
2114 2825 2291 2894 admoneri.

296 2913 496 2999 pertinaces,
524 2913 551 2977 si
581 2913 735 2978 insistant
762 2912 935 2996 aliquando
961 2915 1073 2979 nostri.
1128 2915 1269 2980 Girerdo
1320 2913 1395 2978 Non
1423 2912 1486 2978 nisi
1519 2911 1582 2978 duo
1613 2914 1745 2979 extorsi.
1795 2914 1998 2981 Beruensem
2031 2935 2102 2980 esse
2129 2911 2292 2998 quendam

296 2998 400 3066 obtuli
420 3018 529 3064 meam
549 3017 683 3080 operam
704 2998 733 3063 si
754 3021 807 3064 res
829 3000 977 3083 postulet.
1011 2999 1104 3084 Opus
1120 3001 1269 3066 Bernen-
1320 2999 1374 3081 qui
1397 2997 1437 3064 de
1454 2997 1589 3064 Oantioo
1606 3019 1627 3063 a
1644 3021 1696 3064 me
1714 2997 1888 3080 didicisset,
1910 2998 1995 3083 quod
2012 2999 2048 3064 in
2066 3021 2101 3066 se
2123 3007 2292 3083 tantopere

296 3083 387 3152 sibus
408 3081 550 3148 dedicari
571 3083 654 3148 mihi
676 3104 742 3149 non
763 3083 884 3167 placet,
912 3085 976 3152 nisi
1003 3095 1077 3151 ante
1100 3107 1141 3150 ex
1163 3106 1268 3151 secre-
1319 3083 1546 3166 improbarem.
1595 3085 1750 3151 Refutavi
1775 3085 1860 3152 hanc
1886 3085 2093 3151 calumniam.
2137 3083 2293 3150 Alterum

1574 3263 1718 3321 raeterea
1745 3255 1894 3322 habebat
1942 3257 2080 3322 Miseret
2105 3277 2159 3322 me
2190 3255 2290 3321 illius.

297 3169 381 3235 tario
409 3169 580 3235 resciveris
606 3167 640 3232 id
667 3169 765 3234 officii
794 3191 901 3253 neque
925 3170 991 3234 illis
1021 3173 1189 3255 ingratum
1210 3192 1268 3234 ne·
1320 3178 1399 3247 erat,
1422 3169 1572 3338 6011Θῇ
1584 3169 1665 3234 mihi
1686 3167 1837 3236 blandiri.
1881 3169 2049 3254 Respondi
2075 3169 2163 3255 quod
2184 3171 2292 3236 visum

297 3275 361 3339 que
386 3254 448 3322 tibi
475 3252 668 3319 damnosum
694 3255 807 3336 forest)
853 3255 1031 3321 Audieram
1057 3264 1092 3320 te
1117 3255 1268 3321 nonnihil
1321 3263 1379 3320 est
1430 3253 1497 3319 Nih

297 3339 455 3406 adversus
477 3337 671 3405 Serbonicos
693 3339 847 3405 articulos
869 3340 1033 3420 meditari,
1059 3341 1146 3424 qnod
1168 3341 1267 3406 vehe—
1321 3339 1478 3423 Optarem
1506 3340 1553 3406 illi
1580 3339 1664 3406 bene
1689 3340 1808 3406 alicubi
1830 3341 1900 3408 sine
1921 3341 2117 3408 offendiculo
2139 3361 2290 3425 prospec-

296 3433 427 3490 menter
452 3445 621 3508 cuperem:
656 3447 773 3490 verum
800 3425 938 3492 Ribittus
964 3426 1049 3492 nihil
1076 3449 1110 3492 se
1139 3427 1268 3492 audisse
1320 3435 1400 3503 tum,
1425 3435 1458 3490 et
1479 3425 1619 3492 libenter
1629 3447 1688 3509 pro
1710 3447 1783 3491 mea
1804 3427 1889 3492 virili
1912 3448 2045 3492 manum
2068 3425 2109 3491 ad
2131 3449 2204 3492 eam
2222 3445 2291 3492 rem

296 3509 474 3593 respondit.
519 3509 629 3574 Velim
650 3510 753 3595 igitur
774 3511 889 3589 facias,
917 3520 951 3577 et
972 3512 1054 3578 mihi
1084 3514 1194 3578 statim
1216 3533 1267 3577 re·
1319 3511 1528 3596 porrigerem.
1573 3511 1685 3578 Faveo
1711 3512 1844 3596 ingenio
1872 3522 1906 3577 et
1926 3511 2102 3578 doctrinae.
2146 3513 2290 3579 Tantum

296 3597 421 3662 scribas
442 3616 512 3661 esse
533 3596 662 3660 factum.
706 3595 794 3662 Sunt
816 3597 903 3662 enim
925 3600 960 3662 in
983 3597 1094 3664 Gallia
1113 3599 1268 3682 permulti
1322 3597 1437 3662 vellem
1459 3594 1541 3662 illud
1567 3597 1775 3662 coniunctum
1802 3618 1873 3664 csse
1899 3619 1975 3664 cum
2003 3597 2134 3663 meliore
2162 3597 2288 3675 iudicio,

297 3680 409 3766 quiid
431 3681 574 3764 eupiunt.
607 3681 756 3765 Rogatus
778 3703 869 3748 eram
892 3703 911 3748 a
932 3684 1134 3766 quibusdam.
1168 3685 1267 3749 Potes
1320 3682 1405 3748 hanc
1438 3681 1613 3766 prudentia
1645 3690 1860 3766 temperatam
1893 3693 1926 3748 et
1957 3683 2046 3748 illam
2081 3683 2288 3748 immodicam

296 3787 366 3847 me,
394 3767 424 3832 si
450 3766 541 3846 velis,
564 3766 626 3832 hoc
646 3787 745 3832 onere
772 3768 950 3834 sublevare.
960 3767 988 3856 ⁶)
1031 3769 1268 3836 Neocomenses
1319 3767 1559 3847 confidentiam,
1580 3789 1679 3850 quam
1696 3790 1737 3834 ex
1758 3768 1840 3835 falsa
1862 3767 2028 3835 doctrinae
2049 3768 2196 3836 modicae
2216 3789 2288 3852 per-

297 3851 390 3918 aliud
416 3851 609 3936 opusculum
636 3873 655 3918 a
681 3873 734 3918 me
760 3855 911 3939 flagitant
937 3855 1094 3921 adversus
1122 3855 1267 3920 libellum
1319 3855 1468 3920 suasione
1490 3855 1646 3936 concepit,
1674 3875 1715 3919 ex
1737 3853 1847 3919 animo
1869 3855 1939 3920 eius
1961 3856 2090 3938 penitus
2112 3853 2286 3921 revulsam.

295 3938 459 4023 quendam
481 3937 820 4020 Anabaptistarum.⁷)
1320 3938 1413 4018 Vale,
1440 3939 1606 4006 carissime
1626 3940 1727 4004 frater
1744 3947 1777 4004 et
1799 3940 1901 4006 amice
1928 3941 2147 4024 integerrime.
2193 3939 2287 4006 Salu-

380 4021 433 4088 De
463 4021 646 4090 Sebastiano
671 4045 797 4108 quoque
824 4026 928 4091 obiter
954 4047 1084 4092 mecum
1111 4027 1178 4110 egit
1206 4026 1266 4092 Ri-
1318 4032 1385 4090 tem
1407 4025 1582 4108 plurimam
1608 4025 1771 4105 fratribus,
1799 4026 1892 4090 uxori
1920 4035 1953 4090 et
1974 4035 2179 4091 materterae.
2220 4023 2287 4089 Do-

295 4109 403 4188 bittus,
432 4119 465 4174 et
493 4107 663 4175 videbatur
689 4111 821 4176 omnino
848 4132 980 4196 urgere,
1008 4134 1074 4178 non
1103 4110 1220 4180 debere
1247 4133 1267 4176 a
1318 4113 1426 4176 minus
1448 4131 1506 4176 vos
1527 4131 1640 4176 omnes
1662 4119 1843 4177 conservet.
1887 4111 1980 4178 Uxor
2001 4131 2075 4176 mea
2091 4118 2124 4176 te
2142 4121 2176 4176 et
2196 4111 2288 4176 fami·

1317 4196 1394 4261 liam
1417 4205 1508 4261 tuam
1529 4195 1702 4280 diligenter
1723 4197 1852 4262 salutat
1897 4195 2060 4263 Genevae.
2075 4199 2115 4274 ¹¹)

399 4329 429 4397 2)
445 4330 517 4399 pros.
536 4331 754 4386 Lamecum
1819 4298 1960 4365 Ioannes
1981 4298 2139 4366 Calvinus
2161 4307 2245 4364 tuus.

399 4398 429 4464 6)
447 4397 528 4454 Aiace*
545 4400 634 4468 (Aac)
654 4400 686 4454 de
705 4399 925 4469 blcopcuaroupe.

398 4469 428 4534 4)
447 4466 501 4520 Les
518 4467 632 4538 de'pute's
649 4469 683 4522 de
700 4469 788 4523 lierne
804 4469 1003 4524 intercederent
1020 4487 1089 4542 pour
1106 4472 1146 4526 les
1162 4471 1266 4542 ingitils
1419 4465 1449 4533 8)
1469 4467 1488 4521 a
1506 4483 1527 4522 e.
1546 4483 1565 4523 o
1581 4469 1732 4524 ministerio
1749 4469 1845 4525 areeri

295 4535 345 4608 (N.
363 4535 423 4606 533,
441 4541 496 4590 act.
514 4535 544 4601 6)
563 4543 591 4590 et
608 4538 748 4592 obtinrent
763 4541 843 4608 grece
860 4537 964 4592 entibre
986 4557 1056 4609 pour
1078 4557 1139 4604 eux,
1157 4541 1183 4593 le
1200 4557 1265 4608 pon·
1420 4535 1451 4602 9)
1468 4537 1512 4592 En
1535 4535 1604 4590 1542
1621 4537 1768 4592 Ohastillon
1791 4538 1833 4592 int
1855 4538 1960 4592 nomme
1983 4543 2095 4592 mautre
2118 4538 2167 4592 dea
2192 4537 2288 4606 becles,

295 4605 358 4660 voir
374 4605 409 4660 de
426 4615 534 4658 rentrer
551 4606 619 4660 dans
642 4607 669 4660 la
692 4607 756 4660 ville
780 4612 808 4660 et
830 4608 917 4660 meme
940 4608 1095 4678 exemption
1118 4607 1264 4674 d’amendc,
1317 4621 1383 4660 avec
1400 4604 1500 4675 charge
1517 4605 1611 4660 d’aller
1628 4607 1662 4661 de
1680 4613 1768 4676 temps
1780 4623 1814 4660 en
1831 4613 1920 4676 temps
1935 4605 2048 4675 prbcher
2065 4605 2288 4672 iaVandoeurre,

296 4691 360 4728 sons
377 4675 405 4728 la
421 4673 561 4728 condition
579 4673 657 4744 qu’ils
674 4675 842 4730 viendraient
850 4693 900 4746 par
908 4677 1020 4745 requbte
1029 4677 1128 4731 devant
1144 4678 1170 4731 lc
1179 4677 1266 4747 grand
1317 4675 1438 4744 paroisse
1461 4675 1508 4744 qni
1534 4673 1552 4728 6
1574 4679 1647 4730 cette
1669 4675 1774 4746 e'poqub
1796 4674 1895 4730 n’avait
1923 4692 1972 4746 pas
1994 4675 2029 4730 de
2052 4680 2164 4745 pasteur
2186 4673 2291 4728 attitrb.

296 4743 399 4798 concil
414 4747 462 4798 ro.
480 4741 606 4808 (auec
629 4744 658 4799 V.
675 4741 749 4810 241.)
1317 4739 1433 4812 (Be'tual
1446 4759 1476 4811 p.
1495 4740 1549 4809 14.)

399 4808 430 4878 6)
454 4809 562 4866 Vtram
587 4813 743 4880 opuseulum
773 4827 852 4866 mum
876 4812 909 4867 de
929 4828 982 4883 quo
1007 4813 1087 4867 Ptole
1103 4831 1128 4883 p.
1155 4813 1210 4868 IX.
1231 4811 1265 4868 66
1403 4811 1448 4878 10)
1469 4811 1599 4867 Rsbtttua.

296 4877 418 4960 dictaque
436 4877 697 4936 &aemilianensi
712 4881 806 4937 diam
821 4881 952 4937 winerat
989 4879 1069 4950 Quod
1080 4829 1193 4938 balciam
1209 4899 1266 4936 aaa
1404 4880 1449 4947 11)
1467 4879 1591 4936 ladam
1607 4881 1776 4936 Lamnum
1790 4885 1869 4950 putu,
1887 4881 1943 4935 iam
1965 4879 2067 4936 Rrbttto
2085 4879 2226 4948 referente.

295 4948 407 5014 planat.
445 4947 586 5031 (lifardus
601 4949 671 5004 allud
687 4949 841 5005 manabat.
877 4949 962 5032 (¹¹²st
977 4949 1015 5004 du
1034 4949 1063 5006 0.
1080 4949 1123 5033 24.
1142 4951 1241 5016 Mart)
1402 4947 1448 5016 12)
1469 4947 1639 5004 Castelltoaia
1655 4949 1706 5018 qui
1720 4947 1808 5004 medio
1823 4949 1882 5016 fere
1893 4965 1927 5004 aa.
1938 4947 2093 5004 Februario
2105 4949 2288 5007 acum

299 5077 365 5136 &a
380 5017 691 5155 tdrbeddmb‘abbrmobac'rni
703 5017 875 5144 Ndmmdddubbo
891 5017 1180 5157 bNdpdoN.wNNN)⁸e'
1198 5037 1265 5076 m·
1315 5034 1377 5074 m
1401 5022 2000 5168 ltbbrreuauccuuod.111aoaaultc
2024 5087 2169 5168 eanmund
2282 5153 2291 5168 ι

400 5151 430 5218 l)
454 5154 485 5210 V.
503 5155 642 5212 Ferrum
660 5155 697 5212 N.
714 5153 774 5209 oet
1315 5156 1431 5223 efficeret
1447 5168 1489 5222 cp.
1513 5152 1586 5209 boae
1608 5153 1658 5210 sub
1680 5156 1761 5222 ficem
1779 5153 1928 5210 Febrim
1951 5159 2002 5210 cre
2017 5169 2038 5210 c
2056 5153 2168 5210 miuus·
2220 5155 2289 5210 arua
