<?xml version="1.0" encoding="UTF-8"?>
<!DOCTYPE html PUBLIC "-//W3C//DTD XHTML 1.0 Transitional//EN"
    "http://www.w3.org/TR/xhtml1/DTD/xhtml1-transitional.dtd">
<html xmlns="http://www.w3.org/1999/xhtml" xml:lang="en" lang="en">
 <head>
  <title>
</title>
<meta http-equiv="Content-Type" content="text/html;charset=utf-8" />
  <meta name='ocr-system' content='tesseract 3.04.00' />
  <meta name='ocr-capabilities' content='ocr_page ocr_carea ocr_par ocr_line ocrx_word'/>
</head>
<body>
  <div class='ocr_page' id='page_1' title='image "./ioanniscalvinio04reusgoog/ioanniscalvinio04reusgoog_0074.png"; bbox 0 0 4942 5982; ppageno 0'>
   <div class='ocr_carea' id='block_1_1' title="bbox 1002 353 1310 423">
    <p class='ocr_par' dir='ltr' id='par_1_1' title="bbox 1002 353 1310 423">
     <span class='ocr_line' id='line_1_1' title="bbox 1002 353 1310 423; baseline 0 -3"><span class='ocrx_word' id='word_1_1' title='bbox 1002 360 1084 422; x_wconf 82' lang='lat'>1540</span> <span class='ocrx_word' id='word_1_2' title='bbox 1105 353 1310 423; x_wconf 78' lang='lat' dir='ltr'>NOVDMB.</span> 
     </span>
    </p>
   </div>
   <div class='ocr_carea' id='block_1_2' title="bbox 412 544 1124 748">
    <p class='ocr_par' dir='ltr' id='par_1_2' title="bbox 412 544 1124 748">
     <span class='ocr_line' id='line_1_2' title="bbox 429 544 1124 614; baseline -0.003 -2"><span class='ocrx_word' id='word_1_3' title='bbox 429 599 433 612; x_wconf 95' lang='lat'>.</span> <span class='ocrx_word' id='word_1_4' title='bbox 607 544 682 614; x_wconf 70' lang='grc'>2111.</span> <span class='ocrx_word' id='word_1_5' title='bbox 1122 547 1124 552; x_wconf 76' lang='grc'><strong>’</strong></span> 
     </span>
     <span class='ocr_line' id='line_1_3' title="bbox 412 680 881 748; baseline -0.004 0"><span class='ocrx_word' id='word_1_6' title='bbox 412 680 646 748; x_wconf 81' lang='lat' dir='ltr'>OALVINUS</span> <span class='ocrx_word' id='word_1_7' title='bbox 668 680 881 746; x_wconf 81' lang='lat' dir='ltr'>PARDN&#39;H.</span> 
     </span>
    </p>
   </div>
   <div class='ocr_carea' id='block_1_3' title="bbox 158 849 1131 1193">
    <p class='ocr_par' dir='ltr' id='par_1_3' title="bbox 158 849 1131 1193">
     <span class='ocr_line' id='line_1_4' title="bbox 244 849 1131 933; baseline -0.002 -15"><span class='ocrx_word' id='word_1_8' title='bbox 244 851 374 919; x_wconf 79' lang='lat' dir='ltr'>Gaudet</span> <span class='ocrx_word' id='word_1_9' title='bbox 395 857 479 918; x_wconf 84' lang='grc'>61616</span> <span class='ocrx_word' id='word_1_10' title='bbox 499 851 710 920; x_wconf 75' lang='grc'>6616166661</span> <span class='ocrx_word' id='word_1_11' title='bbox 730 852 800 933; x_wconf 81' lang='lat' dir='ltr'>ipso</span> <span class='ocrx_word' id='word_1_12' title='bbox 822 851 941 917; x_wconf 75' lang='grc'>6166616</span> <span class='ocrx_word' id='word_1_13' title='bbox 962 849 1131 933; x_wconf 65' lang='lat' dir='ltr'>tarquitio</span> 
     </span>
     <span class='ocr_line' id='line_1_5' title="bbox 159 936 1128 1020; baseline -0.006 -15"><span class='ocrx_word' id='word_1_14' title='bbox 159 945 186 1005; x_wconf 71' lang='lat' dir='ltr'>d</span> <span class='ocrx_word' id='word_1_15' title='bbox 205 939 360 1004; x_wconf 79' lang='lat' dir='ltr'>ordinato.</span> <span class='ocrx_word' id='word_1_16' title='bbox 411 939 539 1006; x_wconf 82' lang='lat' dir='ltr'>Uticam</span> <span class='ocrx_word' id='word_1_17' title='bbox 563 943 592 1002; x_wconf 77' lang='lat' dir='ltr'>et</span> <span class='ocrx_word' id='word_1_18' title='bbox 615 937 754 1003; x_wconf 80' lang='lat' dir='ltr'>Geneooc</span> <span class='ocrx_word' id='word_1_19' title='bbox 775 936 895 1002; x_wconf 77' lang='lat' dir='ltr'><strong><em>similia</em></strong></span> <span class='ocrx_word' id='word_1_20' title='bbox 918 939 1128 1020; x_wconf 77' lang='grc'>6661166661.</span> 
     </span>
     <span class='ocr_line' id='line_1_6' title="bbox 163 1020 1130 1105; baseline -0.001 -16"><span class='ocrx_word' id='word_1_21' title='bbox 163 1023 226 1105; x_wconf 71' lang='lat' dir='ltr'>Quo</span> <span class='ocrx_word' id='word_1_22' title='bbox 246 1043 293 1088; x_wconf 86' lang='grc'>66</span> <span class='ocrx_word' id='word_1_23' title='bbox 309 1023 413 1089; x_wconf 84' lang='lat' dir='ltr'>redire</span> <span class='ocrx_word' id='word_1_24' title='bbox 429 1023 534 1089; x_wconf 82' lang='lat' dir='ltr'>debeat</span> <span class='ocrx_word' id='word_1_25' title='bbox 550 1025 686 1089; x_wconf 86' lang='grc'>666166</span> <span class='ocrx_word' id='word_1_26' title='bbox 703 1024 899 1088; x_wconf 81' lang='grc'>6661116166</span> <span class='ocrx_word' id='word_1_27' title='bbox 916 1022 1011 1088; x_wconf 81' lang='lat' dir='ltr'>hobel.</span> <span class='ocrx_word' id='word_1_28' title='bbox 1055 1020 1130 1088; x_wconf 82' lang='grc'>066-</span> 
     </span>
     <span class='ocr_line' id='line_1_7' title="bbox 158 1108 869 1193; baseline -0.003 -19"><span class='ocrx_word' id='word_1_29' title='bbox 158 1110 267 1174; x_wconf 81' lang='grc'>61166</span> <span class='ocrx_word' id='word_1_30' title='bbox 289 1110 327 1175; x_wconf 82' lang='lat' dir='ltr'>de</span> <span class='ocrx_word' id='word_1_31' title='bbox 347 1130 438 1176; x_wconf 81' lang='grc'>66666</span> <span class='ocrx_word' id='word_1_32' title='bbox 459 1111 661 1193; x_wconf 72' lang='grc'>1666616611</span> <span class='ocrx_word' id='word_1_33' title='bbox 681 1108 869 1174; x_wconf 69' lang='lat' dir='ltr'>alebrando.</span> 
     </span>
    </p>
   </div>
   <div class='ocr_carea' id='block_1_4' title="bbox 159 1277 1130 1471">
    <p class='ocr_par' dir='ltr' id='par_1_4' title="bbox 159 1277 1130 1471">
     <span class='ocr_line' id='line_1_8' title="bbox 160 1277 1130 1348; baseline -0.003 -15"><span class='ocrx_word' id='word_1_34' title='bbox 160 1280 241 1344; x_wconf 89' lang='lat' dir='ltr'>(Bibl.</span> <span class='ocrx_word' id='word_1_35' title='bbox 261 1279 365 1334; x_wconf 78' lang='lat' dir='ltr'>Gener.</span> <span class='ocrx_word' id='word_1_36' title='bbox 384 1279 449 1334; x_wconf 82' lang='lat' dir='ltr'>Ood.</span> <span class='ocrx_word' id='word_1_37' title='bbox 468 1277 526 1348; x_wconf 82' lang='lat'>106,</span> <span class='ocrx_word' id='word_1_38' title='bbox 544 1277 639 1343; x_wconf 75' lang='lat' dir='ltr'>totta,</span> <span class='ocrx_word' id='word_1_39' title='bbox 658 1277 832 1348; x_wconf 74' lang='lat' dir='ltr'><strong>apographon</strong></span> <span class='ocrx_word' id='word_1_40' title='bbox 851 1277 992 1347; x_wconf 85' lang='lat' dir='ltr'>antiquum</span> <span class='ocrx_word' id='word_1_41' title='bbox 1009 1283 1130 1331; x_wconf 74' lang='grc'>666616-</span> 
     </span>
     <span class='ocr_line' id='line_1_9' title="bbox 159 1345 1129 1471; baseline -0.005 -68"><span class='ocrx_word' id='word_1_42' title='bbox 159 1349 466 1471; x_wconf 44' lang='lat' dir='ltr'>ffilthhmi.mm;</span> <span class='ocrx_word' id='word_1_43' title='bbox 483 1349 635 1402; x_wconf 88' lang='lat' dir='ltr'>recentiora</span> <span class='ocrx_word' id='word_1_44' title='bbox 653 1353 762 1400; x_wconf 84' lang='lat' dir='ltr'>exstant</span> <span class='ocrx_word' id='word_1_45' title='bbox 779 1347 843 1399; x_wconf 87' lang='lat' dir='ltr'>ibid.</span> <span class='ocrx_word' id='word_1_46' title='bbox 863 1347 928 1401; x_wconf 90' lang='lat' dir='ltr'>Cod.</span> <span class='ocrx_word' id='word_1_47' title='bbox 948 1347 1005 1412; x_wconf 88' lang='lat'>111,</span> <span class='ocrx_word' id='word_1_48' title='bbox 1024 1347 1069 1399; x_wconf 91' lang='grc'>161.</span> <span class='ocrx_word' id='word_1_49' title='bbox 1087 1345 1129 1410; x_wconf 82' lang='grc'>26,</span> 
     </span>
    </p>
   </div>
   <div class='ocr_carea' id='block_1_5' title="bbox 415 1413 1130 1550">
    <p class='ocr_par' dir='ltr' id='par_1_5' title="bbox 415 1413 1130 1550">
     <span class='ocr_line' id='line_1_10' title="bbox 415 1413 1130 1484; baseline -0.004 -14"><span class='ocrx_word' id='word_1_50' title='bbox 415 1447 446 1456; x_wconf 90' lang='grc'>-</span> <span class='ocrx_word' id='word_1_51' title='bbox 470 1417 553 1470; x_wconf 82' lang='lat' dir='ltr'>Aroh.</span> <span class='ocrx_word' id='word_1_52' title='bbox 576 1417 658 1470; x_wconf 89' lang='lat' dir='ltr'>Bern.</span> <span class='ocrx_word' id='word_1_53' title='bbox 681 1415 751 1484; x_wconf 83' lang='lat' dir='ltr'>Epp.</span> <span class='ocrx_word' id='word_1_54' title='bbox 776 1415 827 1468; x_wconf 90' lang='grc'>11.</span> <span class='ocrx_word' id='word_1_55' title='bbox 851 1431 878 1484; x_wconf 83' lang='lat' dir='ltr'>p·</span> <span class='ocrx_word' id='word_1_56' title='bbox 895 1413 939 1469; x_wconf 79' lang='lat'>42.</span> <span class='ocrx_word' id='word_1_57' title='bbox 963 1445 997 1454; x_wconf 90' lang='lat'>-·</span> <span class='ocrx_word' id='word_1_58' title='bbox 1015 1415 1130 1484; x_wconf 82' lang='lat' dir='ltr'>Anglioe</span> 
     </span>
     <span class='ocr_line' id='line_1_11' title="bbox 484 1481 806 1550; baseline -0.006 -12"><span class='ocrx_word' id='word_1_59' title='bbox 484 1485 570 1538; x_wconf 87' lang='lat' dir='ltr'>edidit</span> <span class='ocrx_word' id='word_1_60' title='bbox 587 1484 674 1538; x_wconf 81' lang='lat' dir='ltr'>Bt·0.</span> <span class='ocrx_word' id='word_1_61' title='bbox 691 1486 713 1538; x_wconf 88' lang='lat' dir='ltr'>L</span> <span class='ocrx_word' id='word_1_62' title='bbox 733 1481 806 1550; x_wconf 86' lang='grc'>196.)</span> 
     </span>
    </p>
   </div>
   <div class='ocr_carea' id='block_1_6' title="bbox 225 1653 1061 1825">
    <p class='ocr_par' dir='ltr' id='par_1_6' title="bbox 225 1653 1061 1825">
     <span class='ocr_line' id='line_1_12' title="bbox 225 1653 1061 1740; baseline -0.002 -21"><span class='ocrx_word' id='word_1_63' title='bbox 225 1653 366 1740; x_wconf 90' lang='lat' dir='ltr'>Optimo</span> <span class='ocrx_word' id='word_1_64' title='bbox 387 1656 480 1721; x_wconf 75' lang='lat' dir='ltr'>butri</span> <span class='ocrx_word' id='word_1_65' title='bbox 501 1675 573 1721; x_wconf 91' lang='lat' dir='ltr'>meo</span> <span class='ocrx_word' id='word_1_66' title='bbox 595 1655 729 1720; x_wconf 88' lang='lat' dir='ltr'>Nicolao</span> <span class='ocrx_word' id='word_1_67' title='bbox 750 1654 885 1719; x_wconf 87' lang='lat' dir='ltr'>Parenti</span> <span class='ocrx_word' id='word_1_68' title='bbox 908 1653 1061 1720; x_wconf 89' lang='lat' dir='ltr'>ecclesiae</span> 
     </span>
     <span class='ocr_line' id='line_1_13' title="bbox 255 1737 1026 1825; baseline -0.005 -18"><span class='ocrx_word' id='word_1_69' title='bbox 255 1741 436 1824; x_wconf 74' lang='lat' dir='ltr'>gallicanae</span> <span class='ocrx_word' id='word_1_70' title='bbox 458 1740 544 1825; x_wconf 87' lang='lat' dir='ltr'>apud</span> <span class='ocrx_word' id='word_1_71' title='bbox 566 1742 863 1825; x_wconf 83' lang='lat' dir='ltr'>Argentoratensos</span> <span class='ocrx_word' id='word_1_72' title='bbox 884 1737 1026 1805; x_wconf 86' lang='lat' dir='ltr'>diacono.</span> 
     </span>
    </p>
   </div>
   <div class='ocr_carea' id='block_1_7' title="bbox 159 1874 1133 4878">
    <p class='ocr_par' dir='ltr' id='par_1_7' title="bbox 159 1874 1131 2215">
     <span class='ocr_line' id='line_1_14' title="bbox 241 1874 1130 1961; baseline -0.006 -19"><span class='ocrx_word' id='word_1_73' title='bbox 241 1877 318 1961; x_wconf 86' lang='lat' dir='ltr'>Ego</span> <span class='ocrx_word' id='word_1_74' title='bbox 340 1877 422 1942; x_wconf 90' lang='lat' dir='ltr'>mihi</span> <span class='ocrx_word' id='word_1_75' title='bbox 444 1877 660 1960; x_wconf 88' lang='lat' dir='ltr'>ecclesiaeque</span> <span class='ocrx_word' id='word_1_76' title='bbox 680 1885 810 1941; x_wconf 90' lang='lat' dir='ltr'>nostrae</span> <span class='ocrx_word' id='word_1_77' title='bbox 832 1876 937 1960; x_wconf 84' lang='lat' dir='ltr'>magis</span> <span class='ocrx_word' id='word_1_78' title='bbox 956 1895 1053 1957; x_wconf 91' lang='lat' dir='ltr'>quam</span> <span class='ocrx_word' id='word_1_79' title='bbox 1071 1874 1130 1940; x_wconf 91' lang='lat' dir='ltr'>tibi</span> 
     </span>
     <span class='ocr_line' id='line_1_15' title="bbox 159 1957 1131 2047; baseline -0.008 -18"><span class='ocrx_word' id='word_1_80' title='bbox 159 1963 317 2047; x_wconf 78' lang='lat' dir='ltr'>gratidor,</span> <span class='ocrx_word' id='word_1_81' title='bbox 339 1964 386 2027; x_wconf 92' lang='lat' dir='ltr'>mi</span> <span class='ocrx_word' id='word_1_82' title='bbox 409 1963 546 2042; x_wconf 82' lang='lat' dir='ltr'>Nicoloe,</span> <span class='ocrx_word' id='word_1_83' title='bbox 575 1960 660 2044; x_wconf 93' lang='lat' dir='ltr'>quod</span> <span class='ocrx_word' id='word_1_84' title='bbox 688 1983 801 2028; x_wconf 91' lang='lat' dir='ltr'>omnes</span> <span class='ocrx_word' id='word_1_85' title='bbox 825 1963 871 2026; x_wconf 89' lang='lat' dir='ltr'>ita</span> <span class='ocrx_word' id='word_1_86' title='bbox 893 1961 1068 2044; x_wconf 76' lang='lat' dir='ltr'>diligenter</span> <span class='ocrx_word' id='word_1_87' title='bbox 1089 1957 1131 2022; x_wconf 86' lang='lat' dir='ltr'>ad</span> 
     </span>
     <span class='ocr_line' id='line_1_16' title="bbox 160 2044 1130 2114; baseline -0.006 -1"><span class='ocrx_word' id='word_1_88' title='bbox 160 2049 349 2114; x_wconf 87' lang='lat' dir='ltr'>concionem</span> <span class='ocrx_word' id='word_1_89' title='bbox 361 2051 500 2114; x_wconf 86' lang='lat' dir='ltr'>veniunt</span> <span class='ocrx_word' id='word_1_90' title='bbox 510 2057 544 2112; x_wconf 90' lang='grc'>61</span> <span class='ocrx_word' id='word_1_91' title='bbox 554 2055 743 2113; x_wconf 89' lang='lat' dir='ltr'>reverenter</span> <span class='ocrx_word' id='word_1_92' title='bbox 761 2047 954 2114; x_wconf 86' lang='lat' dir='ltr'>auscultant.</span> <span class='ocrx_word' id='word_1_93' title='bbox 987 2044 1027 2109; x_wconf 96' lang='lat' dir='ltr'>Id</span> <span class='ocrx_word' id='word_1_94' title='bbox 1042 2045 1130 2108; x_wconf 90' lang='lat' dir='ltr'>euim</span> 
     </span>
     <span class='ocr_line' id='line_1_17' title="bbox 160 2133 1130 2215; baseline -0.005 -17"><span class='ocrx_word' id='word_1_95' title='bbox 160 2155 325 2198; x_wconf 90' lang='lat' dir='ltr'>summum</span> <span class='ocrx_word' id='word_1_96' title='bbox 346 2155 454 2199; x_wconf 90' lang='lat' dir='ltr'>meum</span> <span class='ocrx_word' id='word_1_97' title='bbox 472 2143 586 2199; x_wconf 84' lang='lat' dir='ltr'>votum</span> <span class='ocrx_word' id='word_1_98' title='bbox 603 2133 666 2197; x_wconf 87' lang='lat' dir='ltr'>fuit</span> <span class='ocrx_word' id='word_1_99' title='bbox 682 2154 782 2215; x_wconf 92' lang='lat' dir='ltr'>quum</span> <span class='ocrx_word' id='word_1_100' title='bbox 801 2133 1008 2209; x_wconf 75' lang='lat' dir='ltr'>discederem,</span> <span class='ocrx_word' id='word_1_101' title='bbox 1033 2139 1130 2194; x_wconf 91' lang='lat' dir='ltr'>utne</span> 
     </span>
    </p>

    <p class='ocr_par' dir='ltr' id='par_1_8' title="bbox 159 2215 1133 4878">
     <span class='ocr_line' id='line_1_18' title="bbox 179 2215 1131 2301; baseline -0.006 -16"><span class='ocrx_word' id='word_1_102' title='bbox 179 2220 234 2286; x_wconf 90' lang='lat' dir='ltr'>nid</span> <span class='ocrx_word' id='word_1_103' title='bbox 256 2220 414 2284; x_wconf 83' lang='lat' dir='ltr'>iratribus</span> <span class='ocrx_word' id='word_1_104' title='bbox 435 2220 564 2297; x_wconf 89' lang='lat' dir='ltr'>nostris,</span> <span class='ocrx_word' id='word_1_105' title='bbox 594 2239 675 2301; x_wconf 90' lang='grc'>6666</span> <span class='ocrx_word' id='word_1_106' title='bbox 699 2219 881 2283; x_wconf 89' lang='lat' dir='ltr'>ministerio</span> <span class='ocrx_word' id='word_1_107' title='bbox 902 2238 976 2281; x_wconf 90' lang='lat' dir='ltr'>meo</span> <span class='ocrx_word' id='word_1_108' title='bbox 999 2215 1131 2296; x_wconf 83' lang='lat' dir='ltr'>regebat</span> 
     </span>
     <span class='ocr_line' id='line_1_19' title="bbox 160 2243 1130 2386; baseline -0.007 -14"><span class='ocrx_word' id='word_1_109' title='bbox 160 2243 321 2382; x_wconf 71' lang='grc'>1116616166,</span> <span class='ocrx_word' id='word_1_110' title='bbox 343 2327 386 2370; x_wconf 82' lang='lat' dir='ltr'>ex</span> <span class='ocrx_word' id='word_1_111' title='bbox 407 2325 480 2370; x_wconf 89' lang='lat' dir='ltr'>mea</span> <span class='ocrx_word' id='word_1_112' title='bbox 502 2305 649 2370; x_wconf 88' lang='lat' dir='ltr'>absentia</span> <span class='ocrx_word' id='word_1_113' title='bbox 671 2302 848 2382; x_wconf 78' lang='lat' dir='ltr'>decederet,</span> <span class='ocrx_word' id='word_1_114' title='bbox 870 2301 1008 2386; x_wconf 92' lang='lat' dir='ltr'>nequid</span> <span class='ocrx_word' id='word_1_115' title='bbox 1030 2322 1071 2365; x_wconf 85' lang='lat' dir='ltr'>ox</span> <span class='ocrx_word' id='word_1_116' title='bbox 1092 2321 1130 2366; x_wconf 91' lang='lat' dir='ltr'>eo</span> 
     </span>
     <span class='ocr_line' id='line_1_20' title="bbox 160 2387 1130 2473; baseline -0.006 -17"><span class='ocrx_word' id='word_1_117' title='bbox 160 2391 273 2457; x_wconf 88' lang='lat' dir='ltr'>ordine</span> <span class='ocrx_word' id='word_1_118' title='bbox 307 2391 469 2473; x_wconf 85' lang='lat' dir='ltr'>deperiret</span> <span class='ocrx_word' id='word_1_119' title='bbox 498 2411 562 2472; x_wconf 90' lang='lat' dir='ltr'>quo</span> <span class='ocrx_word' id='word_1_120' title='bbox 591 2389 759 2454; x_wconf 89' lang='lat' dir='ltr'>christiani</span> <span class='ocrx_word' id='word_1_121' title='bbox 787 2388 896 2473; x_wconf 85' lang='lat' dir='ltr'>gregis</span> <span class='ocrx_word' id='word_1_122' title='bbox 924 2387 1130 2453; x_wconf 79' lang='lat' dir='ltr'>incolumitas</span> 
     </span>
     <span class='ocr_line' id='line_1_21' title="bbox 160 2474 1130 2558; baseline -0.008 -14"><span class='ocrx_word' id='word_1_123' title='bbox 160 2479 355 2544; x_wconf 88' lang='lat' dir='ltr'>continetur.</span> <span class='ocrx_word' id='word_1_124' title='bbox 400 2477 508 2558; x_wconf 78' lang='lat' dir='ltr'>Atque</span> <span class='ocrx_word' id='word_1_125' title='bbox 529 2474 563 2538; x_wconf 93' lang='lat' dir='ltr'>id</span> <span class='ocrx_word' id='word_1_126' title='bbox 583 2475 728 2557; x_wconf 90' lang='lat' dir='ltr'>ipsorum</span> <span class='ocrx_word' id='word_1_127' title='bbox 749 2475 854 2558; x_wconf 86' lang='lat' dir='ltr'>magis</span> <span class='ocrx_word' id='word_1_128' title='bbox 875 2475 1012 2538; x_wconf 88' lang='lat' dir='ltr'>interest</span> <span class='ocrx_word' id='word_1_129' title='bbox 1033 2492 1130 2555; x_wconf 91' lang='lat' dir='ltr'>quam</span> 
     </span>
     <span class='ocr_line' id='line_1_22' title="bbox 159 2559 1131 2644; baseline -0.007 -16"><span class='ocrx_word' id='word_1_130' title='bbox 159 2583 238 2628; x_wconf 90' lang='lat' dir='ltr'>maa.</span> <span class='ocrx_word' id='word_1_131' title='bbox 285 2561 334 2627; x_wconf 89' lang='lat' dir='ltr'>Ut</span> <span class='ocrx_word' id='word_1_132' title='bbox 351 2562 438 2626; x_wconf 89' lang='lat' dir='ltr'>enim</span> <span class='ocrx_word' id='word_1_133' title='bbox 456 2560 560 2644; x_wconf 86' lang='lat' dir='ltr'>gloria</span> <span class='ocrx_word' id='word_1_134' title='bbox 577 2571 610 2624; x_wconf 92' lang='lat' dir='ltr'>et</span> <span class='ocrx_word' id='word_1_135' title='bbox 632 2579 752 2626; x_wconf 87' lang='lat' dir='ltr'>corona</span> <span class='ocrx_word' id='word_1_136' title='bbox 769 2560 909 2643; x_wconf 83' lang='lat' dir='ltr'>pastoris</span> <span class='ocrx_word' id='word_1_137' title='bbox 927 2559 1062 2624; x_wconf 87' lang='lat' dir='ltr'>ccclesia</span> <span class='ocrx_word' id='word_1_138' title='bbox 1079 2565 1131 2622; x_wconf 87' lang='lat' dir='ltr'>est</span> 
     </span>
     <span class='ocr_line' id='line_1_23' title="bbox 159 2643 1130 2730; baseline -0.007 -17"><span class='ocrx_word' id='word_1_139' title='bbox 159 2647 241 2714; x_wconf 89' lang='lat' dir='ltr'>hene</span> <span class='ocrx_word' id='word_1_140' title='bbox 265 2647 453 2730; x_wconf 84' lang='lat' dir='ltr'>constituta,</span> <span class='ocrx_word' id='word_1_141' title='bbox 478 2647 525 2710; x_wconf 87' lang='lat' dir='ltr'>ita</span> <span class='ocrx_word' id='word_1_142' title='bbox 546 2667 652 2728; x_wconf 90' lang='lat' dir='ltr'>neque</span> <span class='ocrx_word' id='word_1_143' title='bbox 674 2644 815 2728; x_wconf 85' lang='lat' dir='ltr'>gaudere</span> <span class='ocrx_word' id='word_1_144' title='bbox 836 2645 890 2710; x_wconf 88' lang='lat' dir='ltr'>vel</span> <span class='ocrx_word' id='word_1_145' title='bbox 912 2644 1046 2728; x_wconf 86' lang='lat' dir='ltr'>gloriari</span> <span class='ocrx_word' id='word_1_146' title='bbox 1065 2643 1130 2708; x_wconf 88' lang='lat' dir='ltr'>nisi</span> 
     </span>
     <span class='ocr_line' id='line_1_24' title="bbox 160 2727 1128 2814; baseline -0.006 -16"><span class='ocrx_word' id='word_1_147' title='bbox 160 2735 192 2798; x_wconf 90' lang='lat' dir='ltr'>in</span> <span class='ocrx_word' id='word_1_148' title='bbox 209 2735 281 2799; x_wconf 80' lang='lat' dir='ltr'>eius</span> <span class='ocrx_word' id='word_1_149' title='bbox 298 2731 404 2798; x_wconf 86' lang='lat' dir='ltr'>saluta</span> <span class='ocrx_word' id='word_1_150' title='bbox 421 2731 477 2795; x_wconf 91' lang='lat' dir='ltr'>ille</span> <span class='ocrx_word' id='word_1_151' title='bbox 495 2738 609 2814; x_wconf 90' lang='lat' dir='ltr'>potest.</span> <span class='ocrx_word' id='word_1_152' title='bbox 653 2729 851 2796; x_wconf 78' lang='lat' dir='ltr'>Benedictus</span> <span class='ocrx_word' id='word_1_153' title='bbox 869 2751 946 2813; x_wconf 89' lang='lat' dir='ltr'>ergo</span> <span class='ocrx_word' id='word_1_154' title='bbox 956 2727 1128 2805; x_wconf 90' lang='lat' dir='ltr'>Dominus,</span> 
     </span>
     <span class='ocr_line' id='line_1_25' title="bbox 160 2813 1130 2902; baseline -0.007 -19"><span class='ocrx_word' id='word_1_155' title='bbox 160 2820 214 2902; x_wconf 92' lang='grc'>661</span> <span class='ocrx_word' id='word_1_156' title='bbox 245 2827 435 2883; x_wconf 88' lang='lat' dir='ltr'>nostrorum</span> <span class='ocrx_word' id='word_1_157' title='bbox 468 2817 614 2881; x_wconf 91' lang='lat' dir='ltr'>omnium</span> <span class='ocrx_word' id='word_1_158' title='bbox 646 2817 771 2880; x_wconf 90' lang='lat' dir='ltr'>animos</span> <span class='ocrx_word' id='word_1_159' title='bbox 802 2817 838 2880; x_wconf 91' lang='lat' dir='ltr'>iu</span> <span class='ocrx_word' id='word_1_160' title='bbox 867 2814 926 2880; x_wconf 90' lang='grc'>1611</span> <span class='ocrx_word' id='word_1_161' title='bbox 958 2813 1050 2879; x_wconf 84' lang='lat' dir='ltr'>verbi</span> <span class='ocrx_word' id='word_1_162' title='bbox 1078 2813 1130 2878; x_wconf 93' lang='lat' dir='ltr'>sui</span> 
     </span>
     <span class='ocr_line' id='line_1_26' title="bbox 161 2899 1131 2979; baseline -0.009 -9"><span class='ocrx_word' id='word_1_163' title='bbox 161 2905 345 2970; x_wconf 79' lang='lat' dir='ltr'>reverentia</span> <span class='ocrx_word' id='word_1_164' title='bbox 375 2903 536 2979; x_wconf 89' lang='lat' dir='ltr'>eontinet,</span> <span class='ocrx_word' id='word_1_165' title='bbox 565 2909 657 2967; x_wconf 90' lang='grc'>6116</span> <span class='ocrx_word' id='word_1_166' title='bbox 684 2902 782 2966; x_wconf 90' lang='lat' dir='ltr'>ctiam</span> <span class='ocrx_word' id='word_1_167' title='bbox 808 2901 849 2966; x_wconf 90' lang='lat' dir='ltr'>iis</span> <span class='ocrx_word' id='word_1_168' title='bbox 877 2899 970 2964; x_wconf 86' lang='lat' dir='ltr'>donia</span> <span class='ocrx_word' id='word_1_169' title='bbox 997 2899 1131 2964; x_wconf 87' lang='lat' dir='ltr'>instruit</span> 
     </span>
     <span class='ocr_line' id='line_1_27' title="bbox 161 2983 1129 3074; baseline -0.009 -18"><span class='ocrx_word' id='word_1_170' title='bbox 161 3011 239 3074; x_wconf 88' lang='lat' dir='ltr'>quac</span> <span class='ocrx_word' id='word_1_171' title='bbox 263 2989 452 3055; x_wconf 87' lang='lat' dir='ltr'>satisfacere</span> <span class='ocrx_word' id='word_1_172' title='bbox 473 2987 538 3052; x_wconf 91' lang='lat' dir='ltr'>illis</span> <span class='ocrx_word' id='word_1_173' title='bbox 558 2987 693 3070; x_wconf 84' lang='lat' dir='ltr'>possint.</span> <span class='ocrx_word' id='word_1_174' title='bbox 736 2986 875 3052; x_wconf 88' lang='lat' dir='ltr'>Utinam</span> <span class='ocrx_word' id='word_1_175' title='bbox 893 2987 939 3051; x_wconf 89' lang='lat' dir='ltr'>sic</span> <span class='ocrx_word' id='word_1_176' title='bbox 957 2983 1129 3066; x_wconf 88' lang='lat' dir='ltr'>aliquando</span> 
     </span>
     <span class='ocr_line' id='line_1_28' title="bbox 162 3069 1130 3156; baseline -0.006 -16"><span class='ocrx_word' id='word_1_177' title='bbox 162 3075 412 3141; x_wconf 79' lang='lat' dir='ltr'>Genevensibus</span> <span class='ocrx_word' id='word_1_178' title='bbox 443 3093 570 3156; x_wconf 89' lang='lat' dir='ltr'>quoque</span> <span class='ocrx_word' id='word_1_179' title='bbox 600 3071 792 3156; x_wconf 90' lang='lat' dir='ltr'>prospiciat,</span> <span class='ocrx_word' id='word_1_180' title='bbox 832 3092 874 3136; x_wconf 92' lang='grc'>66</span> <span class='ocrx_word' id='word_1_181' title='bbox 906 3092 959 3136; x_wconf 88' lang='grc'>66</span> <span class='ocrx_word' id='word_1_182' title='bbox 991 3069 1130 3152; x_wconf 90' lang='lat' dir='ltr'>amplius</span> 
     </span>
     <span class='ocr_line' id='line_1_29' title="bbox 161 3154 1129 3240; baseline -0.009 -14"><span class='ocrx_word' id='word_1_183' title='bbox 161 3161 344 3226; x_wconf 84' lang='lat' dir='ltr'>sollicitent.</span> <span class='ocrx_word' id='word_1_184' title='bbox 389 3159 477 3223; x_wconf 92' lang='lat' dir='ltr'>Illud</span> <span class='ocrx_word' id='word_1_185' title='bbox 498 3159 586 3223; x_wconf 92' lang='lat' dir='ltr'>enim</span> <span class='ocrx_word' id='word_1_186' title='bbox 610 3157 820 3222; x_wconf 84' lang='lat' dir='ltr'>vehementer</span> <span class='ocrx_word' id='word_1_187' title='bbox 848 3177 902 3221; x_wconf 88' lang='lat' dir='ltr'>me</span> <span class='ocrx_word' id='word_1_188' title='bbox 931 3157 1023 3240; x_wconf 85' lang='lat' dir='ltr'>angit</span> <span class='ocrx_word' id='word_1_189' title='bbox 1044 3154 1129 3239; x_wconf 93' lang='lat' dir='ltr'>quod</span> 
     </span>
     <span class='ocr_line' id='line_1_30' title="bbox 160 3240 1130 3329; baseline -0.009 -16"><span class='ocrx_word' id='word_1_190' title='bbox 160 3247 225 3312; x_wconf 87' lang='lat' dir='ltr'>illis</span> <span class='ocrx_word' id='word_1_191' title='bbox 258 3247 354 3329; x_wconf 88' lang='lat' dir='ltr'>cupio</span> <span class='ocrx_word' id='word_1_192' title='bbox 383 3245 552 3327; x_wconf 89' lang='lat' dir='ltr'>opitulari,</span> <span class='ocrx_word' id='word_1_193' title='bbox 592 3241 648 3308; x_wconf 89' lang='lat' dir='ltr'>sed</span> <span class='ocrx_word' id='word_1_194' title='bbox 679 3243 838 3308; x_wconf 87' lang='lat' dir='ltr'>rationem</span> <span class='ocrx_word' id='word_1_195' title='bbox 868 3241 994 3306; x_wconf 89' lang='lat' dir='ltr'>nullam</span> <span class='ocrx_word' id='word_1_196' title='bbox 1026 3240 1130 3306; x_wconf 86' lang='lat' dir='ltr'>video.</span> 
     </span>
     <span class='ocr_line' id='line_1_31' title="bbox 161 3325 1131 3416; baseline -0.008 -18"><span class='ocrx_word' id='word_1_197' title='bbox 161 3330 357 3416; x_wconf 77' lang='lat' dir='ltr'>Quanquam</span> <span class='ocrx_word' id='word_1_198' title='bbox 379 3331 419 3396; x_wconf 90' lang='lat' dir='ltr'>ab</span> <span class='ocrx_word' id='word_1_199' title='bbox 440 3331 504 3396; x_wconf 88' lang='grc'>1616</span> <span class='ocrx_word' id='word_1_200' title='bbox 525 3327 742 3395; x_wconf 90' lang='lat' dir='ltr'>sollicitudine</span> <span class='ocrx_word' id='word_1_201' title='bbox 764 3329 911 3393; x_wconf 85' lang='lat' dir='ltr'>animum</span> <span class='ocrx_word' id='word_1_202' title='bbox 932 3325 1036 3410; x_wconf 91' lang='lat' dir='ltr'>quoad</span> <span class='ocrx_word' id='word_1_203' title='bbox 1058 3346 1131 3409; x_wconf 89' lang='lat' dir='ltr'>pos-</span> 
     </span>
     <span class='ocr_line' id='line_1_32' title="bbox 160 3411 1131 3495; baseline -0.007 -12"><span class='ocrx_word' id='word_1_204' title='bbox 160 3439 234 3484; x_wconf 90' lang='lat' dir='ltr'>sum</span> <span class='ocrx_word' id='word_1_205' title='bbox 265 3437 397 3495; x_wconf 86' lang='lat' dir='ltr'>revoco,</span> <span class='ocrx_word' id='word_1_206' title='bbox 431 3415 533 3481; x_wconf 91' lang='lat' dir='ltr'>donec</span> <span class='ocrx_word' id='word_1_207' title='bbox 563 3415 649 3480; x_wconf 90' lang='lat' dir='ltr'>istuc</span> <span class='ocrx_word' id='word_1_208' title='bbox 681 3414 888 3492; x_wconf 86' lang='lat' dir='ltr'>redierimus,</span> <span class='ocrx_word' id='word_1_209' title='bbox 922 3421 956 3478; x_wconf 91' lang='lat' dir='ltr'>ct</span> <span class='ocrx_word' id='word_1_210' title='bbox 983 3411 1131 3478; x_wconf 82' lang='lat' dir='ltr'>Forellua</span> 
     </span>
     <span class='ocr_line' id='line_1_33' title="bbox 160 3497 1132 3587; baseline -0.007 -18"><span class='ocrx_word' id='word_1_211' title='bbox 160 3503 366 3587; x_wconf 87' lang='lat' dir='ltr'>rescripserit</span> <span class='ocrx_word' id='word_1_212' title='bbox 394 3501 555 3584; x_wconf 92' lang='lat' dir='ltr'>quomodo</span> <span class='ocrx_word' id='word_1_213' title='bbox 587 3499 672 3584; x_wconf 89' lang='lat' dir='ltr'>apud</span> <span class='ocrx_word' id='word_1_214' title='bbox 700 3500 774 3566; x_wconf 89' lang='lat' dir='ltr'>illos</span> <span class='ocrx_word' id='word_1_215' title='bbox 800 3521 854 3565; x_wconf 91' lang='lat' dir='ltr'>res</span> <span class='ocrx_word' id='word_1_216' title='bbox 882 3499 1031 3565; x_wconf 78' lang='lat' dir='ltr'>habeant</span> <span class='ocrx_word' id='word_1_217' title='bbox 1080 3497 1132 3562; x_wconf 79' lang='grc'>116</span> 
     </span>
     <span class='ocr_line' id='line_1_34' title="bbox 161 3584 1131 3671; baseline -0.007 -18"><span class='ocrx_word' id='word_1_218' title='bbox 161 3589 250 3653; x_wconf 88' lang='lat' dir='ltr'>enirn</span> <span class='ocrx_word' id='word_1_219' title='bbox 278 3588 349 3671; x_wconf 88' lang='lat' dir='ltr'>lege</span> <span class='ocrx_word' id='word_1_220' title='bbox 376 3587 473 3653; x_wconf 90' lang='lat' dir='ltr'>nobis</span> <span class='ocrx_word' id='word_1_221' title='bbox 502 3587 698 3669; x_wconf 90' lang='lat' dir='ltr'>sumpsimus</span> <span class='ocrx_word' id='word_1_222' title='bbox 727 3587 807 3651; x_wconf 83' lang='lat' dir='ltr'>istas</span> <span class='ocrx_word' id='word_1_223' title='bbox 834 3584 990 3661; x_wconf 90' lang='lat' dir='ltr'>inducias,</span> <span class='ocrx_word' id='word_1_224' title='bbox 1020 3589 1059 3647; x_wconf 90' lang='lat' dir='ltr'>ut</span> <span class='ocrx_word' id='word_1_225' title='bbox 1088 3604 1131 3647; x_wconf 84' lang='lat' dir='ltr'>ex</span> 
     </span>
     <span class='ocr_line' id='line_1_35' title="bbox 161 3668 1130 3755; baseline -0.006 -15"><span class='ocrx_word' id='word_1_226' title='bbox 161 3683 251 3740; x_wconf 89' lang='lat' dir='ltr'>statu</span> <span class='ocrx_word' id='word_1_227' title='bbox 269 3673 433 3751; x_wconf 86' lang='lat' dir='ltr'>eeclesiae,</span> <span class='ocrx_word' id='word_1_228' title='bbox 451 3672 509 3755; x_wconf 92' lang='lat' dir='ltr'>qui</span> <span class='ocrx_word' id='word_1_229' title='bbox 526 3683 604 3736; x_wconf 90' lang='lat' dir='ltr'>tuno</span> <span class='ocrx_word' id='word_1_230' title='bbox 621 3672 691 3750; x_wconf 88' lang='lat' dir='ltr'>erit,</span> <span class='ocrx_word' id='word_1_231' title='bbox 711 3670 881 3737; x_wconf 90' lang='lat' dir='ltr'>eonsilium</span> <span class='ocrx_word' id='word_1_232' title='bbox 897 3691 1012 3753; x_wconf 90' lang='lat' dir='ltr'>capere</span> <span class='ocrx_word' id='word_1_233' title='bbox 1026 3668 1130 3734; x_wconf 89' lang='grc'>116661.</span> 
     </span>
     <span class='ocr_line' id='line_1_36' title="bbox 159 3753 1130 3844; baseline -0.009 -18"><span class='ocrx_word' id='word_1_234' title='bbox 159 3761 259 3826; x_wconf 89' lang='lat' dir='ltr'>Nunc</span> <span class='ocrx_word' id='word_1_235' title='bbox 279 3760 391 3844; x_wconf 87' lang='lat' dir='ltr'>igitur,</span> <span class='ocrx_word' id='word_1_236' title='bbox 421 3755 500 3822; x_wconf 91' lang='lat' dir='ltr'>dum</span> <span class='ocrx_word' id='word_1_237' title='bbox 522 3757 633 3822; x_wconf 88' lang='lat' dir='ltr'>omnia</span> <span class='ocrx_word' id='word_1_238' title='bbox 659 3757 705 3823; x_wconf 91' lang='grc'>616</span> <span class='ocrx_word' id='word_1_239' title='bbox 730 3776 889 3840; x_wconf 84' lang='lat' dir='ltr'>suspensa</span> <span class='ocrx_word' id='word_1_240' title='bbox 915 3763 1002 3834; x_wconf 86' lang='lat' dir='ltr'>sunt,</span> <span class='ocrx_word' id='word_1_241' title='bbox 1028 3753 1130 3818; x_wconf 93' lang='lat' dir='ltr'>inter·</span> 
     </span>
     <span class='ocr_line' id='line_1_37' title="bbox 161 3840 1131 3928; baseline -0.007 -18"><span class='ocrx_word' id='word_1_242' title='bbox 161 3846 300 3928; x_wconf 85' lang='lat' dir='ltr'>quiesco,</span> <span class='ocrx_word' id='word_1_243' title='bbox 323 3851 357 3908; x_wconf 91' lang='lat' dir='ltr'>at</span> <span class='ocrx_word' id='word_1_244' title='bbox 378 3844 418 3910; x_wconf 90' lang='lat' dir='ltr'>ab</span> <span class='ocrx_word' id='word_1_245' title='bbox 440 3863 478 3906; x_wconf 91' lang='grc'>66</span> <span class='ocrx_word' id='word_1_246' title='bbox 498 3844 674 3921; x_wconf 86' lang='lat' dir='ltr'>anxietate,</span> <span class='ocrx_word' id='word_1_247' title='bbox 701 3864 800 3926; x_wconf 89' lang='lat' dir='ltr'>quam</span> <span class='ocrx_word' id='word_1_248' title='bbox 821 3840 902 3906; x_wconf 92' lang='lat' dir='ltr'>mihi</span> <span class='ocrx_word' id='word_1_249' title='bbox 929 3841 1027 3905; x_wconf 90' lang='lat' dir='ltr'>huius</span> <span class='ocrx_word' id='word_1_250' title='bbox 1054 3859 1131 3903; x_wconf 92' lang='lat' dir='ltr'>oon-</span> 
     </span>
     <span class='ocr_line' id='line_1_38' title="bbox 161 3925 1129 4006; baseline -0.01 -9"><span class='ocrx_word' id='word_1_251' title='bbox 161 3931 348 3996; x_wconf 88' lang='lat' dir='ltr'>sultationis</span> <span class='ocrx_word' id='word_1_252' title='bbox 387 3927 560 3994; x_wconf 89' lang='lat' dir='ltr'>difficultas</span> <span class='ocrx_word' id='word_1_253' title='bbox 599 3927 769 4006; x_wconf 88' lang='lat' dir='ltr'>attulerat,</span> <span class='ocrx_word' id='word_1_254' title='bbox 809 3926 958 3992; x_wconf 91' lang='lat' dir='ltr'>nonnihil</span> <span class='ocrx_word' id='word_1_255' title='bbox 997 3925 1129 4006; x_wconf 88' lang='lat' dir='ltr'>respiro.</span> 
     </span>
     <span class='ocr_line' id='line_1_39' title="bbox 161 4011 1131 4082; baseline -0.003 -5"><span class='ocrx_word' id='word_1_256' title='bbox 161 4015 287 4082; x_wconf 88' lang='lat' dir='ltr'>Verum</span> <span class='ocrx_word' id='word_1_257' title='bbox 316 4012 413 4079; x_wconf 91' lang='lat' dir='ltr'>redeo</span> <span class='ocrx_word' id='word_1_258' title='bbox 443 4012 484 4079; x_wconf 91' lang='lat' dir='ltr'>ad</span> <span class='ocrx_word' id='word_1_259' title='bbox 514 4013 682 4079; x_wconf 89' lang='lat' dir='ltr'>ecelesiam</span> <span class='ocrx_word' id='word_1_260' title='bbox 706 4022 861 4078; x_wconf 89' lang='lat' dir='ltr'>nostram.</span> <span class='ocrx_word' id='word_1_261' title='bbox 912 4011 1027 4076; x_wconf 88' lang='lat' dir='ltr'>Placet</span> <span class='ocrx_word' id='word_1_262' title='bbox 1052 4029 1131 4075; x_wconf 90' lang='lat' dir='ltr'>sane</span> 
     </span>
     <span class='ocr_line' id='line_1_40' title="bbox 163 4095 1131 4186; baseline -0.007 -19"><span class='ocrx_word' id='word_1_263' title='bbox 163 4101 246 4184; x_wconf 90' lang='lat' dir='ltr'>quod</span> <span class='ocrx_word' id='word_1_264' title='bbox 268 4100 450 4186; x_wconf 84' lang='lat' dir='ltr'>absentiam</span> <span class='ocrx_word' id='word_1_265' title='bbox 478 4119 584 4164; x_wconf 91' lang='lat' dir='ltr'>meam</span> <span class='ocrx_word' id='word_1_266' title='bbox 613 4119 681 4163; x_wconf 91' lang='lat' dir='ltr'>non</span> <span class='ocrx_word' id='word_1_267' title='bbox 708 4120 827 4183; x_wconf 88' lang='lat' dir='ltr'>magno</span> <span class='ocrx_word' id='word_1_268' title='bbox 857 4095 1016 4163; x_wconf 85' lang='lat' dir='ltr'>desiderio</span> <span class='ocrx_word' id='word_1_269' title='bbox 1045 4096 1131 4160; x_wconf 83' lang='lat' dir='ltr'>ferre</span> 
     </span>
     <span class='ocr_line' id='line_1_41' title="bbox 162 4181 1130 4269; baseline -0.008 -16"><span class='ocrx_word' id='word_1_270' title='bbox 162 4194 276 4269; x_wconf 85' lang='lat' dir='ltr'>potest.</span> <span class='ocrx_word' id='word_1_271' title='bbox 328 4185 382 4250; x_wconf 92' lang='lat' dir='ltr'>De</span> <span class='ocrx_word' id='word_1_272' title='bbox 410 4205 509 4251; x_wconf 89' lang='lat' dir='ltr'>coena</span> <span class='ocrx_word' id='word_1_273' title='bbox 537 4183 672 4248; x_wconf 91' lang='lat' dir='ltr'>Domini</span> <span class='ocrx_word' id='word_1_274' title='bbox 709 4183 901 4250; x_wconf 88' lang='lat' dir='ltr'>celebranda</span> <span class='ocrx_word' id='word_1_275' title='bbox 934 4183 1017 4248; x_wconf 88' lang='lat' dir='ltr'>bcne</span> <span class='ocrx_word' id='word_1_276' title='bbox 1051 4181 1130 4246; x_wconf 87' lang='lat' dir='ltr'>facis</span> 
     </span>
     <span class='ocr_line' id='line_1_42' title="bbox 162 4270 1132 4354; baseline -0.007 -17"><span class='ocrx_word' id='word_1_277' title='bbox 162 4271 247 4354; x_wconf 92' lang='grc'>6661</span> <span class='ocrx_word' id='word_1_278' title='bbox 268 4291 393 4336; x_wconf 91' lang='lat' dir='ltr'>moues.</span> <span class='ocrx_word' id='word_1_279' title='bbox 407 4274 431 4352; x_wconf 90' lang='lat'>¹)</span> <span class='ocrx_word' id='word_1_280' title='bbox 475 4271 590 4353; x_wconf 88' lang='lat' dir='ltr'>Neque</span> <span class='ocrx_word' id='word_1_281' title='bbox 601 4271 689 4334; x_wconf 82' lang='lat' dir='ltr'>enirn</span> <span class='ocrx_word' id='word_1_282' title='bbox 699 4270 783 4334; x_wconf 92' lang='lat' dir='ltr'>mihi</span> <span class='ocrx_word' id='word_1_283' title='bbox 794 4270 983 4334; x_wconf 88' lang='lat' dir='ltr'>inmentem</span> <span class='ocrx_word' id='word_1_284' title='bbox 996 4274 1132 4344; x_wconf 81' lang='lat' dir='ltr'>venerat</span> 
     </span>
     <span class='ocr_line' id='line_1_43' title="bbox 161 4351 1132 4440; baseline -0.008 -18"><span class='ocrx_word' id='word_1_285' title='bbox 161 4379 263 4440; x_wconf 92' lang='lat' dir='ltr'>quum</span> <span class='ocrx_word' id='word_1_286' title='bbox 284 4357 422 4422; x_wconf 88' lang='lat' dir='ltr'>abirem:</span> <span class='ocrx_word' id='word_1_287' title='bbox 452 4355 509 4422; x_wconf 91' lang='lat' dir='ltr'>sed</span> <span class='ocrx_word' id='word_1_288' title='bbox 530 4354 630 4419; x_wconf 90' lang='lat' dir='ltr'>nimis</span> <span class='ocrx_word' id='word_1_289' title='bbox 652 4375 724 4419; x_wconf 90' lang='lat' dir='ltr'>sero</span> <span class='ocrx_word' id='word_1_290' title='bbox 746 4353 779 4419; x_wconf 91' lang='lat' dir='ltr'>id</span> <span class='ocrx_word' id='word_1_291' title='bbox 800 4355 913 4420; x_wconf 82' lang='lat' dir='ltr'>fecisti.</span> <span class='ocrx_word' id='word_1_292' title='bbox 956 4351 1132 4419; x_wconf 87' lang='lat' dir='ltr'>Praeteriit</span> 
     </span>
     <span class='ocr_line' id='line_1_44' title="bbox 161 4439 1132 4524; baseline -0.008 -16"><span class='ocrx_word' id='word_1_293' title='bbox 161 4445 249 4508; x_wconf 92' lang='lat' dir='ltr'>enim</span> <span class='ocrx_word' id='word_1_294' title='bbox 271 4442 341 4507; x_wconf 90' lang='lat' dir='ltr'>dies</span> <span class='ocrx_word' id='word_1_295' title='bbox 363 4463 426 4524; x_wconf 92' lang='grc'>666</span> <span class='ocrx_word' id='word_1_296' title='bbox 447 4439 638 4506; x_wconf 88' lang='lat' dir='ltr'>denunciari</span> <span class='ocrx_word' id='word_1_297' title='bbox 659 4448 856 4524; x_wconf 86' lang='lat' dir='ltr'>oportuerat,</span> <span class='ocrx_word' id='word_1_298' title='bbox 878 4447 936 4506; x_wconf 91' lang='lat' dir='ltr'>aut</span> <span class='ocrx_word' id='word_1_299' title='bbox 953 4445 1038 4505; x_wconf 88' lang='lat' dir='ltr'>certe</span> <span class='ocrx_word' id='word_1_300' title='bbox 1056 4445 1132 4502; x_wconf 89' lang='lat' dir='ltr'>ante</span> 
     </span>
     <span class='ocr_line' id='line_1_45' title="bbox 161 4521 1132 4612; baseline -0.004 -20"><span class='ocrx_word' id='word_1_301' title='bbox 161 4529 292 4612; x_wconf 89' lang='lat' dir='ltr'>elapsus</span> <span class='ocrx_word' id='word_1_302' title='bbox 325 4528 388 4592; x_wconf 84' lang='lat' dir='ltr'>erit</span> <span class='ocrx_word' id='word_1_303' title='bbox 418 4547 517 4610; x_wconf 89' lang='lat' dir='ltr'>quam</span> <span class='ocrx_word' id='word_1_304' title='bbox 549 4525 668 4591; x_wconf 86' lang='lat' dir='ltr'>literae</span> <span class='ocrx_word' id='word_1_305' title='bbox 695 4545 787 4590; x_wconf 86' lang='lat' dir='ltr'>meae</span> <span class='ocrx_word' id='word_1_306' title='bbox 818 4527 991 4608; x_wconf 87' lang='lat' dir='ltr'>pervenire</span> <span class='ocrx_word' id='word_1_307' title='bbox 1021 4521 1062 4589; x_wconf 89' lang='lat' dir='ltr'>ad</span> <span class='ocrx_word' id='word_1_308' title='bbox 1099 4531 1132 4588; x_wconf 88' lang='grc'>16</span> 
     </span>
     <span class='ocr_line' id='line_1_46' title="bbox 160 4608 1133 4697; baseline -0.008 -17"><span class='ocrx_word' id='word_1_309' title='bbox 160 4617 297 4697; x_wconf 91' lang='lat' dir='ltr'>possint.</span> <span class='ocrx_word' id='word_1_310' title='bbox 347 4613 393 4676; x_wconf 82' lang='lat' dir='ltr'>Et</span> <span class='ocrx_word' id='word_1_311' title='bbox 419 4631 536 4678; x_wconf 85' lang='lat' dir='ltr'>vereor</span> <span class='ocrx_word' id='word_1_312' title='bbox 563 4633 615 4690; x_wconf 92' lang='lat' dir='ltr'>ne,</span> <span class='ocrx_word' id='word_1_313' title='bbox 649 4612 676 4675; x_wconf 92' lang='lat' dir='ltr'>si</span> <span class='ocrx_word' id='word_1_314' title='bbox 709 4609 934 4694; x_wconf 88' lang='lat' dir='ltr'>probationem</span> <span class='ocrx_word' id='word_1_315' title='bbox 966 4609 1094 4676; x_wconf 89' lang='lat' dir='ltr'>solitam</span> <span class='ocrx_word' id='word_1_316' title='bbox 1103 4608 1133 4692; x_wconf 79' lang='lat'>²)</span> 
     </span>
     <span class='ocr_line' id='line_1_47' title="bbox 160 4694 1133 4778; baseline -0.006 -14"><span class='ocrx_word' id='word_1_317' title='bbox 160 4697 396 4776; x_wconf 89' lang='lat' dir='ltr'>remiserimus,</span> <span class='ocrx_word' id='word_1_318' title='bbox 418 4719 457 4763; x_wconf 89' lang='lat' dir='ltr'>ea</span> <span class='ocrx_word' id='word_1_319' title='bbox 477 4697 619 4763; x_wconf 86' lang='lat' dir='ltr'>varietas</span> <span class='ocrx_word' id='word_1_320' title='bbox 638 4697 856 4762; x_wconf 85' lang='lat' dir='ltr'>turbationem</span> <span class='ocrx_word' id='word_1_321' title='bbox 877 4696 1019 4778; x_wconf 86' lang='lat' dir='ltr'>aliquam</span> <span class='ocrx_word' id='word_1_322' title='bbox 1039 4694 1133 4759; x_wconf 92' lang='lat' dir='ltr'>nobis</span> 
     </span>
     <span class='ocr_line' id='line_1_48' title="bbox 161 4781 1133 4878; baseline -0.01 -26"><span class='ocrx_word' id='word_1_323' title='bbox 161 4793 306 4869; x_wconf 82' lang='lat' dir='ltr'>generet.</span> <span class='ocrx_word' id='word_1_324' title='bbox 343 4783 487 4848; x_wconf 91' lang='lat' dir='ltr'>Proinde</span> <span class='ocrx_word' id='word_1_325' title='bbox 505 4784 606 4849; x_wconf 86' lang='lat' dir='ltr'>satius</span> <span class='ocrx_word' id='word_1_326' title='bbox 625 4784 692 4847; x_wconf 89' lang='lat' dir='ltr'>fore</span> <span class='ocrx_word' id='word_1_327' title='bbox 710 4781 858 4860; x_wconf 88' lang='lat' dir='ltr'>arbitror,</span> <span class='ocrx_word' id='word_1_328' title='bbox 877 4783 905 4846; x_wconf 92' lang='grc'>61</span> <span class='ocrx_word' id='word_1_329' title='bbox 921 4799 1133 4878; x_wconf 64' lang='lat' dir='ltr'>nuncsuper3</span> 
     </span>
    </p>
   </div>
   <div class='ocr_carea' id='block_1_8' title="bbox 161 4865 1134 5038">
    <p class='ocr_par' dir='ltr' id='par_1_9' title="bbox 161 4865 1134 5038">
     <span class='ocr_line' id='line_1_49' title="bbox 161 4865 1134 4952; baseline -0.008 -15"><span class='ocrx_word' id='word_1_330' title='bbox 161 4871 286 4950; x_wconf 84' lang='lat' dir='ltr'>sedeas,</span> <span class='ocrx_word' id='word_1_331' title='bbox 309 4869 439 4952; x_wconf 89' lang='lat' dir='ltr'>quando</span> <span class='ocrx_word' id='word_1_332' title='bbox 460 4889 525 4934; x_wconf 94' lang='lat' dir='ltr'>uon</span> <span class='ocrx_word' id='word_1_333' title='bbox 546 4869 610 4932; x_wconf 89' lang='grc'>1611</span> <span class='ocrx_word' id='word_1_334' title='bbox 630 4869 665 4933; x_wconf 91' lang='grc'>16</span> <span class='ocrx_word' id='word_1_335' title='bbox 687 4876 831 4950; x_wconf 83' lang='lat' dir='ltr'>tempore</span> <span class='ocrx_word' id='word_1_336' title='bbox 853 4867 1047 4950; x_wconf 85' lang='lat' dir='ltr'>cogitatum,</span> <span class='ocrx_word' id='word_1_337' title='bbox 1069 4865 1134 4930; x_wconf 82' lang='lat' dir='ltr'>nisi</span> 
     </span>
     <span class='ocr_line' id='line_1_50' title="bbox 161 4949 1132 5038; baseline -0.006 -17"><span class='ocrx_word' id='word_1_338' title='bbox 161 4957 245 5022; x_wconf 81' lang='lat' dir='ltr'>forte</span> <span class='ocrx_word' id='word_1_339' title='bbox 267 4953 403 5020; x_wconf 90' lang='lat' dir='ltr'>redierit</span> <span class='ocrx_word' id='word_1_340' title='bbox 425 4949 1132 5038; x_wconf 62' lang='grc'>0166611663)616666666661616111666666.</span> 
     </span>
    </p>
   </div>
   <div class='ocr_carea' id='block_1_9' title="bbox 161 5079 367 5088">
    <p class='ocr_par' dir='ltr' id='par_1_10' title="bbox 161 5079 367 5088">
     <span class='ocr_line' id='line_1_51' title="bbox 161 5079 367 5088; baseline 0 -1"><span class='ocrx_word' id='word_1_341' title='bbox 161 5079 367 5088; x_wconf 55' lang='grc' dir='ltr'>Ἣ-</span> 
     </span>
    </p>
   </div>
   <div class='ocr_carea' id='block_1_10' title="bbox 178 5124 966 5330">
    <p class='ocr_par' dir='ltr' id='par_1_11' title="bbox 178 5124 966 5330">
     <span class='ocr_line' id='line_1_52' title="bbox 178 5124 966 5194; baseline -0.003 -16"><span class='ocrx_word' id='word_1_342' title='bbox 178 5126 249 5188; x_wconf 76' lang='grc'>2110.</span> <span class='ocrx_word' id='word_1_343' title='bbox 267 5125 297 5191; x_wconf 94' lang='grc'>1)</span> <span class='ocrx_word' id='word_1_344' title='bbox 316 5125 380 5178; x_wconf 84' lang='lat' dir='ltr'>You</span> <span class='ocrx_word' id='word_1_345' title='bbox 397 5125 465 5178; x_wconf 79' lang='lat' dir='ltr'>bare</span> <span class='ocrx_word' id='word_1_346' title='bbox 484 5126 553 5178; x_wconf 90' lang='lat' dir='ltr'>done</span> <span class='ocrx_word' id='word_1_347' title='bbox 571 5125 632 5178; x_wconf 84' lang='lat' dir='ltr'>well</span> <span class='ocrx_word' id='word_1_348' title='bbox 650 5125 677 5177; x_wconf 93' lang='lat' dir='ltr'>in</span> <span class='ocrx_word' id='word_1_349' title='bbox 696 5125 788 5194; x_wconf 85' lang='lat' dir='ltr'>giving</span> <span class='ocrx_word' id='word_1_350' title='bbox 804 5124 966 5176; x_wconf 87' lang='lat' dir='ltr'>intimatiou.</span> 
     </span>
     <span class='ocr_line' id='line_1_53' title="bbox 266 5193 762 5262; baseline -0.01 -14"><span class='ocrx_word' id='word_1_351' title='bbox 266 5193 297 5258; x_wconf 76' lang='grc'>2)</span> <span class='ocrx_word' id='word_1_352' title='bbox 315 5194 484 5262; x_wconf 59' lang='lat' dir='ltr'>angulorum</span> <span class='ocrx_word' id='word_1_353' title='bbox 501 5196 762 5248; x_wconf 78' lang='grc'>6666666666.</span> 
     </span>
     <span class='ocr_line' id='line_1_54' title="bbox 266 5260 961 5330; baseline -0.003 -14"><span class='ocrx_word' id='word_1_354' title='bbox 266 5261 298 5328; x_wconf 77' lang='grc'>11)</span> <span class='ocrx_word' id='word_1_355' title='bbox 318 5261 449 5329; x_wconf 64' lang='lat' dir='ltr'>Faceta,</span> <span class='ocrx_word' id='word_1_356' title='bbox 466 5262 534 5316; x_wconf 83' lang='lat' dir='ltr'>alter</span> <span class='ocrx_word' id='word_1_357' title='bbox 551 5263 675 5317; x_wconf 76' lang='grc'>6616166</span> <span class='ocrx_word' id='word_1_358' title='bbox 689 5261 804 5330; x_wconf 68' lang='lat' dir='ltr'>paucae</span> <span class='ocrx_word' id='word_1_359' title='bbox 821 5260 961 5315; x_wconf 78' lang='grc'>11666666.</span> 
     </span>
    </p>
   </div>
   <div class='ocr_carea' id='block_1_11' title="bbox 2086 361 2147 424">
    <p class='ocr_par' dir='ltr' id='par_1_12' title="bbox 2086 361 2147 424">
     <span class='ocr_line' id='line_1_55' title="bbox 2086 361 2147 424; baseline 0.016 -1"><span class='ocrx_word' id='word_1_360' title='bbox 2086 361 2147 424; x_wconf 77' lang='lat'>122</span> 
     </span>
    </p>
   </div>
   <div class='ocr_carea' id='block_1_12' title="bbox 1180 541 2150 1206">
    <p class='ocr_par' dir='ltr' id='par_1_13' title="bbox 1180 541 2150 1206">
     <span class='ocr_line' id='line_1_56' title="bbox 1180 541 2147 627; baseline 0.002 -18"><span class='ocrx_word' id='word_1_361' title='bbox 1180 542 1267 609; x_wconf 87' lang='lat' dir='ltr'>Nam</span> <span class='ocrx_word' id='word_1_362' title='bbox 1289 544 1317 609; x_wconf 91' lang='lat' dir='ltr'>si</span> <span class='ocrx_word' id='word_1_363' title='bbox 1335 541 1407 626; x_wconf 91' lang='lat' dir='ltr'>ipse</span> <span class='ocrx_word' id='word_1_364' title='bbox 1420 551 1528 608; x_wconf 89' lang='lat' dir='ltr'>tecum</span> <span class='ocrx_word' id='word_1_365' title='bbox 1540 543 1693 627; x_wconf 85' lang='lat' dir='ltr'>expedire</span> <span class='ocrx_word' id='word_1_366' title='bbox 1704 545 1875 624; x_wconf 88' lang='lat' dir='ltr'>censuerit,</span> <span class='ocrx_word' id='word_1_367' title='bbox 1897 544 1999 610; x_wconf 89' lang='lat' dir='ltr'>nolim</span> <span class='ocrx_word' id='word_1_368' title='bbox 2014 544 2147 611; x_wconf 84' lang='lat' dir='ltr'>differri.</span> 
     </span>
     <span class='ocr_line' id='line_1_57' title="bbox 1181 629 2149 714; baseline 0.005 -21"><span class='ocrx_word' id='word_1_369' title='bbox 1181 629 1325 693; x_wconf 71' lang='grc'>’.166166</span> <span class='ocrx_word' id='word_1_370' title='bbox 1346 649 1463 694; x_wconf 82' lang='lat' dir='ltr'>vereor</span> <span class='ocrx_word' id='word_1_371' title='bbox 1489 650 1531 695; x_wconf 92' lang='lat' dir='ltr'>ne</span> <span class='ocrx_word' id='word_1_372' title='bbox 1558 629 1591 694; x_wconf 94' lang='lat' dir='ltr'>in</span> <span class='ocrx_word' id='word_1_373' title='bbox 1614 637 1782 714; x_wconf 88' lang='lat' dir='ltr'>posterum</span> <span class='ocrx_word' id='word_1_374' title='bbox 1804 629 1897 695; x_wconf 92' lang='lat' dir='ltr'>nobis</span> <span class='ocrx_word' id='word_1_375' title='bbox 1917 629 2025 695; x_wconf 83' lang='grc'>166611</span> <span class='ocrx_word' id='word_1_376' title='bbox 2045 633 2097 711; x_wconf 88' lang='grc'>611,</span> <span class='ocrx_word' id='word_1_377' title='bbox 2120 632 2149 698; x_wconf 90' lang='grc'>61</span> 
     </span>
     <span class='ocr_line' id='line_1_58' title="bbox 1181 713 2148 800; baseline 0.004 -22"><span class='ocrx_word' id='word_1_378' title='bbox 1181 713 1258 797; x_wconf 91' lang='grc'>6611</span> <span class='ocrx_word' id='word_1_379' title='bbox 1278 715 1461 780; x_wconf 85' lang='lat' dir='ltr'>innovetur.</span> <span class='ocrx_word' id='word_1_380' title='bbox 1505 713 1642 798; x_wconf 84' lang='lat' dir='ltr'>Alioqui,</span> <span class='ocrx_word' id='word_1_381' title='bbox 1659 717 1689 781; x_wconf 92' lang='lat' dir='ltr'>si</span> <span class='ocrx_word' id='word_1_382' title='bbox 1705 715 1796 782; x_wconf 87' lang='lat' dir='ltr'>salvo</span> <span class='ocrx_word' id='word_1_383' title='bbox 1813 716 1925 780; x_wconf 89' lang='lat' dir='ltr'>ordine</span> <span class='ocrx_word' id='word_1_384' title='bbox 1942 717 2014 780; x_wconf 88' lang='lat' dir='ltr'>fieri</span> <span class='ocrx_word' id='word_1_385' title='bbox 2031 725 2148 800; x_wconf 69' lang='lat' dir='ltr'>posset,</span> 
     </span>
     <span class='ocr_line' id='line_1_59' title="bbox 1180 799 2150 900; baseline 0.003 -37"><span class='ocrx_word' id='word_1_386' title='bbox 1180 799 1265 863; x_wconf 91' lang='lat' dir='ltr'>nihil</span> <span class='ocrx_word' id='word_1_387' title='bbox 1276 820 1430 864; x_wconf 89' lang='lat' dir='ltr'>morarer.</span> <span class='ocrx_word' id='word_1_388' title='bbox 1455 799 1549 878; x_wconf 89' lang='grc'>1616,</span> <span class='ocrx_word' id='word_1_389' title='bbox 1562 801 1606 865; x_wconf 87' lang='grc'>61</span> <span class='ocrx_word' id='word_1_390' title='bbox 1620 801 1758 881; x_wconf 78' lang='lat' dir='ltr'>Nimiae,</span> <span class='ocrx_word' id='word_1_391' title='bbox 1771 799 2031 900; x_wconf 64' lang='lat' dir='ltr'>Seianianum),</span> <span class='ocrx_word' id='word_1_392' title='bbox 2043 801 2150 866; x_wconf 72' lang='grc'>11666-</span> 
     </span>
     <span class='ocr_line' id='line_1_60' title="bbox 1180 885 2149 963; baseline 0.002 -14"><span class='ocrx_word' id='word_1_393' title='bbox 1180 885 1265 963; x_wconf 85' lang='grc'>166,</span> <span class='ocrx_word' id='word_1_394' title='bbox 1287 885 1421 950; x_wconf 89' lang='grc'>6161166</span> <span class='ocrx_word' id='word_1_395' title='bbox 1443 895 1516 951; x_wconf 88' lang='grc'>1666</span> <span class='ocrx_word' id='word_1_396' title='bbox 1539 885 1665 952; x_wconf 86' lang='lat' dir='ltr'>sodales</span> <span class='ocrx_word' id='word_1_397' title='bbox 1686 887 1908 953; x_wconf 86' lang='lat' dir='ltr'>amantissime</span> <span class='ocrx_word' id='word_1_398' title='bbox 1928 907 2057 952; x_wconf 79' lang='lat' dir='ltr'>nomine</span> <span class='ocrx_word' id='word_1_399' title='bbox 2075 905 2149 951; x_wconf 89' lang='lat' dir='ltr'>meo</span> 
     </span>
     <span class='ocr_line' id='line_1_61' title="bbox 1182 969 2150 1055; baseline 0.001 -20"><span class='ocrx_word' id='word_1_400' title='bbox 1182 970 1297 1035; x_wconf 87' lang='lat' dir='ltr'>saluta.</span> <span class='ocrx_word' id='word_1_401' title='bbox 1347 969 1510 1036; x_wconf 91' lang='lat' dir='ltr'>Dominus</span> <span class='ocrx_word' id='word_1_402' title='bbox 1538 992 1595 1037; x_wconf 84' lang='lat' dir='ltr'>vos</span> <span class='ocrx_word' id='word_1_403' title='bbox 1623 993 1736 1036; x_wconf 90' lang='lat' dir='ltr'>omnes</span> <span class='ocrx_word' id='word_1_404' title='bbox 1765 980 1943 1047; x_wconf 87' lang='lat' dir='ltr'>conservet,</span> <span class='ocrx_word' id='word_1_405' title='bbox 1972 981 2007 1036; x_wconf 89' lang='grc'>61</span> <span class='ocrx_word' id='word_1_406' title='bbox 2032 973 2150 1055; x_wconf 87' lang='lat' dir='ltr'>spiritu</span> 
     </span>
     <span class='ocr_line' id='line_1_62' title="bbox 1182 1053 2149 1205; baseline 0.003 -85"><span class='ocrx_word' id='word_1_407' title='bbox 1182 1077 1240 1204; x_wconf 49' lang='lat' dir='ltr'>{rgo</span> <span class='ocrx_word' id='word_1_408' title='bbox 1255 1065 1370 1204; x_wconf 56' lang='lat' dir='ltr'>{panem</span> <span class='ocrx_word' id='word_1_409' title='bbox 1382 1053 1429 1205; x_wconf 64' lang='grc' dir='ltr'>ι6)ιά</span> <span class='ocrx_word' id='word_1_410' title='bbox 1446 1077 1541 1121; x_wconf 90' lang='lat' dir='ltr'>omne</span> <span class='ocrx_word' id='word_1_411' title='bbox 1558 1077 1639 1139; x_wconf 83' lang='lat' dir='ltr'>opus</span> <span class='ocrx_word' id='word_1_412' title='bbox 1649 1058 1769 1123; x_wconf 91' lang='lat' dir='ltr'>bonum</span> <span class='ocrx_word' id='word_1_413' title='bbox 1782 1057 1908 1142; x_wconf 86' lang='lat' dir='ltr'>dirigat.</span> <span class='ocrx_word' id='word_1_414' title='bbox 1933 1056 2149 1138; x_wconf 87' lang='lat' dir='ltr'>Wormaciae,</span> 
     </span>
     <span class='ocr_line' id='line_1_63' title="bbox 1226 1161 1411 1206; baseline 0 -2"><span class='ocrx_word' id='word_1_415' title='bbox 1226 1191 1232 1204; x_wconf 96' lang='lat'>.</span> <span class='ocrx_word' id='word_1_416' title='bbox 1288 1161 1411 1206; x_wconf 86' lang='lat' dir='ltr'>ovem.</span> 
     </span>
    </p>
   </div>
   <div class='ocr_carea' id='block_1_13' title="bbox 1794 1228 2064 1295">
    <p class='ocr_par' dir='ltr' id='par_1_14' title="bbox 1794 1228 2064 1295">
     <span class='ocr_line' id='line_1_64' title="bbox 1794 1228 2064 1295; baseline -0.004 0"><span class='ocrx_word' id='word_1_417' title='bbox 1794 1228 1955 1295; x_wconf 77' lang='lat' dir='ltr'>Calvinus</span> <span class='ocrx_word' id='word_1_418' title='bbox 1979 1239 2064 1295; x_wconf 90' lang='lat' dir='ltr'>tuus.</span> 
     </span>
    </p>
   </div>
   <div class='ocr_carea' id='block_1_14' title="bbox 1565 1403 1766 1411">
    <p class='ocr_par' dir='ltr' id='par_1_15' title="bbox 1565 1403 1766 1411">
     <span class='ocr_line' id='line_1_65' title="bbox 1565 1403 1766 1411; baseline 0.01 -2"><span class='ocrx_word' id='word_1_419' title='bbox 1565 1403 1766 1411; x_wconf 80' lang='lat'>——-—-</span> 
     </span>
    </p>
   </div>
   <div class='ocr_carea' id='block_1_15' title="bbox 1279 1499 2057 1688">
    <p class='ocr_par' dir='ltr' id='par_1_16' title="bbox 1279 1499 2057 1688">
     <span class='ocr_line' id='line_1_66' title="bbox 1625 1499 1700 1571; baseline 0.04 -3"><span class='ocrx_word' id='word_1_420' title='bbox 1625 1499 1700 1571; x_wconf 82' lang='grc'>661.</span> 
     </span>
     <span class='ocr_line' id='line_1_67' title="bbox 1279 1602 2057 1688; baseline 0.003 -4"><span class='ocrx_word' id='word_1_421' title='bbox 1279 1619 1341 1684; x_wconf 84' lang='grc'>66</span> <span class='ocrx_word' id='word_1_422' title='bbox 1364 1602 1600 1685; x_wconf 80' lang='grc'>6166666</span> <span class='ocrx_word' id='word_1_423' title='bbox 1624 1605 1814 1686; x_wconf 76' lang='grc'>666666</span> <span class='ocrx_word' id='word_1_424' title='bbox 1837 1622 1869 1685; x_wconf 83' lang='lat' dir='ltr'>A</span> <span class='ocrx_word' id='word_1_425' title='bbox 1891 1621 2057 1688; x_wconf 79' lang='grc'>66666.</span> 
     </span>
    </p>
   </div>
   <div class='ocr_carea' id='block_1_16' title="bbox 1183 1769 2152 2008">
    <p class='ocr_par' dir='ltr' id='par_1_17' title="bbox 1183 1769 2152 2008">
     <span class='ocr_line' id='line_1_68' title="bbox 1271 1769 2152 1857; baseline 0.006 -21"><span class='ocrx_word' id='word_1_426' title='bbox 1271 1769 1321 1836; x_wconf 85' lang='grc'>06</span> <span class='ocrx_word' id='word_1_427' title='bbox 1349 1771 1571 1837; x_wconf 79' lang='grc'>1611666616</span> <span class='ocrx_word' id='word_1_428' title='bbox 1599 1793 1650 1837; x_wconf 83' lang='grc'>666</span> <span class='ocrx_word' id='word_1_429' title='bbox 1678 1773 1751 1838; x_wconf 72' lang='lat' dir='ltr'>borsa</span> <span class='ocrx_word' id='word_1_430' title='bbox 1778 1773 1880 1856; x_wconf 71' lang='lat' dir='ltr'>efficat</span> <span class='ocrx_word' id='word_1_431' title='bbox 1907 1775 1989 1841; x_wconf 83' lang='grc'>1666</span> <span class='ocrx_word' id='word_1_432' title='bbox 2016 1774 2152 1857; x_wconf 82' lang='lat' dir='ltr'>l&#39;cffoirc</span> 
     </span>
     <span class='ocr_line' id='line_1_69' title="bbox 1183 1855 2151 2008; baseline 0.006 -87"><span class='ocrx_word' id='word_1_433' title='bbox 1183 1855 1346 2008; x_wconf 46' lang='grc' dir='ltr'>1861ῳῦ610ωωί</span> <span class='ocrx_word' id='word_1_434' title='bbox 1346 1863 1430 2007; x_wconf 67' lang='grc'>66166</span> <span class='ocrx_word' id='word_1_435' title='bbox 1440 1855 1547 1922; x_wconf 79' lang='lat' dir='ltr'>Barce</span> <span class='ocrx_word' id='word_1_436' title='bbox 1565 1863 1592 1922; x_wconf 84' lang='lat' dir='ltr'>et</span> <span class='ocrx_word' id='word_1_437' title='bbox 1613 1857 1731 1924; x_wconf 70' lang='lat' dir='ltr'>Garine</span> <span class='ocrx_word' id='word_1_438' title='bbox 1750 1865 1929 1926; x_wconf 77' lang='grc'>6666666661</span> <span class='ocrx_word' id='word_1_439' title='bbox 1948 1859 2151 1927; x_wconf 79' lang='grc'>1661166616</span> 
     </span>
    </p>
   </div>
   <div class='ocr_carea' id='block_1_17' title="bbox 1182 2095 2150 2372">
    <p class='ocr_par' dir='ltr' id='par_1_18' title="bbox 1182 2095 2150 2372">
     <span class='ocr_line' id='line_1_70' title="bbox 1183 2095 2150 2178; baseline 0.003 -30"><span class='ocrx_word' id='word_1_440' title='bbox 1183 2095 1343 2176; x_wconf 80' lang='lat' dir='ltr'>(Exemplar</span> <span class='ocrx_word' id='word_1_441' title='bbox 1360 2096 1547 2178; x_wconf 65' lang='lat' dir='ltr'>autographon</span> <span class='ocrx_word' id='word_1_442' title='bbox 1565 2101 1655 2151; x_wconf 76' lang='lat' dir='ltr'>emtat</span> <span class='ocrx_word' id='word_1_443' title='bbox 1677 2099 1706 2150; x_wconf 93' lang='lat' dir='ltr'>in</span> <span class='ocrx_word' id='word_1_444' title='bbox 1724 2098 1893 2152; x_wconf 85' lang='lat' dir='ltr'>Bibliotheca</span> <span class='ocrx_word' id='word_1_445' title='bbox 1915 2104 2055 2168; x_wconf 84' lang='lat' dir='ltr'>pastorum</span> <span class='ocrx_word' id='word_1_446' title='bbox 2078 2098 2150 2151; x_wconf 85' lang='lat' dir='ltr'>Neo·</span> 
     </span>
     <span class='ocr_line' id='line_1_71' title="bbox 1182 2165 2150 2249; baseline 0.004 -33"><span class='ocrx_word' id='word_1_447' title='bbox 1182 2180 1354 2245; x_wconf 29' lang='lat' dir='ltr'>comens-rum,</span> <span class='ocrx_word' id='word_1_448' title='bbox 1373 2165 1461 2246; x_wconf 79' lang='grc'>166666.</span> <span class='ocrx_word' id='word_1_449' title='bbox 1479 2181 1539 2235; x_wconf 88' lang='lat' dir='ltr'>epp.</span> <span class='ocrx_word' id='word_1_450' title='bbox 1559 2167 1659 2222; x_wconf 86' lang='lat' dir='ltr'>divers.</span> <span class='ocrx_word' id='word_1_451' title='bbox 1694 2167 1807 2248; x_wconf 75' lang='lat' dir='ltr'>Legitur</span> <span class='ocrx_word' id='word_1_452' title='bbox 1824 2169 1973 2249; x_wconf 79' lang='grc'>66666616</span> <span class='ocrx_word' id='word_1_453' title='bbox 1985 2167 2150 2248; x_wconf 77' lang='grc'>0611661118.</span> 
     </span>
     <span class='ocr_line' id='line_1_72' title="bbox 1182 2233 2149 2372; baseline 0.005 -87"><span class='ocrx_word' id='word_1_454' title='bbox 1182 2233 1252 2286; x_wconf 84' lang='lat' dir='ltr'>Brbb</span> <span class='ocrx_word' id='word_1_455' title='bbox 1271 2249 1345 2287; x_wconf 80' lang='grc'>6666.</span> <span class='ocrx_word' id='word_1_456' title='bbox 1365 2233 1454 2288; x_wconf 81' lang='lat' dir='ltr'>Turro.</span> <span class='ocrx_word' id='word_1_457' title='bbox 1466 2233 1583 2372; x_wconf 41' lang='lat' dir='ltr'><strong>⁰13⁸less</strong></span> <span class='ocrx_word' id='word_1_458' title='bbox 1591 2235 1706 2357; x_wconf 55' lang='lat' dir='ltr'>pfflffi</span> <span class='ocrx_word' id='word_1_459' title='bbox 1714 2253 1751 2358; x_wconf 79' lang='lat' dir='ltr'><strong>an</strong></span> <span class='ocrx_word' id='word_1_460' title='bbox 1752 2237 1869 2370; x_wconf 46' lang='lat' dir='ltr'>{offis</span> <span class='ocrx_word' id='word_1_461' title='bbox 1891 2241 1948 2290; x_wconf 81' lang='grc'>616</span> <span class='ocrx_word' id='word_1_462' title='bbox 1969 2236 2070 2290; x_wconf 80' lang='lat' dir='ltr'>llarelh</span> <span class='ocrx_word' id='word_1_463' title='bbox 2091 2235 2149 2290; x_wconf 79' lang='lat' dir='ltr'>MS.</span> 
     </span>
    </p>
   </div>
   <div class='ocr_carea' id='block_1_18' title="bbox 1181 2471 2150 2644">
    <p class='ocr_par' dir='ltr' id='par_1_19' title="bbox 1181 2471 2150 2644">
     <span class='ocr_line' id='line_1_73' title="bbox 1267 2471 2150 2560; baseline 0.005 -23"><span class='ocrx_word' id='word_1_464' title='bbox 1267 2475 1336 2537; x_wconf 79' lang='lat' dir='ltr'>Aut</span> <span class='ocrx_word' id='word_1_465' title='bbox 1347 2471 1494 2538; x_wconf 88' lang='lat' dir='ltr'>Docteur</span> <span class='ocrx_word' id='word_1_466' title='bbox 1503 2473 1602 2538; x_wconf 77' lang='lat' dir='ltr'>Farel</span> <span class='ocrx_word' id='word_1_467' title='bbox 1613 2475 1782 2540; x_wconf 85' lang='lat' dir='ltr'>Ministren</span> <span class='ocrx_word' id='word_1_468' title='bbox 1798 2475 2023 2560; x_wconf 80' lang='lat' dir='ltr'>Evangelique</span> <span class='ocrx_word' id='word_1_469' title='bbox 2040 2481 2150 2541; x_wconf 82' lang='lat' dir='ltr'>nostre</span> 
     </span>
     <span class='ocr_line' id='line_1_74' title="bbox 1181 2557 1456 2644; baseline 0.007 -22"><span class='ocrx_word' id='word_1_470' title='bbox 1181 2557 1339 2642; x_wconf 79' lang='lat' dir='ltr'>singulier</span> <span class='ocrx_word' id='word_1_471' title='bbox 1360 2559 1456 2644; x_wconf 83' lang='lat' dir='ltr'>Amy.</span> 
     </span>
    </p>
   </div>
   <div class='ocr_carea' id='block_1_19' title="bbox 1180 2695 2153 4055">
    <p class='ocr_par' dir='ltr' id='par_1_20' title="bbox 1180 2695 2153 3974">
     <span class='ocr_line' id='line_1_75' title="bbox 1265 2695 2150 2780; baseline 0.005 -22"><span class='ocrx_word' id='word_1_472' title='bbox 1265 2695 2150 2780; x_wconf 76' lang='grc'>1116661666,66666666666666666666616161666166</span> 
     </span>
     <span class='ocr_line' id='line_1_76' title="bbox 1181 2781 2150 2866; baseline 0.004 -22"><span class='ocrx_word' id='word_1_473' title='bbox 1181 2799 1281 2844; x_wconf 82' lang='lat' dir='ltr'>cucur</span> <span class='ocrx_word' id='word_1_474' title='bbox 1303 2801 1339 2844; x_wconf 84' lang='lat' dir='ltr'>aa</span> <span class='ocrx_word' id='word_1_475' title='bbox 1361 2801 1443 2845; x_wconf 78' lang='lat' dir='ltr'>vous</span> <span class='ocrx_word' id='word_1_476' title='bbox 1464 2782 1552 2846; x_wconf 89' lang='lat' dir='ltr'>illest</span> <span class='ocrx_word' id='word_1_477' title='bbox 1573 2784 1717 2848; x_wconf 86' lang='lat' dir='ltr'>certaiue</span> <span class='ocrx_word' id='word_1_478' title='bbox 1745 2805 1808 2866; x_wconf 92' lang='lat' dir='ltr'>que</span> <span class='ocrx_word' id='word_1_479' title='bbox 1834 2781 1961 2847; x_wconf 86' lang='lat' dir='ltr'>havons</span> <span class='ocrx_word' id='word_1_480' title='bbox 1987 2781 2150 2848; x_wconf 89' lang='lat' dir='ltr'>entendus</span> 
     </span>
     <span class='ocr_line' id='line_1_77' title="bbox 1180 2863 2151 2951; baseline 0.008 -25"><span class='ocrx_word' id='word_1_481' title='bbox 1180 2863 1212 2927; x_wconf 92' lang='grc'>16</span> <span class='ocrx_word' id='word_1_482' title='bbox 1234 2864 1298 2928; x_wconf 93' lang='lat' dir='ltr'>bon</span> <span class='ocrx_word' id='word_1_483' title='bbox 1320 2884 1421 2929; x_wconf 88' lang='lat' dir='ltr'>cucur</span> <span class='ocrx_word' id='word_1_484' title='bbox 1441 2867 1546 2948; x_wconf 85' lang='lat' dir='ltr'>grand</span> <span class='ocrx_word' id='word_1_485' title='bbox 1568 2888 1681 2932; x_wconf 88' lang='lat' dir='ltr'>amour</span> <span class='ocrx_word' id='word_1_486' title='bbox 1710 2877 1743 2932; x_wconf 90' lang='lat' dir='ltr'>et</span> <span class='ocrx_word' id='word_1_487' title='bbox 1764 2869 1832 2934; x_wconf 84' lang='grc'>6616</span> <span class='ocrx_word' id='word_1_488' title='bbox 1853 2889 1915 2951; x_wconf 91' lang='grc'>666</span> <span class='ocrx_word' id='word_1_489' title='bbox 1936 2885 2020 2933; x_wconf 89' lang='grc'>6666</span> <span class='ocrx_word' id='word_1_490' title='bbox 2042 2875 2151 2950; x_wconf 85' lang='lat' dir='ltr'>portes</span> 
     </span>
     <span class='ocr_line' id='line_1_78' title="bbox 1181 2950 2151 3038; baseline 0.008 -26"><span class='ocrx_word' id='word_1_491' title='bbox 1181 2967 1218 3012; x_wconf 85' lang='lat' dir='ltr'>aa</span> <span class='ocrx_word' id='word_1_492' title='bbox 1244 2969 1327 3014; x_wconf 91' lang='lat' dir='ltr'>nous</span> <span class='ocrx_word' id='word_1_493' title='bbox 1354 2950 1423 3014; x_wconf 83' lang='lat' dir='ltr'>fere</span> <span class='ocrx_word' id='word_1_494' title='bbox 1455 2953 1580 3017; x_wconf 79' lang='lat' dir='ltr'>service</span> <span class='ocrx_word' id='word_1_495' title='bbox 1613 2963 1646 3017; x_wconf 92' lang='lat' dir='ltr'>et</span> <span class='ocrx_word' id='word_1_496' title='bbox 1676 2953 1809 3038; x_wconf 82' lang='lat' dir='ltr'>playsir,</span> <span class='ocrx_word' id='word_1_497' title='bbox 1832 2953 1911 3019; x_wconf 91' lang='lat' dir='ltr'>dont</span> <span class='ocrx_word' id='word_1_498' title='bbox 1942 2961 2151 3020; x_wconf 75' lang='grc'>6666666166</span> 
     </span>
     <span class='ocr_line' id='line_1_79' title="bbox 1181 3035 2150 3122; baseline 0.007 -24"><span class='ocrx_word' id='word_1_499' title='bbox 1181 3055 1265 3099; x_wconf 86' lang='lat' dir='ltr'>vous</span> <span class='ocrx_word' id='word_1_500' title='bbox 1282 3035 1451 3100; x_wconf 85' lang='lat' dir='ltr'>marcione.</span> <span class='ocrx_word' id='word_1_501' title='bbox 1494 3037 1540 3101; x_wconf 82' lang='lat' dir='ltr'>Et</span> <span class='ocrx_word' id='word_1_502' title='bbox 1557 3057 1694 3122; x_wconf 84' lang='lat' dir='ltr'>croyons</span> <span class='ocrx_word' id='word_1_503' title='bbox 1715 3060 1779 3120; x_wconf 89' lang='lat' dir='ltr'>que</span> <span class='ocrx_word' id='word_1_504' title='bbox 1799 3059 1860 3122; x_wconf 85' lang='lat' dir='ltr'>por</span> <span class='ocrx_word' id='word_1_505' title='bbox 1881 3059 1963 3103; x_wconf 87' lang='lat' dir='ltr'>nous</span> <span class='ocrx_word' id='word_1_506' title='bbox 1985 3036 2150 3105; x_wconf 86' lang='lat' dir='ltr'>ambassa-</span> 
     </span>
     <span class='ocr_line' id='line_1_80' title="bbox 1182 3119 2150 3208; baseline 0.006 -24"><span class='ocrx_word' id='word_1_507' title='bbox 1182 3119 1279 3185; x_wconf 89' lang='lat' dir='ltr'>deurs</span> <span class='ocrx_word' id='word_1_508' title='bbox 1300 3127 1408 3185; x_wconf 88' lang='lat' dir='ltr'>estant</span> <span class='ocrx_word' id='word_1_509' title='bbox 1427 3141 1488 3204; x_wconf 91' lang='lat' dir='ltr'>par</span> <span class='ocrx_word' id='word_1_510' title='bbox 1510 3121 1627 3187; x_wconf 81' lang='lat' dir='ltr'>devere</span> <span class='ocrx_word' id='word_1_511' title='bbox 1653 3143 1736 3188; x_wconf 87' lang='lat' dir='ltr'>vous</span> <span class='ocrx_word' id='word_1_512' title='bbox 1763 3131 1849 3189; x_wconf 92' lang='lat' dir='ltr'>estes</span> <span class='ocrx_word' id='word_1_513' title='bbox 1877 3145 1966 3189; x_wconf 85' lang='lat' dir='ltr'>asses</span> <span class='ocrx_word' id='word_1_514' title='bbox 1995 3123 2150 3208; x_wconf 79' lang='lat' dir='ltr'>advertys</span> 
     </span>
     <span class='ocr_line' id='line_1_81' title="bbox 1182 3205 2151 3292; baseline 0.003 -23"><span class='ocrx_word' id='word_1_515' title='bbox 1182 3205 1222 3270; x_wconf 90' lang='lat' dir='ltr'>de</span> <span class='ocrx_word' id='word_1_516' title='bbox 1242 3205 1293 3272; x_wconf 85' lang='grc'>166</span> <span class='ocrx_word' id='word_1_517' title='bbox 1315 3227 1411 3272; x_wconf 88' lang='grc'>66666</span> <span class='ocrx_word' id='word_1_518' title='bbox 1433 3208 1561 3274; x_wconf 88' lang='lat' dir='ltr'>encoire</span> <span class='ocrx_word' id='word_1_519' title='bbox 1583 3229 1643 3292; x_wconf 88' lang='lat' dir='ltr'>par</span> <span class='ocrx_word' id='word_1_520' title='bbox 1660 3208 1855 3291; x_wconf 88' lang='lat' dir='ltr'>appellation</span> <span class='ocrx_word' id='word_1_521' title='bbox 1872 3206 2036 3292; x_wconf 79' lang='lat' dir='ltr'>pendente</span> <span class='ocrx_word' id='word_1_522' title='bbox 2058 3217 2151 3272; x_wconf 91' lang='lat' dir='ltr'>entre</span> 
     </span>
     <span class='ocr_line' id='line_1_82' title="bbox 1181 3290 2151 3378; baseline 0.001 -23"><span class='ocrx_word' id='word_1_523' title='bbox 1181 3312 1266 3357; x_wconf 89' lang='lat' dir='ltr'>nous</span> <span class='ocrx_word' id='word_1_524' title='bbox 1303 3291 1479 3360; x_wconf 88' lang='lat' dir='ltr'>tresohiors</span> <span class='ocrx_word' id='word_1_525' title='bbox 1511 3291 1779 3378; x_wconf 84' lang='lat' dir='ltr'>Oombourgeoys</span> <span class='ocrx_word' id='word_1_526' title='bbox 1811 3294 1859 3359; x_wconf 88' lang='lat' dir='ltr'>les</span> <span class='ocrx_word' id='word_1_527' title='bbox 1892 3291 2071 3377; x_wconf 80' lang='lat' dir='ltr'>Seigneurs</span> <span class='ocrx_word' id='word_1_528' title='bbox 2110 3290 2151 3357; x_wconf 92' lang='lat' dir='ltr'>de</span> 
     </span>
     <span class='ocr_line' id='line_1_83' title="bbox 1182 3377 2151 3464; baseline 0 -22"><span class='ocrx_word' id='word_1_529' title='bbox 1182 3377 1293 3442; x_wconf 93' lang='lat' dir='ltr'>Berne</span> <span class='ocrx_word' id='word_1_530' title='bbox 1314 3385 1348 3443; x_wconf 93' lang='lat' dir='ltr'>et</span> <span class='ocrx_word' id='word_1_531' title='bbox 1370 3399 1453 3444; x_wconf 90' lang='lat' dir='ltr'>nous</span> <span class='ocrx_word' id='word_1_532' title='bbox 1466 3378 1491 3464; x_wconf 89' lang='lat'>¹)</span> <span class='ocrx_word' id='word_1_533' title='bbox 1513 3385 1547 3443; x_wconf 89' lang='lat' dir='ltr'>et</span> <span class='ocrx_word' id='word_1_534' title='bbox 1568 3399 1688 3462; x_wconf 89' lang='lat' dir='ltr'>pource</span> <span class='ocrx_word' id='word_1_535' title='bbox 1708 3399 1772 3462; x_wconf 90' lang='lat' dir='ltr'>que</span> <span class='ocrx_word' id='word_1_536' title='bbox 1794 3401 1836 3444; x_wconf 91' lang='lat' dir='ltr'>eu</span> <span class='ocrx_word' id='word_1_537' title='bbox 1857 3387 1927 3445; x_wconf 91' lang='grc'>6661</span> <span class='ocrx_word' id='word_1_538' title='bbox 1946 3378 2046 3442; x_wconf 84' lang='lat' dir='ltr'>affere</span> <span class='ocrx_word' id='word_1_539' title='bbox 2067 3397 2151 3442; x_wconf 91' lang='lat' dir='ltr'>nous</span> 
     </span>
     <span class='ocr_line' id='line_1_84' title="bbox 1182 3464 2152 3550; baseline 0.001 -23"><span class='ocrx_word' id='word_1_540' title='bbox 1182 3483 1305 3546; x_wconf 84' lang='lat' dir='ltr'>pouves</span> <span class='ocrx_word' id='word_1_541' title='bbox 1323 3483 1439 3548; x_wconf 79' lang='lat' dir='ltr'>servyr</span> <span class='ocrx_word' id='word_1_542' title='bbox 1455 3485 1537 3531; x_wconf 86' lang='lat' dir='ltr'>vous</span> <span class='ocrx_word' id='word_1_543' title='bbox 1552 3485 1675 3550; x_wconf 86' lang='lat' dir='ltr'>pryons</span> <span class='ocrx_word' id='word_1_544' title='bbox 1685 3485 1768 3531; x_wconf 91' lang='lat' dir='ltr'>nous</span> <span class='ocrx_word' id='word_1_545' title='bbox 1778 3464 2152 3549; x_wconf 84' lang='lat' dir='ltr'>havoyerentierement</span> 
     </span>
     <span class='ocr_line' id='line_1_85' title="bbox 1182 3547 2153 3635; baseline 0.002 -23"><span class='ocrx_word' id='word_1_546' title='bbox 1182 3569 1266 3631; x_wconf 91' lang='lat' dir='ltr'>pour</span> <span class='ocrx_word' id='word_1_547' title='bbox 1286 3549 1496 3615; x_wconf 87' lang='lat' dir='ltr'>recomanden</span> <span class='ocrx_word' id='word_1_548' title='bbox 1514 3557 1548 3615; x_wconf 87' lang='lat' dir='ltr'>et</span> <span class='ocrx_word' id='word_1_549' title='bbox 1571 3551 1640 3633; x_wconf 91' lang='lat' dir='ltr'>quil</span> <span class='ocrx_word' id='word_1_550' title='bbox 1657 3571 1739 3617; x_wconf 84' lang='lat' dir='ltr'>vous</span> <span class='ocrx_word' id='word_1_551' title='bbox 1755 3550 1868 3635; x_wconf 83' lang='lat' dir='ltr'>playee</span> <span class='ocrx_word' id='word_1_552' title='bbox 1885 3570 1966 3618; x_wconf 84' lang='lat' dir='ltr'>vous</span> <span class='ocrx_word' id='word_1_553' title='bbox 1982 3547 2153 3634; x_wconf 81' lang='lat' dir='ltr'>employer</span> 
     </span>
     <span class='ocr_line' id='line_1_86' title="bbox 1182 3634 2152 3720; baseline 0.002 -23"><span class='ocrx_word' id='word_1_554' title='bbox 1182 3653 1265 3716; x_wconf 90' lang='lat' dir='ltr'>pour</span> <span class='ocrx_word' id='word_1_555' title='bbox 1285 3654 1368 3700; x_wconf 90' lang='grc'>6666</span> <span class='ocrx_word' id='word_1_556' title='bbox 1388 3634 1439 3700; x_wconf 87' lang='grc'>166</span> <span class='ocrx_word' id='word_1_557' title='bbox 1456 3657 1518 3701; x_wconf 88' lang='grc'>666</span> <span class='ocrx_word' id='word_1_558' title='bbox 1534 3643 1726 3720; x_wconf 83' lang='lat' dir='ltr'>cognoytres</span> <span class='ocrx_word' id='word_1_559' title='bbox 1743 3643 1830 3701; x_wconf 88' lang='lat' dir='ltr'>estre</span> <span class='ocrx_word' id='word_1_560' title='bbox 1849 3655 2067 3720; x_wconf 85' lang='lat' dir='ltr'>neocaesayre.</span> <span class='ocrx_word' id='word_1_561' title='bbox 2106 3635 2152 3700; x_wconf 81' lang='lat' dir='ltr'>Et</span> 
     </span>
     <span class='ocr_line' id='line_1_87' title="bbox 1183 3719 2151 3806; baseline 0 -23"><span class='ocrx_word' id='word_1_562' title='bbox 1183 3740 1225 3783; x_wconf 92' lang='lat' dir='ltr'>en</span> <span class='ocrx_word' id='word_1_563' title='bbox 1257 3739 1294 3784; x_wconf 91' lang='lat' dir='ltr'>ce</span> <span class='ocrx_word' id='word_1_564' title='bbox 1325 3740 1408 3786; x_wconf 92' lang='lat' dir='ltr'>nous</span> <span class='ocrx_word' id='word_1_565' title='bbox 1439 3721 1525 3786; x_wconf 89' lang='lat' dir='ltr'>feras</span> <span class='ocrx_word' id='word_1_566' title='bbox 1557 3720 1728 3806; x_wconf 87' lang='lat' dir='ltr'>aggreable</span> <span class='ocrx_word' id='word_1_567' title='bbox 1759 3721 1886 3806; x_wconf 83' lang='lat' dir='ltr'>playsir</span> <span class='ocrx_word' id='word_1_568' title='bbox 1917 3719 2037 3804; x_wconf 89' lang='grc'>1666611</span> <span class='ocrx_word' id='word_1_569' title='bbox 2068 3740 2151 3784; x_wconf 89' lang='grc'>6666</span> 
     </span>
     <span class='ocr_line' id='line_1_88' title="bbox 1181 3804 2151 3892; baseline 0.001 -25"><span class='ocrx_word' id='word_1_570' title='bbox 1181 3804 1365 3886; x_wconf 85' lang='lat' dir='ltr'>paroffrons</span> <span class='ocrx_word' id='word_1_571' title='bbox 1392 3804 1567 3889; x_wconf 72' lang='lat' dir='ltr'>desservyr</span> <span class='ocrx_word' id='word_1_572' title='bbox 1588 3805 1675 3872; x_wconf 90' lang='lat' dir='ltr'>Dieu</span> <span class='ocrx_word' id='word_1_573' title='bbox 1697 3805 1829 3892; x_wconf 86' lang='lat' dir='ltr'>aydant,</span> <span class='ocrx_word' id='word_1_574' title='bbox 1858 3806 2003 3890; x_wconf 91' lang='grc'>66166611</span> <span class='ocrx_word' id='word_1_575' title='bbox 2029 3824 2151 3890; x_wconf 82' lang='lat' dir='ltr'>pryons</span> 
     </span>
     <span class='ocr_line' id='line_1_89' title="bbox 1183 3888 1684 3974; baseline 0.006 -21"><span class='ocrx_word' id='word_1_576' title='bbox 1183 3888 1252 3972; x_wconf 89' lang='lat' dir='ltr'>quil</span> <span class='ocrx_word' id='word_1_577' title='bbox 1272 3909 1353 3955; x_wconf 84' lang='lat' dir='ltr'>vous</span> <span class='ocrx_word' id='word_1_578' title='bbox 1374 3888 1486 3955; x_wconf 89' lang='grc'>161661</span> <span class='ocrx_word' id='word_1_579' title='bbox 1505 3911 1684 3974; x_wconf 89' lang='lat' dir='ltr'>prosperer.</span> 
     </span>
    </p>

    <p class='ocr_par' dir='ltr' id='par_1_21' title="bbox 1268 3974 1941 4055">
     <span class='ocr_line' id='line_1_90' title="bbox 1268 3974 1941 4055; baseline 0.003 -15"><span class='ocrx_word' id='word_1_580' title='bbox 1268 3974 1319 4040; x_wconf 92' lang='lat' dir='ltr'>De</span> <span class='ocrx_word' id='word_1_581' title='bbox 1342 3974 1485 4055; x_wconf 78' lang='lat' dir='ltr'>Genera,</span> <span class='ocrx_word' id='word_1_582' title='bbox 1508 3996 1545 4042; x_wconf 91' lang='lat' dir='ltr'>oe</span> <span class='ocrx_word' id='word_1_583' title='bbox 1567 3980 1617 4042; x_wconf 84' lang='grc'>26.</span> <span class='ocrx_word' id='word_1_584' title='bbox 1640 3976 1825 4044; x_wconf 85' lang='lat' dir='ltr'>Novembre</span> <span class='ocrx_word' id='word_1_585' title='bbox 1850 3981 1941 4042; x_wconf 79' lang='lat'>1540.</span> 
     </span>
    </p>
   </div>
   <div class='ocr_carea' id='block_1_20' title="bbox 1407 4113 2148 4281">
    <p class='ocr_par' dir='ltr' id='par_1_22' title="bbox 1407 4113 2148 4281">
     <span class='ocr_line' id='line_1_91' title="bbox 1627 4113 1940 4196; baseline 0 -20"><span class='ocrx_word' id='word_1_586' title='bbox 1627 4113 1721 4178; x_wconf 91' lang='grc'>1666</span> <span class='ocrx_word' id='word_1_587' title='bbox 1743 4114 1824 4178; x_wconf 88' lang='lat' dir='ltr'>bons</span> <span class='ocrx_word' id='word_1_588' title='bbox 1846 4131 1940 4196; x_wconf 84' lang='lat' dir='ltr'>amys</span> 
     </span>
     <span class='ocr_line' id='line_1_92' title="bbox 1407 4193 2148 4281; baseline -0.001 -19"><span class='ocrx_word' id='word_1_589' title='bbox 1407 4197 1475 4262; x_wconf 84' lang='lat' dir='ltr'>Les</span> <span class='ocrx_word' id='word_1_590' title='bbox 1497 4194 1703 4281; x_wconf 79' lang='lat' dir='ltr'>Syndioques</span> <span class='ocrx_word' id='word_1_591' title='bbox 1725 4205 1759 4263; x_wconf 90' lang='lat' dir='ltr'>et</span> <span class='ocrx_word' id='word_1_592' title='bbox 1779 4197 1923 4280; x_wconf 82' lang='lat' dir='ltr'>Oonseyl</span> <span class='ocrx_word' id='word_1_593' title='bbox 1944 4194 1984 4260; x_wconf 90' lang='lat' dir='ltr'>de</span> <span class='ocrx_word' id='word_1_594' title='bbox 2006 4193 2148 4263; x_wconf 80' lang='lat' dir='ltr'>Genese.</span> 
     </span>
    </p>
   </div>
   <div class='ocr_carea' id='block_1_21' title="bbox 1182 4364 2152 5176">
    <p class='ocr_par' dir='ltr' id='par_1_23' title="bbox 1182 4364 2152 5176">
     <span class='ocr_line' id='line_1_93' title="bbox 1283 4364 2007 4434; baseline -0.006 -12"><span class='ocrx_word' id='word_1_595' title='bbox 1283 4367 1312 4430; x_wconf 78' lang='grc'>4)</span> <span class='ocrx_word' id='word_1_596' title='bbox 1333 4366 1526 4434; x_wconf 66' lang='lat' dir='ltr'>ommim,</span> <span class='ocrx_word' id='word_1_597' title='bbox 1543 4368 1605 4422; x_wconf 78' lang='lat' dir='ltr'>cide</span> <span class='ocrx_word' id='word_1_598' title='bbox 1622 4367 1681 4420; x_wconf 76' lang='grc'>6166</span> <span class='ocrx_word' id='word_1_599' title='bbox 1697 4365 1888 4432; x_wconf 73' lang='lat' dir='ltr'>Desertorem</span> <span class='ocrx_word' id='word_1_600' title='bbox 1902 4380 1930 4433; x_wconf 79' lang='lat' dir='ltr'>p.</span> <span class='ocrx_word' id='word_1_601' title='bbox 1948 4364 2007 4418; x_wconf 82' lang='lat'>360.</span> 
     </span>
     <span class='ocr_line' id='line_1_94' title="bbox 1200 4434 2150 4504; baseline 0 -14"><span class='ocrx_word' id='word_1_602' title='bbox 1200 4436 1422 4502; x_wconf 75' lang='grc' dir='ltr'>2111.1)Β666</span> <span class='ocrx_word' id='word_1_603' title='bbox 1442 4437 1597 4504; x_wconf 75' lang='lat' dir='ltr'>pritendoit</span> <span class='ocrx_word' id='word_1_604' title='bbox 1619 4437 1697 4489; x_wconf 77' lang='lat' dir='ltr'>avoir</span> <span class='ocrx_word' id='word_1_605' title='bbox 1720 4435 1768 4488; x_wconf 84' lang='lat' dir='ltr'>dea</span> <span class='ocrx_word' id='word_1_606' title='bbox 1789 4435 1875 4488; x_wconf 83' lang='lat' dir='ltr'>droitc</span> <span class='ocrx_word' id='word_1_607' title='bbox 1895 4448 1945 4486; x_wconf 80' lang='lat' dir='ltr'>aar</span> <span class='ocrx_word' id='word_1_608' title='bbox 1965 4434 2150 4490; x_wconf 75' lang='grc'>1661166616</span> 
     </span>
     <span class='ocr_line' id='line_1_95' title="bbox 1186 4501 2151 4574; baseline 0 -15"><span class='ocrx_word' id='word_1_609' title='bbox 1186 4504 1314 4574; x_wconf 77' lang='lat' dir='ltr'>Obopilra</span> <span class='ocrx_word' id='word_1_610' title='bbox 1331 4505 1364 4559; x_wconf 83' lang='lat' dir='ltr'>da</span> <span class='ocrx_word' id='word_1_611' title='bbox 1383 4504 1410 4559; x_wconf 82' lang='lat' dir='ltr'>S.</span> <span class='ocrx_word' id='word_1_612' title='bbox 1425 4505 1523 4573; x_wconf 80' lang='lat' dir='ltr'>Victor,</span> <span class='ocrx_word' id='word_1_613' title='bbox 1548 4505 1614 4560; x_wconf 83' lang='lat' dir='ltr'>doct</span> <span class='ocrx_word' id='word_1_614' title='bbox 1630 4505 1669 4558; x_wconf 84' lang='grc'>16</span> <span class='ocrx_word' id='word_1_615' title='bbox 1684 4503 1776 4557; x_wconf 67' lang='lat' dir='ltr'>bacilia</span> <span class='ocrx_word' id='word_1_616' title='bbox 1797 4503 1831 4556; x_wconf 80' lang='lat' dir='ltr'>de</span> <span class='ocrx_word' id='word_1_617' title='bbox 1853 4501 1965 4556; x_wconf 78' lang='grc'>116666</span> <span class='ocrx_word' id='word_1_618' title='bbox 1987 4508 2012 4557; x_wconf 81' lang='lat' dir='ltr'>et</span> <span class='ocrx_word' id='word_1_619' title='bbox 2034 4503 2067 4556; x_wconf 80' lang='lat' dir='ltr'>da</span> <span class='ocrx_word' id='word_1_620' title='bbox 2091 4501 2151 4559; x_wconf 76' lang='lat' dir='ltr'>Oea</span> 
     </span>
     <span class='ocr_line' id='line_1_96' title="bbox 1184 4567 2152 4696; baseline -0.002 -68"><span class='ocrx_word' id='word_1_621' title='bbox 1184 4576 1309 4655; x_wconf 75' lang='grc'>6661661</span> <span class='ocrx_word' id='word_1_622' title='bbox 1332 4575 1365 4628; x_wconf 82' lang='lat' dir='ltr'>de</span> <span class='ocrx_word' id='word_1_623' title='bbox 1386 4573 1532 4696; x_wconf 50' lang='lat' dir='ltr'>temperer</span> <span class='ocrx_word' id='word_1_624' title='bbox 1551 4590 1589 4628; x_wconf 87' lang='grc'>66</span> <span class='ocrx_word' id='word_1_625' title='bbox 1610 4589 1672 4651; x_wconf 78' lang='grc'>666</span> <span class='ocrx_word' id='word_1_626' title='bbox 1695 4571 1728 4625; x_wconf 81' lang='lat' dir='ltr'>de</span> <span class='ocrx_word' id='word_1_627' title='bbox 1749 4571 1777 4624; x_wconf 89' lang='grc'>16</span> <span class='ocrx_word' id='word_1_628' title='bbox 1792 4567 1957 4640; x_wconf 69' lang='grc'>6166111616.</span> <span class='ocrx_word' id='word_1_629' title='bbox 1993 4569 2152 4626; x_wconf 75' lang='grc'>66616616</span> 
     </span>
     <span class='ocr_line' id='line_1_97' title="bbox 1184 4639 2151 4792; baseline -0.004 -27"><span class='ocrx_word' id='word_1_630' title='bbox 1184 4639 1944 4792; x_wconf 52' lang='lat' dir='ltr'>tratti?”at‘ttttltttttltttttffl‘</span> <span class='ocrx_word' id='word_1_631' title='bbox 1961 4645 2151 4789; x_wconf 62' lang='lat' dir='ltr'>..Jttttt‘</span> 
     </span>
     <span class='ocr_line' id='line_1_98' title="bbox 1183 4774 2150 4848; baseline -0.003 -16"><span class='ocrx_word' id='word_1_632' title='bbox 1183 4781 1374 4848; x_wconf 71' lang='lat' dir='ltr'>frequentaret</span> <span class='ocrx_word' id='word_1_633' title='bbox 1391 4795 1484 4834; x_wconf 74' lang='lat' dir='ltr'>aaron</span> <span class='ocrx_word' id='word_1_634' title='bbox 1501 4795 1550 4832; x_wconf 79' lang='lat' dir='ltr'>aar</span> <span class='ocrx_word' id='word_1_635' title='bbox 1567 4779 1591 4832; x_wconf 83' lang='lat' dir='ltr'>le</span> <span class='ocrx_word' id='word_1_636' title='bbox 1608 4785 1688 4846; x_wconf 72' lang='lat' dir='ltr'>topia,</span> <span class='ocrx_word' id='word_1_637' title='bbox 1710 4774 1805 4830; x_wconf 85' lang='grc'>06166</span> <span class='ocrx_word' id='word_1_638' title='bbox 1821 4777 1883 4843; x_wconf 68' lang='lat' dir='ltr'>finit</span> <span class='ocrx_word' id='word_1_639' title='bbox 1894 4793 1949 4846; x_wconf 75' lang='lat' dir='ltr'>por</span> <span class='ocrx_word' id='word_1_640' title='bbox 1961 4777 2001 4846; x_wconf 80' lang='lat' dir='ltr'>s&#39;y</span> <span class='ocrx_word' id='word_1_641' title='bbox 2009 4778 2150 4830; x_wconf 72' lang='grc'>6116666</span> 
     </span>
     <span class='ocr_line' id='line_1_99' title="bbox 1185 4844 2149 4917; baseline -0.006 -14"><span class='ocrx_word' id='word_1_642' title='bbox 1185 4849 1270 4903; x_wconf 84' lang='grc'>1666</span> <span class='ocrx_word' id='word_1_643' title='bbox 1288 4853 1357 4901; x_wconf 79' lang='lat' dir='ltr'>tour.</span> <span class='ocrx_word' id='word_1_644' title='bbox 1396 4847 1430 4901; x_wconf 76' lang='grc' dir='ltr'>(ἰ</span> <span class='ocrx_word' id='word_1_645' title='bbox 1452 4847 1519 4901; x_wconf 82' lang='lat' dir='ltr'>n&#39;est</span> <span class='ocrx_word' id='word_1_646' title='bbox 1541 4847 1620 4917; x_wconf 79' lang='lat' dir='ltr'>qu’ec</span> <span class='ocrx_word' id='word_1_647' title='bbox 1647 4845 1713 4898; x_wconf 79' lang='lat'>1544</span> <span class='ocrx_word' id='word_1_648' title='bbox 1736 4844 1827 4914; x_wconf 79' lang='lat' dir='ltr'>qu&#39;elle</span> <span class='ocrx_word' id='word_1_649' title='bbox 1849 4861 1877 4898; x_wconf 82' lang='lat' dir='ltr'>se</span> <span class='ocrx_word' id='word_1_650' title='bbox 1900 4847 2014 4898; x_wconf 71' lang='grc'>1666166</span> <span class='ocrx_word' id='word_1_651' title='bbox 2036 4861 2089 4912; x_wconf 78' lang='lat' dir='ltr'>por</span> <span class='ocrx_word' id='word_1_652' title='bbox 2110 4860 2149 4897; x_wconf 83' lang='grc'>66</span> 
     </span>
     <span class='ocr_line' id='line_1_100' title="bbox 1185 4913 2150 4972; baseline -0.005 -2"><span class='ocrx_word' id='word_1_653' title='bbox 1185 4916 1428 4972; x_wconf 68' lang='lat' dir='ltr'>accommodarent.</span> <span class='ocrx_word' id='word_1_654' title='bbox 1466 4917 1487 4970; x_wconf 94' lang='lat' dir='ltr'><strong><em>I</em></strong></span> <span class='ocrx_word' id='word_1_655' title='bbox 1489 4917 1499 4970; x_wconf 88' lang='grc'>1</span> <span class='ocrx_word' id='word_1_656' title='bbox 1515 4931 1549 4969; x_wconf 81' lang='lat' dir='ltr'>aa</span> <span class='ocrx_word' id='word_1_657' title='bbox 1566 4919 1673 4969; x_wconf 70' lang='grc'>6666611</span> <span class='ocrx_word' id='word_1_658' title='bbox 1690 4914 1744 4968; x_wconf 78' lang='lat' dir='ltr'>e‘tre</span> <span class='ocrx_word' id='word_1_659' title='bbox 1797 4915 1882 4968; x_wconf 79' lang='lat' dir='ltr'>aetion</span> <span class='ocrx_word' id='word_1_660' title='bbox 1899 4913 2150 4969; x_wconf 80' lang='lat' dir='ltr'>icideloooeation</span> 
     </span>
     <span class='ocr_line' id='line_1_101' title="bbox 1184 4979 2149 5054; baseline -0.002 -16"><span class='ocrx_word' id='word_1_661' title='bbox 1184 4985 1310 5039; x_wconf 78' lang='grc'>161661.</span> <span class='ocrx_word' id='word_1_662' title='bbox 1343 4985 1429 5054; x_wconf 78' lang='lat' dir='ltr'>Voyer</span> <span class='ocrx_word' id='word_1_663' title='bbox 1447 5001 1495 5039; x_wconf 82' lang='grc'>66</span> <span class='ocrx_word' id='word_1_664' title='bbox 1512 4983 1548 5038; x_wconf 75' lang='grc'>16</span> <span class='ocrx_word' id='word_1_665' title='bbox 1569 4985 1628 5037; x_wconf 79' lang='lat' dir='ltr'>aire</span> <span class='ocrx_word' id='word_1_666' title='bbox 1645 4983 1678 5036; x_wconf 81' lang='lat' dir='ltr'>de</span> <span class='ocrx_word' id='word_1_667' title='bbox 1700 4981 1737 5036; x_wconf 83' lang='lat' dir='ltr'>Sl.</span> <span class='ocrx_word' id='word_1_668' title='bbox 1777 4984 1846 5038; x_wconf 79' lang='lat' dir='ltr'>ictor</span> <span class='ocrx_word' id='word_1_669' title='bbox 1868 4983 1891 5035; x_wconf 84' lang='grc'>16</span> <span class='ocrx_word' id='word_1_670' title='bbox 1907 4979 1974 5036; x_wconf 74' lang='lat' dir='ltr'>rlcit</span> <span class='ocrx_word' id='word_1_671' title='bbox 1990 4979 2098 5036; x_wconf 77' lang='lat' dir='ltr'>de&#39;lorlle&#39;</span> <span class='ocrx_word' id='word_1_672' title='bbox 2115 4980 2149 5036; x_wconf 75' lang='lat' dir='ltr'>de</span> 
     </span>
     <span class='ocr_line' id='line_1_102' title="bbox 1186 5047 2149 5135; baseline -0.006 -27"><span class='ocrx_word' id='word_1_673' title='bbox 1186 5053 1525 5135; x_wconf 74' lang='grc'>116661116116666616</span> <span class='ocrx_word' id='word_1_674' title='bbox 1562 5052 1700 5106; x_wconf 75' lang='grc'>60616</span> <span class='ocrx_word' id='word_1_675' title='bbox 1723 5051 1744 5105; x_wconf 90' lang='lat'>1.</span> <span class='ocrx_word' id='word_1_676' title='bbox 1763 5050 1810 5104; x_wconf 85' lang='grc'>111</span> <span class='ocrx_word' id='word_1_677' title='bbox 1836 5053 1904 5105; x_wconf 77' lang='lat' dir='ltr'>auio.</span> <span class='ocrx_word' id='word_1_678' title='bbox 1931 5047 1983 5102; x_wconf 77' lang='lat'>259</span> <span class='ocrx_word' id='word_1_679' title='bbox 2006 5050 2073 5104; x_wconf 80' lang='lat' dir='ltr'>scio.</span> <span class='ocrx_word' id='word_1_680' title='bbox 2097 5047 2149 5104; x_wconf 73' lang='lat'>279</span> 
     </span>
     <span class='ocr_line' id='line_1_103' title="bbox 1182 5137 1251 5176; baseline -0.029 0"><span class='ocrx_word' id='word_1_681' title='bbox 1182 5137 1251 5176; x_wconf 83' lang='grc'>666.</span> 
     </span>
    </p>
   </div>
   <div class='ocr_carea' id='block_1_22' title="bbox 1566 5313 1767 5321">
    <p class='ocr_par' dir='ltr' id='par_1_24' title="bbox 1566 5313 1767 5321">
     <span class='ocr_line' id='line_1_104' title="bbox 1566 5313 1767 5321; baseline 0 -1"><span class='ocrx_word' id='word_1_682' title='bbox 1566 5313 1767 5321; x_wconf 43' lang='grc' dir='ltr'>ῇ--η</span> 
     </span>
    </p>
   </div>
   <div class='ocr_carea' id='block_1_23' title="bbox 0 0 2478 5972">
    <p class='ocr_par' dir='ltr' id='par_1_25' title="bbox 0 0 2478 5972">
     <span class='ocr_line' id='line_1_105' title="bbox 0 0 2478 5972; baseline 0 0"><span class='ocrx_word' id='word_1_683' title='bbox 0 0 2478 5972; x_wconf 95' lang='lat' dir='ltr'> </span> 
     </span>
    </p>
   </div>
  </div>
 </body>
</html>
