4888 5966
292 295 355 358 339
1035 287 1296 355 EPlsuOLAE
1321 287 1542 353 turbis-375
2223 292 2282 354 340

291 487 330 544 ut
357 485 541 555 teneamus,
575 477 630 559 qui
656 477 795 560 legitimi
825 477 893 543 sint
926 485 1057 542 nostrae
1084 476 1264 542 vocationis
1314 475 1419 540 lamus
1440 495 1483 540 ex
1504 475 1622 553 animo,
1650 476 1767 542 iratres
1788 477 1822 540 in
1844 474 1987 540 Domino
2008 475 2211 541 dilectissimi
2232 495 2283 542 eo·

291 565 431 630 finctum
454 563 610 627 nimirum
631 573 668 627 ut
678 561 742 628 Dei
760 562 861 628 verbo
879 583 935 628 cor
949 571 1096 628 nostrum
1119 569 1153 627 et
1169 581 1264 626 mens
1314 559 1572 643 lendissimique,
1602 562 1736 627 scissam
1758 582 1829 627 esse
1850 561 2001 626 nonnihil
2022 561 2190 628 ecclesiam
2213 583 2284 627 ves·

292 651 391 714 etiam
419 649 707 725 transformentur,
741 655 780 712 ut
808 648 911 732 gloria
938 648 1072 712 Domini
1106 648 1141 712 in
1169 646 1263 712 nobis
1315 653 1416 726 tram,
1445 645 1531 729 quod
1560 655 1649 712 certo
1671 655 1799 712 constet
1820 647 1994 714 schismate
2016 669 2081 712 non
2103 669 2174 712 esse
2197 645 2284 712 aliud

292 735 462 813 elucescat,
484 755 566 816 quae
587 735 622 798 in
643 735 841 817 integritate,
864 735 1059 810 innocentia,
1088 733 1263 799 sanctitate
1316 732 1406 798 virus
1429 732 1633 814 pestilentius
1662 732 1824 798 ecclesiae.
1868 732 1967 798 Certe
1988 733 2152 797 Dominus
2173 741 2284 798 noster

291 820 448 886 consistit.
492 819 558 886 Ubi
588 819 652 886 ista
675 840 743 883 nou
764 826 910 896 exstant,
939 839 1062 884 vanum
1091 827 1141 884 est
1162 839 1262 883 evan·
1314 818 1407 882 Iesus
1431 815 1584 883 Christus
1611 817 1696 881 nihil
1725 817 1860 901 perinde
1886 818 2064 884 inculcavit
2092 819 2160 884 suis
2188 827 2284 900 atque

292 905 369 990 gelii
389 925 519 984 nomen,
542 911 576 968 et
597 903 705 970 inanis
722 903 811 969 illius
831 905 996 986 professio.
1041 903 1139 984 Quod
1160 904 1263 988 igitur
1314 904 1453 968 fratrum
1480 901 1683 968 concordiam
1711 915 1744 968 ct
1771 904 1924 968 ecclesiae
1946 904 2121 980 unitatem,
2149 904 2284 968 caritate

290 991 396 1056 facere
417 991 558 1072 coepisti,
581 991 627 1054 ita
648 989 799 1071 deinceps
816 1009 1018 1072 persequere,
1041 999 1078 1054 ut
1099 1010 1180 1072 opus
1198 990 1261 1053 Dei
1313 1009 1406 1053 suam
1428 988 1586 1052 familiam
1609 1009 1668 1054 ceu
1690 999 1767 1053 nota
1788 989 1969 1055 certissima
1986 990 2026 1054 ab
2044 989 2117 1054 aliis
2135 988 2284 1056 omnibus

290 1076 475 1160 provectius
496 1077 532 1139 in
553 1083 586 1139 te
608 1074 737 1158 agnosci
760 1075 870 1156 possit.
915 1075 1041 1140 Iterum
1061 1095 1141 1140 vero
1162 1074 1262 1139 huius
1312 1074 1576 1157 interstinguens.
1611 1073 1678 1140 Sed
1698 1083 1732 1138 et
1753 1097 1811 1140 vas
1832 1075 1999 1140 electionis
2021 1074 2145 1140 Paulus
2165 1074 2207 1140 ad
2224 1074 2283 1142 hcc

290 1182 382 1226 meae
410 1160 529 1226 liberae
557 1169 589 1225 et
617 1161 762 1226 sincerae
788 1159 1019 1225 admonitionis
1046 1162 1175 1226 veniam
1205 1159 1261 1224 de·
1313 1181 1425 1225 omnes
1446 1168 1542 1225 vocat
1563 1171 1597 1225 et
1617 1159 1651 1224 id
1680 1161 1775 1226 unice
1797 1162 1832 1224 in
1860 1162 1944 1226 votis
1973 1159 2084 1238 habet,
2113 1169 2152 1224 ut
2171 1182 2282 1226 omnes

290 1267 415 1330 precor.
461 1247 511 1312 De
534 1245 694 1311 scandalis
707 1245 732 1329 ¹)
762 1245 895 1327 siquid
921 1246 1060 1328 amplius
1087 1245 1260 1324 desideras,
1312 1245 1348 1308 in
1370 1245 1503 1312 Christo
1520 1266 1623 1310 unum
1643 1245 1777 1327 sapiant.
1813 1246 1909 1323 Nam,
1932 1246 2063 1311 obsecro
2081 1267 2138 1312 vos
2156 1247 2282 1324 fratres,

290 1341 329 1397 ut
349 1343 473 1398 certam
499 1332 587 1397 viam
614 1333 700 1396 inter
729 1330 896 1396 anfractus
922 1331 1003 1396 istos
1025 1339 1151 1409 teneas,
1178 1330 1261 1396 dabo
1313 1331 1367 1408 ait,
1389 1351 1449 1414 per
1470 1351 1588 1396 nomen
1613 1331 1748 1395 Domini
1768 1333 1872 1396 nostri
1893 1331 1969 1396 Iesu
1991 1331 2117 1396 Christi
2138 1338 2177 1395 ut
2197 1331 2283 1396 idem

291 1437 438 1501 operam,
468 1425 506 1482 ut
534 1416 662 1499 plenius
683 1417 782 1481 etiam
804 1437 824 1480 a
844 1437 897 1480 me
919 1417 954 1480 in
976 1425 1143 1499 posterum
1165 1417 1260 1482 satis·
1312 1415 1491 1498 loquamini
1510 1437 1622 1481 omnes
1644 1425 1677 1481 et
1698 1438 1764 1482 non
1787 1418 1853 1481 sint
1873 1419 1960 1481 inter
1982 1438 2039 1482 vos
2061 1415 2203 1494 dissidia,
2227 1417 2282 1482 sed

291 1505 356 1568 fiat.
391 1501 445 1568 Ad
463 1523 534 1567 eam
557 1524 626 1566 rem
649 1503 799 1584 pertinet,
822 1523 920 1584 quam
939 1501 980 1566 ad
997 1510 1029 1567 te
1047 1504 1151 1579 mitto,
1175 1502 1260 1584 epis·
1313 1502 1386 1566 sitis
1415 1503 1582 1585 integrum
1608 1521 1738 1584 corpus,
1767 1502 1880 1566 eadem
1906 1511 2014 1567 mente
2047 1515 2080 1566 et
2110 1504 2279 1568 sententia.

291 1589 366 1653 tola.
411 1587 449 1654 Si
472 1588 598 1653 vacabit
620 1588 737 1671 legere,
761 1587 958 1670 appositam,
987 1597 1024 1652 ut
1049 1608 1153 1671 spero,
1176 1587 1260 1652 iudi·
1312 1587 1439 1652 Verum
1460 1588 1611 1654 inimicus
1629 1587 1744 1652 salutis
1766 1597 1897 1652 nostrae
1919 1588 1979 1652 hoc
2002 1588 2191 1671 diligentius
2208 1611 2280 1654 con·

291 1674 387 1738 cabis.
433 1673 556 1755 Scripsi
577 1675 675 1737 etiam
697 1672 842 1737 libellum
866 1671 906 1736 de
927 1672 1101 1750 scandalis,
1125 1674 1179 1755 qui
1201 1694 1261 1738 sua
1313 1672 1441 1738 cordiae
1473 1673 1644 1738 vinculum
1672 1672 1851 1740 dissolvere
1878 1674 2010 1757 satagit,
2040 1694 2104 1756 quc
2129 1674 2281 1758 intelligit

290 1760 467 1836 brevitate,
500 1767 539 1823 ut
560 1779 669 1842 spero,
699 1757 740 1822 ad
768 1767 801 1821 te
829 1757 1062 1824 consolandum
1091 1759 1167 1824 usui
1190 1778 1260 1823 esee
1312 1759 1432 1824 clarius
1465 1760 1499 1822 in
1533 1760 1658 1822 unitate
1691 1767 1724 1822 et
1751 1758 1923 1824 concordia
1954 1761 2094 1824 fratrum
2122 1781 2280 1824 summam

290 1845 422 1927 poterit,
459 1865 560 1927 quum
588 1842 780 1909 doctrinam
795 1843 901 1924 ipsam
930 1845 1010 1910 satis
1039 1845 1166 1927 copiose
1192 1844 1260 1909 illic
1312 1845 1439 1908 versari
1462 1844 1631 1927 roligionis
1658 1865 1773 1922 verae,
1803 1864 1900 1926 quam
1929 1845 1992 1910 iste
2020 1865 2188 1927 nunquam
2217 1866 2280 1909 non

285 1949 338 1994 me
361 1930 567 2011 complexum
590 1951 660 1995 esse
682 1929 876 1994 existimem.
916 1927 1080 1996 Dominus
1104 1939 1135 1993 te
1158 1930 1259 2012 respi·
1312 1930 1402 2010 cupit
1422 1929 1649 1995 labefactatam
1672 1937 1768 2012 atque
1789 1929 1989 1996 subversam.
2023 1930 2063 1994 Id
2085 1930 2171 2012 quod
2195 1929 2280 1996 haud

287 2016 351 2080 ciat
372 2015 408 2078 in
429 2018 493 2080 ista
515 2023 571 2079 toa
592 2013 790 2092 infirmitate,
820 2023 854 2078 et
875 2015 1009 2097 spiritus
1031 2017 1082 2080 sui
1100 2017 1259 2080 virtutem
1312 2014 1408 2080 dubie
1430 2023 1464 2080 ct
1485 2015 1572 2096 apud
1600 2035 1658 2081 vos
1685 2014 1835 2092 ambivit,
1864 2015 2009 2098 adeoque
2038 2023 2071 2080 et
2091 2016 2280 2097 impetravit

285 2109 376 2164 tanto
399 2101 560 2166 efficacius
583 2108 719 2176 exseret,
742 2119 823 2180 quac
845 2109 879 2163 te
897 2121 962 2164 non
981 2100 1090 2165 minus
1107 2100 1143 2163 in
1165 2101 1259 2164 domo
1312 2099 1409 2164 huius
1432 2101 1598 2178 nonnihil,
1628 2100 1713 2182 quod
1742 2108 1852 2164 tamen
1880 2121 1945 2166 non
1976 2100 2032 2166 diu
2054 2101 2223 2178 retinebit,
2253 2101 2280 2166 ei

285 2186 388 2268 ipsius
407 2186 613 2267 conspicuam
634 2184 757 2262 reddat,
789 2205 887 2266 quam
909 2187 1149 2268 inpraesentia
1172 2188 1259 2251 vitae
1312 2185 1406 2250 modo
1429 2208 1486 2250 vos
1509 2186 1548 2250 ad
1562 2186 1731 2250 Christum
1750 2207 1859 2268 regem
1882 2195 1915 2251 et
1926 2187 2103 2252 Dominum
2123 2197 2278 2265 nostrum,

286 2271 472 2336 conditione
490 2291 589 2353 supra
606 2271 783 2334 multorum
802 2279 919 2335 sortem
942 2291 1146 2336 communem
1165 2291 1258 2336 evec-
1311 2273 1366 2352 qui
1389 2271 1480 2335 illum
1503 2272 1595 2336 nobis
1618 2272 1710 2348 vicit,
1738 2272 1902 2349 conversi,
1932 2271 2046 2336 ordino
2067 2273 2202 2354 quisque
2224 2293 2279 2338 suo

286 2364 354 2421 tam
377 2356 489 2420 voluit.
535 2357 739 2438 Genavacfl)
1310 2358 1449 2420 firmiter
1468 2358 1657 2436 consistens,
1681 2357 1836 2422 adversus
1854 2357 1948 2421 illum
1966 2358 2092 2422 fortiter
2115 2359 2278 2440 pugnarit,

1311 2453 1344 2506 et
1365 2441 1477 2506 feccrit
1499 2444 1641 2508 officium
1663 2442 1748 2524 quod
1778 2443 1917 2526 singulis
1947 2465 1966 2508 a
1993 2464 2119 2507 summo
2141 2444 2278 2526 impera·

1310 2537 1379 2592 tore
1400 2529 1583 2592 iniunctum
1605 2539 1663 2592 est.
1702 2529 1816 2610 Neque
1838 2529 1925 2592 euim
1947 2531 2068 2592 frustra
2090 2528 2279 2594 dictumest

674 2649 872 2656 --—-·-
1309 2613 1350 2677 ab
1372 2613 1531 2695 apostolo:
1555 2612 1684 2678 Subditi
1703 2612 1896 2689 estoteDe0‚
1920 2616 2062 2680 resistite
2084 2625 2195 2678 autem
2213 2613 2278 2678 dia-

1309 2699 1382 2765 bolo
1404 2708 1438 2762 et
1459 2699 1562 2782 fugiet
1583 2720 1603 2762 a
1624 2701 1729 2778 vobis;
1752 2700 2095 2782 appropinquateDeo
2113 2710 2146 2764 et
2163 2721 2277 2784 apprc-

1309 2785 1479 2868 pinquabit
1500 2785 1602 2850 vobis.

733 2882 807 2954 375,
1394 2870 1485 2935 Haec
1508 2879 1617 2934 autem
1639 2881 1725 2948 sunt,
1749 2870 1874 2936 Forelle
1895 2870 1930 2934 in
1950 2868 2093 2934 Domino
2115 2870 2278 2936 carissime

170 2969 172 2974 ’
1310 2963 1344 3018 et
1360 2953 1546 3020 venerando
1566 2957 1675 3035 frater,
1698 2977 1781 3038 quae
1803 2965 1880 3034 ate,
1903 2962 1941 3019 ut
1962 2957 2104 3038 aprime
2126 2956 2277 3022 ecclesiae

285 3033 498 3102 MJNISuRI
530 3035 818 3104 TURICENSDS
846 3035 1086 3104 MINIS'PRIS
1120 3035 1257 3104 SENA·
1309 3039 1541 3106 Neccomensis
1564 3050 1703 3123 pastore,
1726 3042 1863 3124 requirit
1873 3041 2049 3106 Dominus:
2073 3051 2109 3105 ut
2131 3041 2278 3106 videlicet

377 3138 456 3204 TUI
477 3139 536 3204 ΕΤ
558 3137 745 3206 POPULO
766 3138 1170 3207 NEOOOMENSIBUS‚
1309 3147 1423 3209 pascas
1454 3147 1587 3210 gregem
1619 3127 1744 3192 Christi
1779 3148 1875 3210 quem
1909 3127 2082 3209 acquisivit
2120 3129 2277 3211 sanguine

1309 3233 1376 3288 suo,
1399 3233 1513 3294 pascas
1540 3221 1648 3276 autem
1676 3213 1775 3279 verbo
1797 3213 1945 3278 veritatis
1974 3223 2008 3276 et
2034 3213 2135 3290 vitae,
2165 3235 2202 3278 ac
2229 3235 2276 3278 se-

372 3309 574 3376 Concordiam
595 3311 922 3376 &reconciliationem
944 3313 1161 3390 emmim,
1191 3311 1257 3376 Fa.
1309 3296 1453 3362 cundum
1481 3297 1716 3363 institutionem
1744 3297 1868 3364 Christi
1899 3299 2039 3380 pastoris
2065 3299 2202 3375 summi,
2231 3298 2275 3362 di·

285 3395 397 3461 rellum
415 3395 546 3460 laudaut
568 3401 595 3459 el
616 3402 773 3474 excusant,
796 3398 960 3478 ipsumque
980 3402 1052 3462 onte
1072 3399 1177 3462 onata
1199 3419 1257 3479 op-
1309 3384 1411 3480 centis
1441 3381 1482 3447 ad
1510 3383 1670 3465 al>⁰Sl⁰¹os
1699 3405 1788 3448 ⁸¹¹0&
1823 3383 1880 3449 31⁰
1912 3385 2081 3481 PPOrtflbsti
2111 3383 2276 3481 Christum

278 3481 398 3563 pelium
419 3487 454 3546 ut
474 3482 559 3545 mam
575 3482 667 3561 pacis
688 3483 819 3563 aperiat,
1280 3521 1284 3554 ,
1308 3475 1377 3550 patr
1399 3475 1433 3533 et
1453 3489 1624 3552 resurgere
1646 3491 1665 3532 a
1687 3470 1824 3534 mortuis
1847 3478 1942 3534 tertio
1964 3468 2025 3542 die,
2048 3477 2081 3533 et
2097 3469 2276 3552 praedicari

1308 3554 1442 3617 nomine
1464 3554 1534 3619 eius
1561 3555 1794 3636 poenitentiam
1823 3575 1860 3619 ac
1888 3555 2111 3619 remissionem
2132 3563 2275 3637 peccato·

285 3651 396 3716 (Exstat
418 3651 447 3702 in
470 3651 577 3703 Archiv.
602 3651 792 3704 'l'uriccnsibus
818 3669 868 3721 per
891 3669 1081 3724 amanuensem
1104 3653 1256 3723 Bullingeri
1308 3659 1391 3704 rum.
1424 3641 1527 3704 Porro
1545 3641 1601 3723 qui
1619 3662 1695 3704 vere
1715 3639 1807 3706 docet
1825 3640 2067 3723 poenitentiam,
2089 3641 2119 3705 is
2137 3641 2274 3722 profecto

284 3719 533 3788 scriptaPlut.V1.
553 3719 611 3772 Vol.
632 3719 681 3772 ¹⁰5
698 3721 762 3800 clim
780 3721 849 3790 ΕΡΡ·
869 3721 1001 3776 T·1·s⁰¹·
1021 3721 1079 3775 337.
1099 3751 1131 3761 -
1150 3723 1255 3776 simler.
1308 3727 1553 3790 conversionem
1575 3724 1616 3790 ad
1633 3725 1752 3804 Deum,
1773 3727 1979 3790 eversionem
2000 3735 2109 3790 autem
2131 3726 2172 3791 ab
2190 3725 2275 3790 omni

455 3787 517 3841 V⁰¹·
535 3785 576 3840 5⁰·
613 3788 840 3855 Cl.K1rchh0ser,
859 3789 990 3844 Fffl'lss'
1009 3789 1066 3856 ⁴¹³
1307 3811 1393 3874 malo
1416 3823 1449 3876 et
1471 3833 1490 3876 a
1518 3811 1692 3876 sceleribus
1719 3813 1978 3878 constantissime
2000 3811 2129 3876 suadet:
2166 3833 2274 3894 quem-

1308 3895 1482 3962 admodum
1504 3896 1653 3962 videmus
1679 3898 1778 3962 fuisse
1799 3897 1956 3962 loannem
1979 3897 2162 3978 Baptistam
2185 3918 2275 3980 prae-

282 3974 499 4041 Fidelissimis
521 3975 730 4040 ecclesiarum
751 3977 920 4056 ministris,
949 3979 1127 4056 Praefecto,
1151 3978 1254 4044 Sena·
1308 4003 1472 4048 cursorem
1494 3981 1638 4048 Domini.
1682 3984 1772 4066 Ergo
1795 3983 1931 4058 scelera,
1960 3981 2069 4064 qualia
2096 3989 2131 4046 et
2158 3991 2275 4064 quanta

282 4062 331 4125 tui
352 4063 483 4145 utrique
505 4061 626 4144 totique
644 4063 764 4144 populo
782 4063 868 4145 apud
879 4065 1078 4130 Neocomum
1100 4066 1255 4130 fratribus
1308 4068 1383 4146 sint,
1407 4075 1520 4134 exacte
1543 4067 1704 4134 describat
1725 4079 1758 4133 et
1780 4069 1899 4133 diserte
1921 4077 2052 4133 accuset
2073 4075 2170 4150 atque
2187 4065 2274 4132 dam·

400 4168 437 4212 ac
459 4148 611 4212 Dominis
633 4148 808 4212 carissimis
830 4149 1139 4232 colendissimisque.
1307 4163 1364 4216 net
1385 4174 1517 4218 necesse
1537 4163 1595 4232 est,
1618 4155 1765 4237 quisquis
1786 4175 1863 4218 vere
1880 4163 1914 4218 et
1930 4153 2108 4218 secundum
2129 4153 2274 4237 regulam

1308 4238 1432 4304 Christi
1454 4241 1688 4321 poenitentiam
1711 4239 1883 4322 praedicat.
1916 4239 1982 4304 Ubi
2001 4239 2091 4303 enim
2112 4240 2193 4304 vitia
2210 4239 2274 4302 vir·

1308 4334 1419 4388 tutum
1440 4324 1600 4390 inducunt
1621 4325 1788 4404 vocabula
1810 4325 1856 4389 ibi
1877 4345 1934 4408 pro
1956 4323 2134 4390 virtutibus
2155 4323 2274 4390 scelera

1307 4419 1462 4493 regnant,
1493 4423 1525 4474 et
1553 4410 1610 4475 ubi
1636 4411 1772 4476 foeditas
1794 4411 1968 4476 criminum
1990 4431 2057 4474 non
2079 4411 2273 4493 agnoscitur,

310 4503 411 4562 antis
441 4505 466 4566 1)
485 4505 546 4558 cicc
563 4521 634 4572 pecc
650 4507 853 4560 mortuimaris
869 4506 960 4573 fronte
976 4507 1061 4561 tuias
1078 4509 1216 4576 epictom
1307 4495 1353 4558 ibi
1375 4519 1395 4560 a
1423 4497 1615 4562 criminibus
1645 4495 1820 4562 disceditur
1843 4493 1976 4561 tardius.
2022 4496 2107 4560 Nam
2129 4495 2273 4562 scelerati

389 4572 418 4628 2⁸
439 4571 483 4625 De
501 4579 588 4627 aetate
605 4575 736 4643 epistolae
760 4575 818 4629 mm
835 4576 904 4629 ⁸⁰2ss
922 4577 1051 4630 ciaimcs.
1086 4577 1149 4630 11⁰⁰
1166 4585 1256 4632 umen
1307 4601 1373 4644 non
1392 4581 1589 4665 intelligunt,
1608 4593 1675 4646 tam
1694 4603 1844 4664 spurcam
1862 4603 1932 4647 esse
1949 4581 2051 4646 vitam
2069 4601 2163 4645 suam
2180 4601 2272 4664 quum

285 4640 444 4778 mma-{23
461 4640 1029 4793 ssn'ffifflffipmfflnffi
1044 4646 1256 4772 amm&
1307 4688 1422 4766 revera
1449 4675 1499 4734 est
1526 4669 1562 4732 in
1593 4677 1767 4750 conspectu
1796 4667 1939 4732 Domini.
1991 4664 2162 4746 Quomodo
2189 4666 2273 4732 enim

285 4785 311 4832 ,t
327 4794 427 4833 mm„
446 4778 571 4832 pm„
587 4796 644 4834 ,m
661 4783 759 4836 adduc
777 4783 832 4836 gp,-
854 4789 879 4836 π
897 4783 967 4837 am·
984 4785 1185 4851 mmmm
1202 4787 1254 4839 da
1306 4753 1495 4851 1ntelligant
1520 4777 1563 4819 ex
1584 4753 1671 4819 civili
1694 4763 1727 4818 et
1747 4752 1925 4850 involucris
1946 4752 2095 4818 obvelato
2118 4771 2272 4828 sermone,

285 4847 359 4900 Mum
377 4863 483 4902 movere
502 4849 618 4914 poterit,
643 4867 725 4916 pmcn
748 4853 899 4906 cucumae
921 4868 978 4906 cce
999 4853 1036 4906 cit
1054 4853 1199 4908 Galcimm
1217 4855 1255 4908 ad
1307 4859 1369 4903 mer
1391 4839 1542 4904 minister
1562 4839 1713 4921 loquatur
1733 4837 1866 4916 diserte,
1896 4857 1933 4902 ao
1961 4839 2042 4904 ficus
2063 4839 2160 4918 ficus,
2191 4835 2272 4920 quod

286 4915 437 4970 marram
455 4917 523 4970 cccc
541 4919 706 4985 mpliyenor
722 4921 873 4988 compsisse.
909 4922 943 4976 Sc·
954 4927 1045 4975 lamec
1061 4939 1160 4976 cmm
1176 4924 1255 4978 ccco
1306 4933 1339 4988 et
1360 4925 1532 5006 proverbio
1554 4924 1750 5002 celebratur,
1784 4923 1928 5008 ligonem
1949 4923 2091 5007 ligonem
2114 4919 2270 5006 appellet?

284 4987 481 5122 mmm
494 4987 919 5126 mressrgssmzeml
925 4991 1254 5128 wpfgmdm
1306 5009 1500 5094 Colligimus
1517 5030 1594 5092 ergo
1612 5021 1742 5074 tuarum
1753 5011 1896 5094 partium
1911 5029 1991 5088 esse,
2003 5008 2128 5074 Fareue
2145 5010 2272 5093 optime,

284 5121 423 5176 musicas
441 5125 577 5178 cocscrun·
600 5123 737 5192 mim,
762 5144 848 5196 „ew
869 5129 944 5182 ultra
963 5130 1072 5198 pm
1090 5130 1254 5185 Novembris
1305 5103 1553 5194 peccata'atquue
1575 5093 1696 5160 scelera
1717 5096 1829 5179 populi
1849 5095 1968 5160 diserte
1986 5103 2019 5194 et
2040 5095 2122 5160 citra
2144 5093 2272 5193 inrclu·

284 5190 342 5244 dics
359 5191 420 5244 cicc
436 5193 566 5246 mulitia
579 5207 663 5262 perce
679 5193 792 5258 differs-t.
1305 5203 1410 5260 crum,
1440 5189 1573 5245 1nterrm
1602 5189 1713 5246 tamen
1740 5203 1815 5248 cum
1843 5179 2017 5264 prudentra
2043 5189 2077 5245 et
2103 5187 2271 5264 gravitate,

368 4283 519 4350 Gratiam
542 4293 576 4350 et
597 4284 684 4350 vitae
704 4283 926 4352 innocentiam
948 4306 968 4350 a
989 4287 1140 4351 Domino.
1186 4285 1255 4350 Do-
