4898 5970
963 265 983 319 t
1021 257 1102 320 1544
1125 251 1321 320 AUGUS'P.

631 363 652 407 ο

627 439 702 512 att.

425 577 669 646 GESNERUS
691 577 904 645 OALVINO.

264 747 461 816 mmmmm
489 751 628 816 iacerem
648 748 808 830 pamiae
835 747 937 830 filiam
964 750 1020 832 qai
1052 749 1147 816 Gerre-

178 855 247 900 nam
276 841 311 900 ut
342 836 489 920 patticam
517 836 658 918 linprram
691 836 805 900 metat
832 856 854 900 a
880 841 972 917 patre
1002 836 1145 902 mittitur.

177 919 396 1072 gibr'srplrriidpr'pdit
411 942 490 1002 opas
507 942 600 988 ειιιιιιι
617 921 869 1000 νωιιιιὶεείιιιιιιιι,
891 921 1028 986 ιιοιιάιιιιι
1044 925 1147 986 tamen

313 1177 369 1244 (Ex
387 1177 554 1248 autographo
572 1177 635 1232 Cod.
654 1177 772 1232 Gotbeni
789 1175 849 1244 404,
866 1179 912 1232 tol.
930 1175 1004 1245 tat.)

259 1365 450 1432 Clarissimo
471 1367 541 1431 viro
563 1366 604 1432 D.
628 1364 744 1430 Ioanni
766 1365 905 1432 Calvino
927 1365 1057 1431 domino
1085 1385 1146 1431 suo

176 1451 399 1518 colendissimo
421 1452 573 1518 eeclesiae
594 1452 745 1518 ministro
766 1451 854 1517 fideli
891 1538 923 1605 G

925 1559 1057 1604 suevae.

259 1674 294 1741 S.
331 1675 495 1741 Mercator
524 1675 655 1757 quidam
687 1674 890 1741 Genevensis
912 1674 1015 1739 tilium
1047 1695 1143 1740 suum

175 1759 239 1826 hue
261 1761 302 1826 ad
322 1782 382 1826 nos
407 1762 569 1825 missurus
597 1771 647 1825 est
673 1759 804 1843 linguae
832 1760 1003 1826 discendae
1025 1760 1142 1844 gratia,

175 1857 207 1912 ot
233 1847 268 1910 in
297 1847 366 1912 eius
394 1847 500 1912 locum
529 1857 720 1928 recepturus
751 1847 909 1928 patruelis
935 1846 1001 1910 mei
1027 1845 1142 1909 itidem

173 1933 361 1998 mereatoris
381 1933 495 1998 filium.
540 1930 608 1997 Sed
629 1933 783 2014 quoniam
801 1939 833 1995 et
849 1931 1038 1996 mereatoris
1055 1931 1142 1994 illius

172 2038 293 2082 nomen
314 2019 445 2102 ignoro,
476 2027 510 2082 et
537 2016 652 2100 galline
679 2017 764 2081 nihil
786 2027 843 2082 aut
863 2017 1004 2100 pessime
1026 2016 1140 2094 scribo,

173 2103 231 2168 tibi
253 2101 410 2170 molestus
431 2125 502 2168 esse
524 2123 629 2186 cogor.
674 2103 769 2186 Rogo
795 2111 829 2166 te
850 2103 951 2186 igitur
977 2111 1015 2166 ut
1035 2103 1142 2167 civem

172 2189 265 2253 illum
288 2199 444 2268 vestrum,
474 2189 566 2253 ouius
587 2209 707 2253 nomen
730 2209 773 2252 ex
795 2188 849 2252 illo
872 2189 983 2252 audies
1005 2189 1060 2270 qui
1082 2187 1142 2252 has

172 2273 231 2338 tibi
253 2274 355 2340 tradit
376 2284 410 2340 et
430 2295 567 2360 puerum
590 2285 739 2338 nostrum
762 2294 872 2338 seeum
895 2270 1038 2348 adducit,
1066 2293 1141 2337 noe·

171 2368 224 2424 tro
246 2363 380 2425 nomine
402 2362 577 2425 convenias
603 2371 636 2424 et
657 2360 797 2424 horteris
824 2367 862 2422 ut
882 2380 979 2424 curae
1000 2357 1059 2422 sibi
1083 2357 1142 2422 ha·

171 2445 247 2510 beat
268 2446 371 2510 filium
393 2446 549 2528 patruelis
566 2447 640 2522 mci,
662 2465 762 2527 quum
780 2444 870 2524 alias,
892 2453 962 2508 tum
979 2443 1016 2508 in
1033 2442 1142 2508 addis-

171 2531 274 2596 cenda
295 2531 409 2615 lingua
430 2531 556 2614 gallica.
595 2531 716 2596 Latina
738 2530 826 2594 enim
847 2549 928 2611 opus
950 2528 1140 2594 nonhabet.

170 2618 217 2682 Et
239 2618 266 2682 si
288 2627 324 2682 tu
351 2619 436 2682 forte
463 2637 522 2700 per
550 2617 751 2682 occasionem
779 2615 922 2697 aliquam
949 2615 1141 2698 magistrum

171 2702 300 2769 scholae
322 2701 363 2768 ad
392 2724 489 2785 quam
518 2701 696 2766 mittendus
718 2711 768 2764 est
789 2701 934 2778 noveris,
965 2699 995 2764 oi
1022 2720 1142 2782 quaeso

169 2809 306 2872 puerum
330 2787 562 2854 commendato.
607 2787 771 2852 Patruelis
788 2806 890 2864 meus,
913 2786 967 2868 qui
985 2785 1088 2850 bonus
1109 2792 1142 2849 et

170 2875 329 2940 honestus
351 2875 402 2940 vir
423 2883 482 2951 est,
505 2873 649 2938 vicissim
677 2893 744 2936 non
771 2873 913 2954 patietur
940 2871 1019 2952 quin
1040 2870 1142 2936 vestri

169 2960 358 3026 mereatoris
379 2960 445 3024 filio
467 2958 571 3024 modis
592 2958 743 3023 omnibus
764 2956 991 3040 prospiciatur.

255 3045 348 3112 Haec
369 3045 536 3111 haetenus.
569 3044 716 3110 Ecclesia
734 3053 847 3108 nostra
864 3041 930 3106 Dei
947 3042 1053 3125 gratia
1074 3062 1140 3105 non

171 3130 303 3214 quidem
324 3133 446 3214 optime
467 3129 524 3195 sed
545 3128 751 3195 mediocriter
777 3129 859 3194 bene
881 3127 995 3204 babet,
1024 3126 1140 3191 saltem

169 3237 238 3281 non
261 3217 403 3282 deterius
424 3237 521 3299 quam
539 3216 687 3292 antehac,
710 3213 794 3298 quod
813 3213 923 3278 sciam.
957 3213 1008 3278 De
1030 3223 1141 3278 vestra

169 3302 347 3367 multorum
385 3301 470 3366 bona
507 3300 693 3366 testimonia
725 3299 864 3364 libenter
902 3297 1068 3376 audimus,
1108 3311 1141 3362 et

169 3388 279 3454 Deum
308 3397 372 3470 opt.
402 3409 489 3451 max.
517 3408 647 3451 oramus
675 3394 712 3450 ut
740 3387 895 3450 continuo
923 3385 958 3448 in
984 3384 1139 3448 honorem

170 3495 266 3538 suum
287 3495 347 3538 vos
368 3483 500 3538 tueatur
521 3481 553 3538 et
574 3481 770 3555 promoveat
807 3470 899 3535 Vale.
944 3469 1060 3554 'ligari
1078 3471 1137 3532 28⁰

171 3559 222 3624 dia
244 3560 387 3644 Augusti
412 3565 502 3623 1544.

446 3696 537 3759 Tuus
559 3717 601 3760 ex
618 3695 726 3760 animo
748 3691 918 3760 Conradus
940 3693 1117 3758 Gesnerue.

255 3901 352 3966 Mitto
374 3902 537 3984 specimen
565 3900 685 3965 laboris
708 3919 783 3964 nos·

170 3988 214 4052 tri
227 3991 251 4062 ¹)
274 3989 367 4052 auius
380 3988 446 4052 iam
469 3987 553 4051 bona
572 4005 646 4069 pars
665 4005 784 4050 excusa

171 4081 236 4150 ast,
266 4081 299 4136 ct
320 4073 414 4156 cupio
436 4073 493 4138 abs
514 4080 547 4136 te
569 4071 686 4137 rescire
709 4080 784 4134 tuas

169 4157 418 4233 lucubrationes,
441 4159 468 4223 si
491 4177 574 4241 quae
593 4167 678 4234 sunt,
702 4175 783 4238 quas

169 4245 357 4328 ignoremus
379 4241 501 4321 adbuc,
530 4251 563 4308 et
588 4261 668 4324 quas
690 4241 784 4305 brevi

170 4329 318 4394 editurus
336 4329 389 4409 sis,
408 4337 447 4394 ut
463 4329 536 4394 illas
547 4327 686 4394 suoloco
698 4347 783 4391 com·

168 4435 395 4480 memoremus.

169 4571 358 4582 --———--.

186 4671 251 4733 570.
271 4671 297 4738 1)
317 4669 484 4726 Bibliotheca
506 4670 666 4724 universalis
683 4687 705 4724 e.
724 4667 868 4736 Oetelogoe
891 4667 1008 4722 omnium
1026 4669 1139 4736 scripto·

170 4759 228 4794 rum
258 4741 483 4809 locupletissimus
512 4740 540 4791 in
569 4741 657 4792 tribus
685 4739 783 4807 linguis
807 4737 893 4790 latina
918 4751 1014 4806 graeca
1038 4745 1067 4788 et
1093 4737 1138 4788 be·

169 4811 262 4863 braiea
279 4811 442 4862 exoteutium
462 4815 489 4861 et
506 4825 560 4860 non
578 4808 743 4862 exstantiam
762 4811 882 4860 veterum
907 4815 935 4858 et
952 4805 1137 4858 recentiorum.

170 4878 265 4948 Tiguri
282 4878 457 4932 Froeehover.
485 4873 617 4929 1545101.

1652 439 1723 510 571.

1423 575 1625 643 Vquuus
1649 577 1945 645 GUAL'PHERO.

1287 747 1368 828 Quas
1405 749 1588 814 Tarieeaeee
1622 751 1884 830 ammentante,
1916 751 1943 814 ii
1976 751 2167 818 Laecam

1199 853 1260 897 non
1280 834 1412 899 muttum
1428 835 1633 916 profeeemat,
1655 855 1749 915 quam
1765 837 1865 918 pertis
1886 841 2069 902 dannonae
2085 839 2167 903 cari

1198 922 1250 982 tas
1270 924 1392 997 venant,
1415 917 1484 984 beiti
1504 939 1645 984 rumores
1664 941 1848 1002 arqrensam
1864 927 1969 986 tenera.
2013 921 2067 986 Ea
2091 922 2167 990 Gai-

1198 1003 1245 1068 tia
1265 1004 1396 1068 meliora
1413 1006 1609 1070 nandcntar.
1643 1005 1685 1069 In
1699 1005 1872 1071 Gerrnam'a
1893 1007 2042 1088 inferiore
2060 1007 2166 1073 Liber·

1197 1089 1258 1153 tini
1278 1110 1354 1170 quoe
1374 1091 1482 1156 dietant
1502 1093 1684 1156 astiterant
1704 1113 1816 1156 nonam
1833 1097 1860 1156 et
1877 1093 2049 1158 detestabile
2070 1091 2166 1159 bortri-

1197 1195 1273 1238 raam
1292 1195 1397 1259 patus,
1420 1182 1526 1241 contra
1546 1195 1624 1257 quos
1646 1175 1798 1242 Galatam
1816 1178 1991 1260 scripturae
2010 1185 2062 1244 eat.

1199 1345 1254 1411 (Ex
1273 1345 1440 1416 autographo
1458 1347 1564 1399 Archiv.
1583 1347 1671 1401 Turio.
1690 1347 1817 1402 Procul.
1837 1348 1888 1402 rol.
1909 1347 1958 1401 lta
1975 1349 2040 1403 olim
2057 1350 2126 1419 Epp.
2144 1355 2164 1404 t.

1427 1413 1469 1482 24,
1486 1415 1532 1470 tol.
1548 1413 1608 1468 229.
1627 1443 1658 1455 -
1679 1415 1783 1470 Simler.
1802 1416 1864 1470 Vol
1882 1415 1939 1483 bb.)

1282 1602 1450 1686 Singulari
1472 1602 1654 1668 eruditione
1673 1625 1711 1670 ac
1742 1604 1864 1686 pietate
1893 1605 2100 1670 ornatissimo
2121 1603 2164 1671 D.

1196 1687 1367 1772 Redolpbo
1379 1687 1564 1754 Gualthero
1583 1689 1788 1755 ecclesiastae
1800 1689 1958 1775 Tigurino
1976 1690 2165 1757 fidelissimo

1194 1775 1288 1838 fratri
1311 1785 1343 1838 et
1365 1775 1468 1840 amico
1486 1775 1678 1840 suavissimo

1912 1861 2035 1946 uigori.

1280 1995 1314 2062 S.
1337 1997 1411 2061 Non
1429 1997 1592 2079 potuimus
1610 1996 1671 2080 piis
1691 1996 1845 2062 iratribus
1866 2018 1946 2080 quos
1965 1997 2059 2063 nobis
2077 2018 2164 2064 oom-

1193 2081 1372 2146 mendastie
1394 2082 1535 2146 multum
1557 2085 1711 2147 conterre.
1755 2083 1982 2148 Praestitimus
2004 2082 2090 2166 quod
2111 2106 2166 2167 po-

1194 2169 1332 2246 tuimus,
1361 2167 1456 2250 plura
1476 2169 1664 2250 praestituri
1693 2169 1722 2232 si
1747 2167 1824 2251 quid
1847 2169 1934 2251 apud
1963 2191 2022 2234 uos
2050 2171 2165 2236 suisset

1194 2253 1351 2318 eximium
1373 2263 1471 2336 atque
1492 2263 1605 2335 aptum
1634 2255 1723 2336 operi
1751 2253 1835 2337 quod
1864 2256 1915 2320 vir
1942 2254 1998 2320 ille
2020 2254 2124 2322 bonas
2139 2257 2164 2340 ¹)

1193 2338 1229 2402 in
1262 2338 1367 2402 lucam
1399 2339 1612 2404 emittendum
1644 2346 1747 2422 parat.
1793 2337 1841 2403 Ab
1873 2360 1911 2405 eo
1942 2339 2054 2405 audies
2085 2339 2165 2424 quid

1192 2423 1336 2489 inveniri
1362 2425 1514 2506 potuerit.
1558 2425 1627 2490 Vix
1655 2445 1792 2508 usquam
1819 2423 1930 2491 vidisti
1957 2427 2078 2492 nostris
2105 2427 2163 2492 ho·

1192 2509 1336 2574 minibus
1368 2509 1453 2574 ullos
1488 2509 1741 2594 negligentiores
1773 2521 1830 2574 aut
1862 2511 1966 2594 magis
2006 2512 2164 2578 bonarum

1193 2593 1313 2657 artium
1336 2603 1583 2677 contemptores.
1621 2593 1659 2660 Si
1680 2597 1862 2678 praefectus
1883 2597 1918 2660 in
1938 2595 2018 2663 urbe
2039 2598 2163 2678 fuisset,

1192 2680 1301 2744 forsan
1323 2679 1418 2760 plura
1439 2689 1473 2742 et
1495 2680 1635 2744 certiora
1656 2680 1791 2746 inventa
1811 2682 1960 2748 fuissent.

1279 2763 1327 2828 De
1348 2763 1444 2828 rebus
1467 2765 1587 2830 nostris
1611 2765 1694 2828 nihil
1720 2775 1770 2830 est
1798 2766 1882 2848 quod
1911 2765 2006 2832 valde
2028 2767 2164 2852 dignum

1193 2850 1316 2932 scriptu
1338 2870 1496 2914 censeam.
1540 2848 1593 2914 De
1615 2849 1706 2914 bellis
1727 2851 1825 2915 multi
1852 2851 2033 2917 audiuntur
2053 2877 2163 2920 rumo-

1193 2956 1246 3001 res
1268 2933 1325 3000 sed
1346 2955 1457 2999 omnes
1487 2935 1569 3000 varii
1591 2943 1624 2999 et
1644 2935 1769 3000 incerti.
1814 2934 1961 3018 Quisque
1983 2937 2043 3002 sibi
2067 2940 2163 3024 fingit

1193 3021 1277 3104 quod
1299 3021 1368 3103 ipse
1389 3029 1495 3102 optat,
1524 3029 1558 3084 ct
1580 3019 1718 3084 libenter
1739 3018 1842 3086 credit
1861 3021 1946 3103 quod
1968 3024 2069 3104 cupit:
2100 3045 2163 3106 quo

1192 3109 1230 3172 fit
1252 3115 1290 3172 ut
1310 3106 1405 3188 pauci
1422 3106 1633 3170 inveniantur
1659 3106 1750 3190 digni
1772 3106 1890 3189 quibus
1911 3105 1992 3172 fides
2015 3107 2163 3173 habenda

1193 3194 1243 3258 sit.
1288 3193 1406 3271 Pestis,
1428 3213 1511 3274 quae
1533 3190 1625 3256 nobis
1647 3191 1795 3257 inducias
1815 3190 1965 3268 dederat,
1995 3193 2162 3260 recrudes-

1192 3279 1245 3343 cit.
1289 3278 1390 3341 Faxit
1411 3278 1572 3342 Dominus
1594 3287 1633 3341 ut
1655 3277 1787 3342 tandem
1808 3287 1857 3342 tot
1877 3277 1982 3361 plagis
2004 3276 2162 3344 admoniti

1191 3365 1426 3446 resipiscamus.
1470 3362 1576 3428 Valde
1598 3364 1700 3446 pressi
1729 3363 1851 3428 fuimus
1880 3363 1941 3428 hoc
1969 3383 2054 3428 anno
2083 3365 2163 3430 cari·

1192 3459 1259 3514 tate
1281 3469 1440 3524 annonae,
1451 3448 1478 3532 ²)
1500 3469 1561 3514 nec
1581 3449 1687 3514 multo
1704 3449 1942 3516 foecundiorem
1960 3471 2050 3532 spem
2068 3451 2161 3516 nobis

1191 3535 1361 3618 proximus
1382 3533 1561 3618 pollicetur.
1606 3535 1734 3618 Urgent
1754 3535 1891 3618 penuria
1912 3543 1945 3599 et
1966 3536 2077 3618 pestis,
2099 3536 2161 3600 im·

1191 3621 1318 3684 minent
1344 3619 1546 3684 atrocissima
1569 3621 1654 3686 bella
1681 3633 1714 3684 et
1744 3621 1799 3685 vix
1826 3630 1936 3684 tamen
1964 3623 2160 3705 expergisci·

1191 3727 1273 3770 mur.
1319 3705 1436 3770 Gallus
1461 3705 1548 3768 iuter
1575 3705 1635 3770 hos
1660 3705 1793 3772 bellicos
1819 3717 1928 3772 motus
1955 3707 2058 3771 multa
2086 3729 2160 3772 eon·

1190 3792 1289 3857 cessit
1309 3791 1462 3854 iratribus
1482 3790 1790 3877 Prouincialibus,⁸)
1817 3793 1905 3856 inter
1926 3813 2006 3875 quos
2028 3792 2161 3875 plurimi

1191 3885 1269 3942 suut
1291 3897 1332 3939 ex
1354 3875 1516 3941 veteribus
1538 3876 1766 3942 Veliensibus.
1810 3877 1927 3942 Vetuit
1949 3879 2097 3960 persequi
2120 3878 2160 3943 ob

1191 3962 1381 4045 religionem
1404 3983 1608 4046 quemquern,
1630 3961 1687 4028 sed
1704 3963 1799 4028 iussit
1816 3963 1857 4027 ad
1879 3964 2045 4046 privatum
2063 3983 2162 4029 suum

1209 4202 1272 4260 571.
1290 4203 1319 4262 lt
1339 4198 1669 4268 nequamneuam
1689 4201 1725 4268 fio
1743 4200 1964 4268 Barcbsaiieare,
1983 4201 2031 4268 qut
2049 4219 2075 4255 a.
2093 4201 2160 4256 1500

1190 4275 1284 4336 natas,
1303 4269 1482 4334 Landaoioe,
1502 4267 1636 4334 Darium,
1673 4269 1810 4322 'etmarias
1827 4275 1852 4322 et
1869 4269 2049 4337 Arperrtcrati
2065 4272 2158 4324 aame-

1190 4355 1251 4392 ram
1270 4337 1375 4392 ιοΙιοὶιιι
1392 4337 1464 4391 adiit
1482 4337 1606 4405 quaranta
1614 4353 1720 4391 aemma
1737 4343 1901 4406 paupertate
1918 4353 2075 4406 oppressus,
2091 4354 2158 4407 pae-

1190 4413 1235 4462 tea
1259 4406 1455 4474 Heidelberpae
1480 4412 1505 4460 et
1533 4405 1668 4472 Fridarpi
1692 4406 1836 4460 altioribus
1867 4407 1967 4462 stadiis
1993 4408 2101 4462 adeas
2133 4413 2159 4462 et

1190 4477 1307 4530 marim
1324 4475 1472 4542 historicis,
1491 4475 1600 4528 tandem
1625 4475 1673 4528 nia
1693 4481 1885 4543 praetentatus
1904 4482 2003 4544 pastor
2019 4477 2111 4542 faetere
2127 4478 2159 4531 ia

1190 4546 1249 4600 nico
1272 4545 1440 4612 Bubiaonp
1478 4543 1490 4596 i
1515 4543 1686 4610 Tariaeneie,
1715 4545 1787 4598 inter
1809 4545 1915 4614 primm
1938 4546 2158 4610 resonantiam

1190 4613 1331 4680 amltemrs
1353 4618 1399 4666 eat.
1477 4613 1591 4666 renitor
1613 4611 1769 4666 Mnesterem
1795 4613 1881 4667 edidit
1904 4631 1931 4667 a.
1959 4613 2037 4680 lota,
2059 4619 2158 4682 postea

1190 4683 1225 4736 ab
1246 4683 1337 4749 ipsius
1359 4681 1415 4750 filio
1439 4687 1464 4734 et
1487 4679 1598 4735 Wasero
1624 4683 1812 4735 continentum
1835 4687 1860 4736 et
1884 4698 1931 4736 eae
1958 4683 1997 4736 ‘ae
2019 4681 2157 4736 iteratam.

1194 4749 1267 4805 Obiit
1284 4769 1312 4804 a.
1334 4752 1406 4804 lbet.
1444 4748 1810 4818 <t.Hottin9erKG.1H
1833 4751 1875 4804 83.
1946 4751 2029 4805 ueta
2051 4751 2078 4806 I.
2098 4751 2156 4805 100.

1291 4821 1321 4878 a)
1338 4819 1484 4872 memma
1500 4817 1533 4886 te
1551 4817 1717 4888 Mereor
1732 4841 1761 4886 μ.
1779 4821 1839 4873 aaa.

1189 4954 1223 5009 a
1239 4887 1851 5012 attrectassent».
1868 4893 1935 5010 Ἄ
1948 4887 2042 5012 et.
2049 4887 2155 5024 at·

1189 5024 1322 5093 siquidem
1347 5043 1366 5079 a
1386 5029 1567 5093 procuratore
1591 5026 1666 5093 rapio
1694 5041 1784 5080 meree
1806 5025 1945 5080 Ianuaria
1970 5026 2037 5080 lete
2062 4997 2157 5080 lierni

1190 5097 1288 5148 marae
1304 5094 1419 5160 taem
1436 5095 1530 5158 priora
1546 5099 1573 5148 et
1589 5095 1727 5150 emerima
1743 5094 1832 5148 edida
1849 5095 2049 5162 eoafimmrates,
2075 5095 2156 5150 cuiae

1188 5163 2057 5234 reiproecamriepronotarfaitttardinaliedet'aarnera
